3974 5778
885 124 969 214 cap.
996 123 1107 200 nvn.
1620 109 1702 216 309
1768 137 1770 142 ·
1853 83 1854 86 ‘

294 342 539 454 dipersinnes
568 341 750 428 ordinem
773 343 1053 449 psnlrnodine,·
1095 371 1201 431 renerio
1236 346 1286 429 de
1312 347 1562 452 reponentibus
1591 347 1703 431 lroris
1797 408 1811 430 κ
1895 337 1898 344 ’

294 477 548 575 victorinum,
566 473 712 558 Prinne
745 475 846 561 liora
885 475 1075 560 dicontur
1106 475 1260 580 psalmi
1290 481 1372 560 tres
1399 479 1638 592 sinpitlntiru
1667 486 1702 564 et

293 633 369 693 non
408 603 481 688 snt
517 631 599 688 cerro
631 605 797 710 Gloria,
839 609 1010 717 lrpnrrncs
1041 605 1217 713 ejusdem
1245 607 1367 692 leorae
1394 593 1490 714 post
1517 637 1698 696 ocrsrun:

298 734 488 822 ›Densin
509 735 756 841 adjutorium:
778 765 908 824 nocerem
928 739 1123 838 intende«
1150 746 1360 854 autequam
1375 739 1531 845 psalmi
1553 741 1701 847 incipi-

292 871 423 954 nntnr.
502 865 602 952 Post
639 869 902 974 expletionem
937 895 1028 954 nero
1062 871 1185 954 trino:
1227 868 1478 974 posrdmornrn
1517 873 1702 958 recitetur
1801 925 1804 932 ·

292 997 402 1084 lectio
429 1024 532 1098 noea,
562 1023 702 1083 :uersus
730 1006 767 1084 et
795 1003 930 1107 Kpric
957 1001 1117 1106 eleison,
1155 1007 1192 1085 et
1220 1003 1369 1088 neissae
1396 1007 1500 1086 serint.
1561 1001 1700 1086 Tertia

217 1139 223 1150 '
290 1153 401 1230 cero,
442 1135 556 1212 serta
595 1134 632 1212 et
665 1155 773 1214 :ronna
808 1134 941 1216 eodem
977 1133 1117 1216 ordine
1146 1131 1382 1225 celebretur:
1419 1132 1568 1234 oratio,
1609 1135 1637 1217 i.
1666 1161 1699 1220 e.

291 1283 439 1360 versere,
466 1258 606 1366 tyrreni
626 1263 845 1346 enrnnnlern
863 1261 1066 1363 tororum,
1089 1263 1195 1348 terni
1205 1263 1374 1369 psntrni,
1399 1262 1523 1362 lee'tio,
1548 1291 1698 1364 cerens,

292 1387 423 1498 Kprie
450 1387 596 1474 eleison
630 1399 667 1476 et
693 1391 845 1476 creissac
872 1379 977 1476 snut.
1654 1461 1657 1469 .

399 1517 560 1603 Missae
580 1521 739 1606 derebus
762 1523 893 1607 nrodis
911 1522 1154 1634 intelligunt
1168 1525 1393 1634 salnieutes:
1414 1525 1518 1629 fiand
1537 1522 1699 1625 inissem,

291 1652 316 1738 i.
333 1680 365 1738 e.
390 1653 494 1733 liant
515 1649 815 1752 absolutiones:
846 1654 929 1740 sire
950 1653 1032 1739 alio
1049 1656 1171 1740 modo
1187 1654 1379 1740 dicuntur
1400 1656 1549 1738 creissac
1569 1661 1702 1739 trans·

292 1779 510 1883 missiones,
527 1787 573 1865 nt
584 1785 791 1868 attineant
802 1787 852 1870 all
863 1786 975 1870 illam
992 1788 1233 1886 orationem,
1246 1815 1294 1870 eo
1308 1786 1416 1897 qnod
1432 1812 1503 1892 per
1518 1784 1699 1868 oftieium

291 1911 509 1997 sacerdotis
538 1915 742 2000 orentioues
771 1919 911 2028 populi
941 1918 1178 2030 diriguntur
1205 1917 1255 2002 ad
1280 1915 1433 2015 Deum:
1464 1915 1571 2000 uude
1595 1914 1700 2028 ilici:
1751 1991 1753 1995 ,
1860 2033 1864 2044 ‚

290 2045 492 2128 sacerdos:
522 2045 692 2132 Enarnti
720 2048 896 2134 Domine
922 2075 1052 2135 vorem
1072 2048 1217 2154 populi
1244 2048 1304 2134 tui
1331 2055 1375 2134 et
1402 2047 1517 2155 reliq.

400 2175 619 2287 Sequitur:
659 2179 708 2264 Si
735 2183 868 2287 rrrajor
896 2180 1147 2290 corrprcpatio
1171 2180 1309 2286 lecerit,
1338 2203 1426 2264 aeri:
1453 2175 1697 2282 orrtiplmnis,
1738 2165 1739 2170 Ν
1767 2237 1770 2244 .
1869 2237 1873 2246 .

290 2307 328 2391 si
354 2332 446 2391 cero
474 2308 626 2412 rrrirror,
672 2311 715 2394 in
753 2312 947 2396 directum
979 2312 1228 2417 psalluntur.
1283 2307 1561 2422 Corngregatio
1597 2301 1697 2417 ergo

291 2442 362 2539 est,
392 2436 462 2520 nbi
491 2439 704 2526 duodecim
735 2443 882 2528 fratres
903 2448 1013 2529 suerit.
1056 2442 1168 2526 Bene
1192 2440 1404 2528 duodecim
1435 2443 1580 2524 tratres
1600 2443 1697 2522 snut

110 2627 115 2638 ·
220 2657 224 2665 ,
255 2665 257 2672 y
291 2567 572 2676 congregatio,
603 2570 698 2681 quia
720 2580 892 2682 possunt
919 2573 980 2657 illi
999 2601 1113 2657 snam
1131 2573 1300 2682 implere
1320 2573 1466 2682 legem.
1523 2567 1696 2654 Verum·

292 2698 428 2781 tnrnrau
467 2700 510 2780 et
546 2698 624 2786 hoo
662 2703 703 2787 in
741 2705 923 2805 deserto:
964 2732 1058 2788 uam
1101 2731 1228 2815 prope
1268 2701 1473 2787 ciuitatem
1512 2729 1594 2784 non
1633 2704 1711 2786 est.

151 2853 157 2866 ·
289 2825 460 2928 bouum,
503 2833 665 2917 tautum
703 2835 916 2920 duodecim
946 2835 1167 2919 monachos
1196 2861 1281 2916 esso
1309 2831 1386 2916 rub
1422 2861 1504 2918 uno
1533 2833 1694 2936 abbate,

289 2956 395 3062 qrria,
424 2957 458 3041 si
487 2987 628 3044 onrnes
658 2963 815 3049 nriserie
843 2994 918 3076 per
943 2965 1108 3076 singula
1136 2964 1284 3064 otiieia,
1314 2991 1395 3048 riou
1426 2963 1546 3048 etium
1575 2964 1694 3074 plene

288 3087 498 3174 sufiiciunt
525 3092 576 3175 ad
594 3093 851 3182 honestatem
872 3096 1121 3181 diversorum
1140 3093 1366 3195 horrriunm,
1389 3094 1458 3204 qui
1479 3095 1531 3179 ad
1554 3123 1694 3180 mona·
1828 3093 1853 3148 -'
1932 3143 1936 3152 ·

288 3218 452 3302 sterium
483 3224 675 3324 veniunt:
704 3233 922 3336 propterea
950 3227 1047 3338 quia
1070 3235 1133 3312 est
1159 3253 1287 3336 prope
1313 3224 1536 3327 civitatem,
1565 3227 1697 3332 :najor

288 3347 410 3434 debet
438 3379 524 3436 esse
553 3357 835 3466 congregatio,
865 3356 891 3442 i.
921 3387 956 3445 e.
985 3386 1107 3468 qnam
1138 3356 1363 3442 duodecim.
1421 3355 1480 3438 In¹
1500 3355 1579 3439 hoe
1607 3356 1696 3440 loeo

156 3493 161 3502 '
224 3542 227 3548 ·
287 3484 511 3570 :nomadum
533 3492 606 3589 eet,
637 3490 746 3598 qnia,
776 3515 868 3574 eum
891 3487 993 3574 dicit
1016 3487 1064 3572 B.
1082 3487 1350 3574 Benedictus:
1379 3484 1417 3568 si
1445 3511 1536 3570 ocro
1562 3483 1696 3568 roriruor

286 3623 536 3726 corrprepotio
561 3620 699 3724 inerit,
726 3619 779 3706 in,
799 3619 994 3706 directum
1015 3619 1264 3726 psallantur,
1293 3645 1378 3701 nou
1404 3616 1518 3718 dicit,
1548 3623 1595 3700 nt
1622 3645 1696 3704 sua

234 3823 241 3830 .
287 3743 461 3834 intentio
490 3751 565 3855 rit,
605 3756 762 3836 utnon
794 3755 918 3837 etiam
949 3749 1178 3862 psallantur
1206 3778 1298 3836 cum
1327 3749 1584 3858 arntiphouie,
1624 3747 1693 3831 sed

270 3883 455 3988 ‘propter
482 3885 744 3990 gravitatem,
777 3913 827 3968 ne
856 3883 1196 3993 videaturgrare
1225 3909 1324 3982 esse,
1352 3879 1386 3964 ri
1406 3876 1565 3962 minori
1595 3906 1694 3961 eon·

286 4011 519 4119 gregationi
555 4013 722 4121 juberet
761 4015 933 4127 psallere
976 4041 1068 4099 eum
1107 4012 1347 4122 antiphonis
1386 4011 1494 4095 sicut
1536 4008 1693 4118 majori.
1798 4047 1802 4054 ·
1849 4056 1852 4064 ·

285 4137 390 4224 Nam
430 4145 562 4254 major
603 4148 876 4258 congregatio
917 4149 1055 4255 potest
1096 4171 1188 4230 oum
1232 4140 1469 4251 antiphonis
1509 4138 1693 4248 psallere,

285 4271 577 4386 qniaposeuut
607 4277 854 4363 seinvicem
886 4275 1100 4383 adjurare:
1146 4303 1240 4360 uam
1276 4271 1310 4358 si
1348 4270 1483 4355 minor
1520 4296 1693 4378 cougre-

285 4404 400 4512 gatio
428 4407 641 4511 cecinerit,
679 4437 764 4494 non
793 4409 893 4496 lacit
922 4417 1066 4528 eorptra
1093 4408 1300 4520 regulam,
1341 4402 1580 4514 tantumut
1607 4397 1694 4482 sine
1792 4441 1821 4488 ·.

286 4541 607 4659 murmuratione
635 4539 721 4626 liat.
1201 4543 1202 4546 ‘

394 4669 611 4783 Sequitur:
657 4667 898 4779 Vespertino
937 4661 1071 4758 arcton
1109 4672 1283 4794 spiram:
1317 4671 1487 4778 quotuor
1515 4657 1695 4768 psalmis

284 4825 372 4886 cnm
399 4802 632 4910 antiphonis
657 4803 905 4908 temeinetnr,
926 4789 1023 4910 post
1040 4826 1138 4910 onos
1152 4799 1336 4909 psclrrros
1354 4795 1467 4884 lectio
1483 4790 1696 4878 recitanda

285 4939 345 5016 ost
357 4997 367 5034 ‚
395 4934 492 5020 inde
519 4935 843 5044 responsorium,
882 4931 1202 5032 Arrrtrosienns,
1231 4953 1392 5030 nuens,
1421 4921 1619 5008 earrtieunr
1646 4923 1695 5004 de

283 5053 501 5174 monopolio,
532 5063 680 5154 leonida
709 5076 746 5154 et
774 5065 904 5154 oratio
932 5061 1146 5166 donninieo,
1176 5054 1529 5194 etflantwmissoc.
1582 5049 1696 5138 Corre-
