3930 5788
878 179 966 272 oq»
989 177 1118 252 mm.

849 394 951 502 can.
980 394 1161 483 mn.
1283 357 1287 364 ’

329 641 333 648 ,
426 575 496 652 nn
523 573 821 656 anamma
849 575 1304 658 snsmmnnnoaan
1331 549 1603 680 sannaus.

150 711 161 731 ’
310 779 313 786 ,
419 717 545 804 Dicta
583 732 721 804 autem
761 723 925 808 ratione
963 721 1015 807 de
1051 721 1282 838 artificibaa
1320 723 1560 808 monasterii
1602 752 1723 826 nnnc,

308 851 416 934 sicat
450 851 636 960 superias
674 851 875 953 diximus,
902 852 1086 936 dicamus
1126 855 1252 938 etiam
1290 853 1342 936 de
1380 851 1548 943 novitiis
1581 855 1723 938 ordine

308 1009 408 1098 enno,
436 981 616 1088 qualiter
641 980 889 1090 suscipiendi
916 987 1037 1080 sunt,
1065 1011 1240 1090 quoram
1269 982 1439 1092 capitoli
1468 983 1616 1068 titulus
1643 984 1722 1068 iste

309 1108 433 1194 debet
471 1139 582 1196 esse:
623 1109 690 1196 Dc
727 1111 949 1216 disciplina
987 1113 1333 1217 scescipicndornm
1370 1119 1564 1216 trainam.
1622 1115 1723 1215 Dis·

63 1287 67 1297 ·
222 1247 225 1252 ’
308 1237 462 1356 ciplina
497 1241 606 1326 enim
645 1243 795 1326 dicitnr
832 1271 916 1325 non
945 1243 1076 1326 solnm
1106 1245 1312 1354 correptio
1348 1245 1413 1328 vel
1441 1249 1721 1330 excommnni-

161 1419 164 1428 ·
309 1373 417 1456 oatio
445 1380 519 1456 aut
547 1373 778 1483 flagellum,
804 1373 912 1458 sient
938 1377 1125 1484 saperius
1151 1375 1327 1476 dieitur,
1353 1377 1425 1460 sed
1462 1379 1586 1460 etiam
1622 1379 1733 1460 ordo.

310 1508 353 1583 et
381 1503 576 1585 exercitio
603 1505 777 1614 alicujus
805 1505 953 1614 operis.
996 1505 1051 1588 Et
1069 1509 1167 1614 qnia
1194 1509 1238 1590 in
1262 1507 1553 1590 multimodis
1574 1507 1725 1592 dicitnr

312 1629 556 1736 disciplina,
594 1634 688 1716 ideo
725 1633 939 1742 subjunxit
973 1639 1348 1740 snseipiendomnm
1386 1643 1430 1720 et
1467 1645 1531 1718 est
1569 1666 1724 1736 sensns,

310 1789 403 1842 cmn
441 1762 543 1844 dicit
570 1763 638 1848 Dc
664 1761 884 1868 disciplina
924 1767 1270 1870 sincipicmlornm
1307 1769 1511 1872 srnlrnm,
1551 1769 1579 1856 i.
1608 1796 1646 1858 e.
1674 1771 1725 1850 de
1879 1758 1882 1759 f

206 1901 212 1914 ‘
312 1890 455 1972 ordine
473 1892 824 2000 suscipiendorum
844 1895 1030 1982 lmtrnm.
1072 1893 1307 2000 Disciplina
1329 1924 1357 1978 a
1374 1896 1567 1980 discendo
1585 1926 1723 1979 nomen

311 2022 485 2126 accepit,
514 2023 622 2106 sieut
661 2022 764 2106 dicit
805 2022 1006 2126 isidoras,
1043 2027 1151 2108 nndc
1188 2033 1226 2110 el
1260 2027 1429 2110 scianlin
1467 2027 1551 2110 dici
1581 2035 1726 2132 polcsl.

314 2149 426 2234 Nam
463 2153 569 2238 seire
605 2153 754 2238 dictam
789 2161 848 2237 eol
875 2183 901 2236 a
930 2153 1106 2258 discere,
1132 2160 1228 2262 qnia
1267 2183 1382 2240 nemo
1417 2163 1599 2240 noslrnm
1637 2159 1725 2257 scil,

312 2283 396 2364 nisi
412 2283 481 2388 qni
502 2283 635 2370 discit.
677 2284 811 2369 Aliter
838 2283 947 2368 dicta
974 2285 1210 2391 disciplina,
1237 2288 1333 2393 qnia
1352 2288 1525 2372 disoilnr
1538 2290 1726 2394 plenn.¹)

180 2459 186 2472 ·
217 2479 219 2484 .
312 2411 573 2520 Disciplinae
600 2414 828 2500 liberalium
856 2419 1008 2502 arlicnn
1035 2429 1182 2524 septem
1213 2428 1328 2504 siant.-
1351 2425 1493 2524 prima
1518 2448 1727 2530 pcnnnmo·

312 2545 405 2646 lica,
433 2550 463 2634 i.
491 2573 524 2636 e.
552 2548 740 2654 loqncndi
763 2549 915 2654 peritia
926 2579 942 2652 ,·
978 2549 1157 2634 secennln
1186 2551 1407 2655 rlcelorica,
1435 2579 1538 2658 anm
1558 2545 1727 2658 pndplec

313 2681 561 2794 nitorem'ct
600 2679 755 2812 copiam
794 2679 1037 2786 cloqnentiae
1087 2709 1187 2766 seme
1224 2681 1400 2768 snammc
1451 2685 1496 2766 in
1545 2681 1728 2768 cicilibns

140 2873 149 2892 .
312 2810 612 2915 qncncslionilncs
640 2812 869 2897 neccssaria
897 2815 1179 2919 existimatio,-
1215 2816 1334 2899 lertio
1375 2815 1611 2918 dialectica,
1638 2841 1728 2922 cop-

18 2993 22 3002 .
122 2957 125 2968 '
144 3015 147 3022 .
314 2949 497 3028 nonnenlo
513 2942 654 3050 lopica,
673 2969 776 3051 qnae
794 2943 1138 3049 disputationibus
1149 2944 1428 3032 mellilissimis
1445 2975 1541 3032 nera
1560 2949 1730 3031 seccrm'l

222 3169 228 3180 ι
313 3100 341 3155 a
360 3073 508 3178 falsis,
535 3081 680 3180 qaemrla
700 3073 963 3176 arltlnnelica,
991 3105 1094 3184 qnae
1114 3080 1285 3164 continet
1304 3105 1562 3164 nnmerornm
1581 3103 1729 3164 coenans

314 3209 351 3286 el
378 3204 623 3308 divisione,-
649 3207 790 3311 qninlo
818 3209 986 3310 nncmiea,
1012 3205 1115 3315 qnae
1141 3212 1186 3293 in
1203 3209 1453 3293 carminibus
1474 3211 1730 3316 canlilnesqnc
1840 3210 1876 3260 ·'

315 3338 519 3434 emesislil3
560 3345 675 3420 secla
708 3343 967 3444 yemnelrica,
995 3369 1099 3448 qnae
1133 3368 1349 3428 cnccncsnraa
1385 3344 1730 3446 dimensionesqnc

315 3465 585 3570 conmlcclilnr
597 3497 612 3570 ,·
637 3471 808 3574 septima
832 3476 1096 3576 astronomia,
1123 3499 1227 3580 neme
1250 3473 1421 3557 emelinae!
1449 3469 1573 3580 lepem
1601 3481 1731 3556 nstro-

246 3639 250 3649 ·
316 3626 418 3686 rann.
435 3597 472 3708 ²)

426 3729 643 3842 Sequitur:
686 3731 856 3820 Nocilcr
893 3737 1058 3823 ocnnicns
1092 3739 1186 3850 qnia
1220 3739 1279 3824 ad
1314 3737 1608 3826 connocrsionem
1650 3763 1728 3840 non

188 3955 189 3960 Ν
256 3864 353 3968 ‘ei
390 3862 532 3969 lacilis
569 3863 772 3950 tribnolnr
810 3869 1032 3979 inprecans.
1102 3871 1324 3958 Sciendum
1365 3876 1427 3955 est
1465 3869 1599 3972 enim,
1636 3870 1731 3980 qnia

316 3995 426 4080 aliod
467 4003 530 4081 est
572 3999 819 4084 cmnoccsatio
858 4007 901 4083 et
937 4003 1051 4086 alind
1087 4010 1151 4089 est
1187 4004 1401 4088 mitonsio.
1466 4001 1730 4086 conversatio

142 4166 157 4247 ,-
315 4128 426 4210 enim
454 4127 609 4210 attinet
635 4127 686 4210 ad
719 4130 840 4212 sitam
883 4144 926 4214 ct
953 4133 1005 4216 ad
1035 4131 1356 4232 habitationem,
1384 4135 1597 4216 conversio
1636 4160 1729 4214 neco

316 4265 380 4339 est
408 4257 459 4340 da
486 4257 649 4341 saeculo
677 4257 728 4341 ad
749 4260 894 4364 Deum,
922 4263 1030 4346 sicat
1059 4263 1103 4346 in
1130 4263 1209 4348 hoa
1235 4263 1326 4346 loeo
1348 4262 1514 4350 dicitnr.
1557 4262 1730 4361 Quidam

19 4372 25 4382 ⁶
96 4477 104 4500 ,
206 4445 242 4514 '.
304 4415 496 4510 ,suamque
524 4388 621 4470 libri
643 4385 800 4474 habent
825 4393 1130 4496 conversionem,
1159 4393 1326 4505 quidam
1351 4419 1446 4476 vero
1467 4393 1731 4478 conversatio·

318 4546 421 4622 onan,
449 4518 520 4603 sed
547 4519 657 4604 siout
687 4521 788 4604 mihi
816 4523 992 4625 videtur,
1021 4527 1167 4610 melius
1195 4523 1351 4609 habent
1376 4523 1459 4627 illi,
1487 4524 1559 4632 qni
1588 4524 1731 4608 dicunt

231 4689 237 4700 ¹
319 4649 638 4751 comersionem,
665 4679 788 4758 quam
818 4654 903 4758 illi,
930 4657 1000 4764 qni
1028 4658 1388 4784 conmersalimncm,
1416 4683 1466 4739 eo
1495 4655 1604 4764 qnod
1632 4683 1731 4739 eon·

317 4780 494 4862 versatio
514 4781 667 4863 attinet
684 4783 735 4864 ad
755 4783 1054 4868 habitationem
1076 4791 1122 4870 et
1142 4786 1194 4870 ad
1214 4785 1340 4869 vitam
1364 4786 1449 4868 sive
1476 4785 1623 4870 bonam
1647 4786 1731 4868 sive

286 4995 291 5010 '
406 5019 435 5108 ¹)
457 5015 612 5110 Elymol.
633 5015 698 5091 lib.
722 5019 751 5092 1.
774 5039 804 5096 a.
830 5022 858 5094 1.

407 5130 435 5220 ²)
457 5127 611 5218 Etymol.
635 5127 700 5201 lib.
727 5135 754 5202 1.
778 5153 806 5202 o.
831 5131 889 5252 2·
