3994 5770
192 218 312 362 ¹174
676 209 679 216 ’
833 257 1016 384 [cenw-
1079 245 1085 256 ’

228 490 426 578 edilium
462 489 598 576 locum
640 489 776 598 sedit,
814 493 876 578 its
911 520 1005 578 cum
1045 491 1195 578 timore
1233 469 1357 577 redut
1391 489 1509 604 quusi
1546 453 1645 576 onte
1729 479 1731 482 ’

223 621 426 733 judicemr
463 621 612 707 deinde
638 647 734 708 cnm
761 628 837 712 snt
862 625 979 710 sedet
1004 623 1070 708 rol
1104 629 1212 728 stet,
1251 623 1312 708 its
1337 620 1463 706 debet
1488 619 1645 706 dicere:

67 841 73 852 ,
231 750 568 868 ὓοιπίιιοιῦουε,
606 750 675 863 qui
715 779 760 836 es
786 753 880 864 pius
908 757 951 840 ot
991 754 1242 868 misericors,
1282 761 1325 838 te
1362 751 1485 840 eredo
1512 749 1644 836 omni·

69 977 73 986 ,
228 889 460 1008 potentem,
498 882 767 982 invisibilem,
794 885 1232 996 incircumscriptum,
1253 886 1393 970 omnic
1420 887 1643 992 regentem,

229 1014 368 1098 omnio
394 1013 698 1118 continentem,
727 1017 913 1100 omnium
939 1003 1202 1118 creatorem,¹
1219 1017 1451 1100 trinitatem
1480 1013 1524 1096 in
1552 1014 1644 1096 nui·

227 1149 337 1248 tute,
385 1149 429 1228 et
462 1145 663 1230 unitatem
703 1147 747 1232 in
787 1145 998 1250 trinitate,
1043 1146 1187 1248 credo,
1234 1155 1278 1232 te
1320 1147 1475 1232 misisse
1516 1145 1644 1230 tilium

85 1265 87 1272 ’
229 1281 384 1377 tnnrn,¹
417 1275 640 1363 Dominum
681 1305 815 1362 meurn
855 1275 997 1362 Jesnm
1038 1275 1247 1363 Christum
1290 1279 1333 1362 in
1380 1284 1529 1362 terrem
1570 1305 1644 1386 pro

160 1401 164 1408 ’
228 1407 360 1490 salute
406 1408 567 1518 generis
607 1407 792 1494 bomani.
866 1407 981 1493 Haec
1022 1413 1085 1492 est
1124 1409 1248 1511 tides,
1296 1438 1381 1517 quc
1426 1415 1469 1492 te
1509 1409 1643 1494 credes.

217 1539 273 1624 -Si
302 1567 385 1650 quc
406 1539 511 1624 berre
534 1539 631 1642 dixi,
660 1549 777 1626 tnnrn
802 1547 879 1644 est,
908 1541 942 1626 si
970 1547 1109 1627 cotun
1138 1541 1288 1642 nrinns,
1316 1567 1438 1650 quous
1467 1542 1645 1649 oportet..

228 1670 336 1776 disi,
365 1671 560 1776 obsecro,
589 1679 636 1757 nt
664 1701 748 1759 noo
778 1673 952 1785 aspicias
979 1672 1032 1758 od
1060 1674 1197 1772 verbo,
1232 1701 1338 1784 qnne
1366 1670 1465 1773 dixi,
1493 1669 1563 1754 sed
1592 1669 1644 1754 nd

228 1807 291 1909 id,
334 1805 445 1917 qnod
475 1805 587 1891 volui
616 1807 763 1892 dicere.
820 1805 980 1892 Deinde
1008 1807 1124 1918 quasi
1151 1805 1204 1889 nd
1233 1804 1381 1890 Filium
1412 1803 1647 1914 respiciens,

84 1987 89 1996 ·
231 1939 356 2021 debes
381 1939 540 2024 dicere:
573 1937 747 2022 Domine
768 1937 871 2022 deso
897 1937 1085 2023 Christe!
1115 1937 1251 2024 credo.
1283 1944 1326 2020 te
1353 1965 1426 2045 per
1452 1935 1644 2044 angeium

193 2159 194 2162 Ν
232 2068 387 2156 Murice
417 2065 581 2177 Virgini
620 2069 938 2170 nnrrnntistnrn,
977 2069 1120 2172 credo,
1161 2075 1203 2150 te
1229 2068 1453 2152 secundom
1481 2093 1644 2148 corruent

232 2205 398 2297 nidum,
428 2197 662 2307 pastoribus
689 2198 1029 2301 demonstratum,
1062 2199 1198 2298 credo,
1226 2203 1269 2280 tc
1297 2205 1444 2280 octavo
1472 2195 1538 2277 die
1565 2194 1647 2276 cir·

229 2329 478 2428 cunrcisnrn,
521 2327 666 2429 credo,
710 2334 752 2412 te
780 2359 806 2416 c
837 2307 970 2438 bingis
997 2327 1241 2428 odoratum,
1284 2327 1563 2436 baptizatum,
1601 2325 1643 2406 in

229 2459 386 2569 templo
415 2463 744 2569 praesentatum,
772 2457 914 2559 credo,
942 2465 986 2542 te
1012 2486 1038 2541 o
1065 2457 1177 2543 duda
1205 2457 1406 2542 traditore
1434 2458 1646 2554 traditum,

232 2621 258 2675 o
285 2588 455 2674 iudaeis
481 2595 741 2698 consputum,
771 2587 1042 2698 flagellatum,
1071 2587 1200 2698 spinis
1226 2593 1484 2686 coronatum,
1516 2591 1647 2670 croci·

231 2723 381 2825 tixnur,
423 2719 546 2805 tertia
574 2719 642 2806 die
669 2719 934 2804 resurrexisse
961 2725 1004 2802 et
1034 2715 1189 2804 XXXX
1217 2717 1361 2802 diebus
1402 2748 1493 2804 cnm
1523 2719 1646 2802 disci·

169 2949 178 2966 ⁶
230 2854 339 2962 pulis
368 2853 516 2950 tuisse,
559 2851 826 2936 rnondncossc
866 2855 910 2933 ct
937 2849 1112 2950 bibisse,
1157 2849 1306 2934 deinde
1334 2853 1648 2964 (prrodrogesirno

172 3067 197 3096 ἢ,
232 2984 300 3086 die
327 2985 369 3067 in
398 2984 536 3068 coelos
562 2982 792 3068 astantibus
819 2980 1029 3091 discipulis
1056 2982 1301 3082 ascertdisse,
1329 2983 1426 3066 inde
1454 2980 1577 3066 credo
1604 2988 1647 3061 te

232 3120 476 3216 venturum,
513 3113 701 3225 judicare
740 3111 854 3196 siros
894 3117 939 3194 et
966 3116 1161 3200 mortuos.
1221 3111 1276 3196 Et
1303 3142 1398 3198 orror
1427 3113 1506 3198 boc
1534 3113 1649 3228 dicis,

88 3318 97 3331 .
194 3293 197 3299 ·
230 3247 371 3330 statim
402 3253 614 3354 prosterne
641 3251 683 3326 to
699 3245 756 3326 in
784 3250 950 3343 terrum,
978 3243 1085 3327 sicut
1112 3245 1157 3326 in
1182 3243 1369 3356 capitulo
1392 3244 1646 3330 consuetodo

113 3453 116 3458 .
230 3383 307 3480 est,
336 3404 428 3460 curn
457 3374 606 3459 timore
633 3381 676 3457 et
703 3379 881 3458 tremore
908 3375 1030 3459 sicuti
1051 3402 1188 3459 eorem
1210 3403 1304 3484 rege
1311 3407 1323 3480 ;
1355 3375 1503 3459 deinde
1525 3377 1648 3460 debes

230 3507 387 3592 dicere:
417 3505 536 3590 Fisus
563 3531 669 3606 sum,
699 3487 889 3604 Domine,
918 3512 961 3586 to
981 3503 1152 3588 dixisse:
1182 3503 1289 3588 Nolo
1310 3513 1475 3589 steortem
1499 3531 1645 3612 pecco·

230 3639 343 3740 toris,
371 3637 445 3720 scd
470 3642 515 3718 ert
541 3641 793 3719 cottccrtotcr
819 3639 857 3718 et
883 3634 1017 3738 vivac-
1053 3643 1097 3718 et
1125 3635 1299 3722 iterum:
1331 3633 1540 3718 ticrrdimn
1568 3637 1644 3718 erit

230 3768 273 3851 iu
303 3763 407 3852 coelo
428 3791 552 3871 serpet
568 3788 654 3847 soro
671 3747 877 3870 peccatore
889 3763 1178 3870 poententiam
1197 3773 1349 3872 operito,
1375 3791 1497 3868 peroro
1515 3791 1645 3870 serpso

232 3897 457 4004 trmrupiotc
477 3919 614 3977 nonen
628 3891 772 3998 justis,
800 3893 871 3998 qui
892 3917 971 3975 reon
989 3891 1169 4004 indicent
1188 3895 1451 4002 pnoeitentiae.
1493 3893 1648 3978 Deinde

44 4107 68 4136 f
232 4025 355 4124 debes
383 4020 571 4107 contitcri
599 4027 770 4132 peccatu
797 4030 870 4103 tuo
898 4023 1048 4109 omnia.
1093 4025 1194 4109 Post
1220 4025 1534 4108 confessionem·
1551 4052 1647 4106 vero

107 4205 120 4228 κ
231 4160 495 4267 peccatorum
523 4149 650 4236 debes
677 4149 896 4258 implorare
924 4151 1118 4236 Sanctum
1149 4151 1336 4256 Marinus,
1364 4153 1514 4237 deinde
1543 4154 1647 4237 dno·

231 4283 364 4368 decim
387 4279 611 4392 apostolos,
639 4278 854 4364 duodecim
875 4288 1075 4390 martyres
1098 4288 1142 4367 et
1160 4283 1376 4370 duodecim
1395 4282 1647 4369 confessores
1710 4307 1716 4318 ·

231 4422 276 4499 et
292 4411 506 4498 duodecim
528 4408 724 4520 virgines.
764 4409 994 4512 Etiterum
1018 4411 1060 4496 in
1086 4413 1167 4497 tine
1195 4411 1237 4498 S.
1257 4415 1429 4498 Marium
1459 4412 1647 4524 implore.

189 4589 191 4594 ·
231 4544 276 4628 Si
305 4541 495 4628 veneunt
522 4539 599 4623 tibi
628 4539 819 4625 lacrimae
853 4544 898 4626 in
927 4541 1143 4660 Trinitatis
1171 4545 1451 4645 confessione,
1493 4543 1644 4628 bonurn

230 4668 316 4774 est}
361 4670 472 4782 qnod
513 4672 548 4754 si
588 4698 673 4756 non
715 4655 905 4757 venerint
944 4673 1022 4756 tibi
1064 4674 1107 4756 in
1136 4673 1353 4762 Trinitatis
1380 4674 1648 4771 confessione,

185 4877 192 4892 .
232 4807 399 4891 venient
414 4805 491 4889 tibi
520 4803 571 4885 in.
591 4802 1307 4918 confessioneincurnstionis1⁴'ilii3
1335 4810 1368 4891 si
1396 4811 1536 4892 cutem
1566 4833 1646 4889 non

185 4949 188 4956 ’
232 4935 420 5022 venerint
460 4935 505 5019 in
549 4935 806 5021 confessione
847 4936 1142 5023 incarnationis
1179 4937 1304 5041 Filii,
1349 4941 1515 5023 venient
1557 4939 1647 5040 tibi,

232 5071 397 5179 quando
424 5067 476 5152 ad
499 5064 702 5178 judicium
731 5071 949 5150 verrtnrnnr
985 5067 1207 5154 Dominum
1247 5071 1480 5170 constiteris3
1526 5073 1560 5154 si
1589 5071 1649 5154 ito

233 5229 315 5285 non
349 5199 556 5300 torserint,
599 5203 699 5286 tunc
730 5199 893 5282 venient
929 5200 971 5283 iu
1004 5201 1262 5284 consessione
1290 5212 1573 5312 peccrrtornnu
1613 5204 1646 5286 si
