3968 5774
81 307 107 366 .·
249 296 332 387 388
492 307 497 320 ·
817 239 1127 416 mamm

250 513 369 618 Quod
398 543 496 604 rere
522 515 657 622 liceat,
684 517 763 606 eibi
790 519 965 610 iurieem
994 527 1226 636 praestare,
1251 522 1295 614 b.
1323 552 1361 622 e.
1388 527 1660 635 commodare,

247 643 336 756 ipae
359 645 401 737 S.
429 646 678 735 Benedictus
696 649 794 737 alibi
809 653 944 763 jubet,
972 681 1065 740 cum
1085 652 1209 742 aicit:
1241 653 1499 752 Obcdicutiac
1517 659 1660 746 bouum

245 801 328 860 aaa
354 775 484 863 calum
512 773 653 866 abbati
679 782 904 868 exbibenda
930 791 1001 881 eet,
1029 767 1104 868 aed
1126 784 1248 870 ctiam
1266 786 1353 872 citi
1381 788 1548 872 inuicem
1574 791 1662 875 abe·

246 906 363 990 diaat
386 907 555 1014 fratrae.
610 910 769 1002 cauus
807 917 946 998 autem
982 941 1067 999 uou
1104 921 1189 1017 est,
1228 945 1303 1002 nee
1340 917 1465 1002 etiam
1503 917 1657 1006 bouum

115 1081 118 1090 ,
246 1037 591 1144 obedieutiae,ri
630 1041 744 1130 cedet
781 1044 910 1129 frater
947 1043 1000 1128 ad
1036 1072 1241 1150 mensam,
1269 1076 1363 1134 eum
1403 1048 1477 1135 elii
1515 1051 1659 1138 sedent

246 1171 412 1274 fratrea,
442 1176 485 1256 et
512 1175 757 1284 eontigerit,
784 1182 834 1260 ut
868 1175 927 1259 ibi
965 1204 1048 1259 uou
1086 1174 1239 1261 babeat
1277 1178 1488 1262 cultellum
1525 1209 1656 1284 suum,

244 1306 289 1385 et
316 1301 385 1386 illa
413 1303 485 1422 qui
507 1305 629 1416 juxta
657 1305 821 1404 sederit,
850 1334 969 1390 suum
998 1307 1035 1390 ai
1061 1303 1273 1392 cultellum
1297 1339 1382 1393 nou
1407 1314 1658 1420 praestiterit

244 1478 300 1494 -
327 1433 435 1517 sieut
462 1434 659 1538 diximus,
688 1437 838 1522 caritas
874 1464 959 1522 nou
997 1441 1072 1520 est.
1129 1433 1195 1520 lta
1231 1437 1282 1522 de
1309 1441 1455 1524 ceteris
1482 1447 1657 1528 uecessi-

244 1564 399 1648 tatibus
427 1563 744 1676 intelligendum
773 1573 849 1656 est.

357 1738 574 1850 Sequitur:
618 1741 846 1848 Praecipue
872 1741 945 1826 tac
971 1743 1112 1826 citium
1139 1743 1340 1830 radicitus
1367 1748 1654 1852 amprdarrduu
1793 1829 1799 1841 .

244 1877 304 1956 cst
342 1871 393 1958 de
434 1875 705 1958 praetacta-ia.-
747 1901 798 1957 uc
838 1874 931 1980 quie
964 1880 1207 1978 praesumat
1248 1875 1407 1982 aliquid
1444 1878 1547 1962 darc
1588 1889 1657 1964 aut

7 1991 12 1998 ’
102 2094 106 2100 ,
175 2051 178 2060 ·
242 2005 424 2110 accipere
442 2007 532 2090 aiae
541 2006 729 2111 juceiauc
749 2003 921 2105 abbatis,
951 2031 1074 2110 aequa
1095 2006 1253 2112 aliquid
1270 2007 1416 2092 trabere
1428 2012 1655 2114 propritim,

91 2177 96 2184 ·
246 2133 404 2220 arcellam
431 2138 592 2221 arrraiua
618 2164 725 2239 reru,
763 2163 887 2244 aeque
923 2135 1131 2236 radicare„
1155 2162 1279 2242 arcura
1316 2137 1501 2242 tabidas,
1535 2168 1657 2246 crepere

241 2267 475 2373 yrapbium,
501 2267 574 2352 aed
600 2267 706 2352 uidit
732 2269 913 2367 arrruiua,
941 2267 1089 2372 quippe
1114 2267 1259 2374 quibua
1286 2296 1358 2356 aec
1384 2296 1553 2396 earpara
1581 2298 1656 2364 aua

242 2422 316 2482 uec
342 2397 564 2484 vatuartatea
591 2397 682 2482 lieet
708 2395 854 2480 habere
880 2395 1117 2502 inproprie
1140 2399 1348 2488 curatae.
1395 2399 1543 2486 Omnia
1567 2430 1656 2486 aera

50 2537 55 2544 '
169 2612 173 2620 ,
239 2531 471 2616 necessaria
499 2557 527 2614 a
547 2537 671 2636 patre
698 2551 866 2634 sperare
893 2527 1149 2634 arcuerunt,
1176 2555 1249 2614 arec
1285 2530 1507 2637 quidquam
1541 2532 1656 2618 liceat

18 2683 21 2690 ’
188 2655 193 2666 ’
240 2663 397 2765 tabere,
425 2660 530 2770 quad
544 2659 672 2745 attae
690 2685 771 2743 aaa
789 2660 946 2745 dederit
963 2667 1036 2745 aut
1055 2663 1302 2766 pemriserit.
1333 2711 1386 2726 -
1416 2663 1654 2771 Praecipue,

126 2785 129 2792 ’
242 2796 267 2878 i.
306 2825 343 2884 e.
381 2792 577 2897 maxime,
607 2780 713 2877 iente
747 2791 898 2877 omnia.
928 2837 982 2857 —
1017 2791 1109 2876 Hac
1150 2792 1259 2876 euim
1298 2793 1542 2878 iutueudum
1582 2805 1655 2901 ast,

111 3027 118 3036 ἣ
148 2935 188 2999 '.
239 2927 337 3034 quia
364 2925 567 3033 scriptura
594 2923 732 3006 diviua
761 2921 813 3006 de
840 2921 913 3006 illo
942 2919 1059 3024 vitiu,
1074 2921 1107 3034 ¹)
1136 2922 1331 3006 radicitus
1358 2926 1652 3034 amputandum

239 3086 347 3158 esee,
388 3055 497 3168 quod
534 3053 652 3138 valde
687 3051 928 3138 detestabile
967 3059 1051 3154 eat,
1080 3055 1189 3138 eicut
1225 3053 1270 3136 iu
1299 3054 1376 3137 boc
1405 3054 1497 3138 locu
1533 3055 1634 3138 dicit

19 3163 21 3168 ¹
88 3185 92 3194 ’
155 3289 158 3294 ¹
238 3187 361 3288 uude,
390 3187 486 3294 quia
514 3183 593 3268 hue
622 3183 769 3267 vitium
800 3183 917 3266 valde
945 3190 1008 3267 est
1030 3182 1274 3268 detestabile
1302 3189 1345 3264 et
1366 3184 1654 3285 abominabile,

241 3313 378 3398 ualuit
419 3313 559 3423 aliqua
603 3343 735 3423 poena
777 3312 871 3395 illos
911 3310 1213 3421 constringere,
1252 3311 1324 3395 aed
1365 3313 1486 3397 celeri
1524 3320 1655 3398 marte

241 3445 371 3532 finire.
428 3446 531 3529 Cum
559 3444 661 3529 dicit
696 3471 746 3530 uc
772 3445 864 3550 quie
883 3447 1148 3550 praesumat,
1186 3441 1214 3528 i.
1238 3469 1278 3528 a.
1317 3444 1483 3533 audeat.
1540 3442 1654 3528 Istud
1710 3473 1715 3482 ·

238 3580 372 3682 enim,
420 3576 531 3686 quod
571 3577 673 3661 dicit
713 3575 868 3661 truttam
909 3578 1072 3660 mirariue
1104 3601 1191 3658 rem
1229 3621 1283 3638 -
1319 3578 1435 3685 quasi
1478 3577 1652 3664 diceret:

61 3817 65 3828 Ι
237 3709 394 3796 trullam
441 3737 528 3795 rem
565 3709 750 3814 emaum,-
803 3706 911 3817 quoa
955 3714 1095 3792 autem
1133 3706 1234 3792 dicit
1282 3705 1466 3792 aruaibus
1509 3709 1655 3808 raedis,
1827 3792 1832 3801 ,

238 3843 279 3928 b.
294 3873 329 3930 e.
354 3869 427 3953 per
447 3841 605 3926 uullum
627 3841 807 3926 mudum.
854 3838 1206 3925 Huciutueudum
1232 3845 1314 3926 eat:
1342 3842 1491 3946 quippe
1511 3842 1655 3948 picibus

236 3999 309 4059 aec
336 3999 508 4082 corpora
537 3998 615 4058 erra
642 3999 713 4058 acc
734 3970 956 4056 ualuataecc
983 3969 1073 4056 lieet
1093 3971 1240 4058 raam
1261 3974 1306 4056 ia
1315 3973 1493 4078 propria
1515 3972 1654 4057 vatren-

235 4113 342 4212 tate,·
369 4106 505 4216 sijum
534 4104 789 4188 voluntatem
818 4131 902 4188 uon
931 4103 1055 4187 debet
1083 4103 1235 4188 habere
1260 4103 1304 4186 iu
1332 4133 1406 4190 suu
1434 4111 1653 4215 potestate,

144 4327 148 4334 ,
199 4251 202 4257 ’
236 4240 394 4346 quauta
422 4236 558 4320 miuue
576 4234 755 4343 aliquam
778 4262 877 4321 ram.
923 4235 1092 4342 Quippe,
1119 4237 1148 4322 i.
1164 4261 1199 4318 e.
1219 4240 1341 4319 certe.
1386 4235 1490 4334 Quia
1510 4263 1652 4319 maue-

105 4393 116 4406 ·
236 4367 338 4452 chus
366 4367 470 4452 nihil
499 4366 623 4453 debet
650 4365 801 4452 babere
829 4369 1041 4478 proprium
1070 4395 1203 4476 ueque
1225 4394 1313 4451 rem
1342 4395 1476 4476 neque
1506 4367 1651 4450 raluu·

235 4505 385 4599 tatem,
425 4504 525 4583 tuuc
564 4500 661 4583 talis
700 4499 822 4583 debet
860 4526 948 4583 ease
987 4500 1092 4582 sieut
1132 4507 1330 4585 mortuus.
1392 4497 1528 4596 Quare
1569 4524 1651 4580 nou

121 4696 124 4702 .
235 4630 453 4740 graphium
498 4629 562 4712 rel
606 4629 769 4714 tabulas
811 4629 935 4716 debet
974 4631 1186 4740 proprium
1231 4629 1405 4731 babere,
1446 4657 1541 4715 curu
1584 4629 1652 4712 ille
1713 4668 1718 4677 ·

235 4760 277 4850 S.
307 4761 556 4846 Benedictus
582 4759 756 4846 iuferius
778 4761 900 4871 jubet
928 4761 1121 4850 tribuere.
1178 4763 1293 4848 Beue
1312 4761 1413 4845 dicit
1440 4787 1519 4844 aaa
1547 4783 1650 4864 pra·
1772 4786 1774 4792 ’

230 4893 371 4997 prium
403 4891 568 4992 arun,
606 4895 705 5003 quia
739 4893 774 4976 si
810 4894 1119 4995 tributuram,
1160 4923 1243 4978 uon
1271 4895 1324 4979 ad
1353 4893 1648 5002 proprietatem

322 5239 353 5353 ι)
373 5262 463 5336 auu
484 5267 540 5386 ap
