3994 5770
124 211 127 216 ·
239 175 372 268 nc·
526 149 535 164 ’
757 139 1161 276 ὀψιιῂ·

106 487 118 508 Ι
204 395 465 508 ,praeceptis
492 396 617 486 debes
644 397 833 501 obcdirer
871 401 907 485 si
946 407 1084 487 ιιιιιω
1122 393 1207 488 ¹noa
1240 401 1509 508 scientialia,
1546 403 1656 490 sicut

113 609 119 618 ,
237 524 338 610 liaeo
365 525 510 638 regula
538 526 661 629 dicit,
699 529 771 614 sed
800 529 931 616 inerit·
953 557 1102 644 aegas,
1142 536 1243 617 tuuc
1279 531 1404 619 debet
1430 519 1655 644 discipulus

235 655 324 760 ejus
352 653 568 766 imperium
606 687 680 770 per
705 661 996 772 congruentias
1023 670 1068 748 et
1093 664 1407 751 contrarietates
1446 691 1654 776 praepon-

235 785 390 890 derare,
415 787 524 873 sicat
545 790 633 900 jam
660 791 705 875 in
734 787 859 876 tertio
885 793 1068 902 capitulo
1096 791 1148 879 dc
1167 793 1320 878 abbate
1341 793 1528 896 diximus,
1558 793 1585 882 i
1615 821 1650 880 e.

64 944 68 952 ·
235 915 359 1002 debes
385 919 612 1029 providere,
640 921 763 1032 quale
790 929 854 1006 eet
873 927 1087 1034 peceatum
1111 925 1155 1010 in
1177 927 1266 1035 ejus
1282 923 1477 1034 imperim
1505 923 1654 1009 deinde

171 1123 201 1138 Γ.
234 1047 356 1132 debes
384 1076 652 1160 cognoscere,
690 1053 788 1162 quid
817 1067 1040 1162 generetur
1074 1081 1149 1166 per
1176 1061 1290 1139 taam
1318 1055 1650 1142 inobedientiam.

234 1179 279 1260 Si
314 1177 438 1262 inerit
459 1181 608 1287 suajus
645 1188 857 1291 meatum
895 1183 939 1266 in
974 1184 1062 1295 ejus
1098 1186 1271 1296 imperio
1312 1215 1434 1296 quarn
1473 1185 1515 1268 in
1555 1187 1653 1270 obe·

161 1395 174 1428 ι
234 1309 401 1410 dicatio,
432 1337 513 1393 non
544 1310 668 1396 debet
694 1311 873 1414 obedire,
900 1313 935 1395 si
964 1319 1100 1398 uatem
1130 1316 1262 1422 majas
1290 1314 1416 1399 suerit
1439 1320 1650 1425 peccatrna

175 1423 200 1436 ³*
234 1437 276 1520 ia
313 1438 545 1523 obedientia
585 1469 708 1550 quarn
745 1444 787 1524 in
830 1441 1003 1552 imperio
1040 1445 1229 1547 abbatis,
1270 1445 1547 1530 obediendam
1591 1453 1653 1528 est

59 1591 63 1598 ·
235 1569 464 1676 praeceptis
490 1569 665 1670 abbatis,
694 1571 811 1655 etde
833 1571 923 1680 ipso
948 1572 1074 1674 rareio,
1101 1575 1213 1685 qaod
1236 1574 1483 1684 adimplesti,
1514 1575 1655 1684 poeai-

233 1697 407 1780 tentiam
434 1695 557 1784 debes
583 1727 718 1809 agere.
776 1699 822 1784 Si
849 1703 1018 1811 aequale
1046 1707 1170 1789 etiam
1202 1705 1337 1804 fuerit,
1378 1702 1651 1802 obediernlarn

101 1845 108 1860 ·
233 1833 316 1926 est,
357 1837 400 1910 et
426 1827 573 1912 iterans
618 1830 916 1938 poenitentiam
945 1833 1068 1918 debes
1096 1863 1242 1944 ngere3
1286 1862 1324 1921 r.
1354 1861 1417 1942 gr.
1446 1833 1549 1916 dicit
1577 1835 1652 1917 tibi

231 1957 380 2042 abbas:
420 1957 539 2042 'l'oile
567 1959 688 2042 istam
727 1959 1053 2046 benedictionem
1093 1973 1135 2048 et
1176 1961 1291 2046 defer
1321 1961 1433 2074 illurn
1451 1965 1652 2074 principi,

92 2106 96 2115 '
234 2096 280 2170 at
309 2086 478 2194 adjuvet
506 2094 692 2172 nostrum
714 2089 912 2175 vesanam
943 2092 1004 2176 rei
1034 2121 1209 2196 serrum,
1238 2091 1310 2203 qai
1334 2093 1461 2177 habet
1487 2119 1651 2179 cannara

218 2199 325 2300 'carn
356 2217 431 2301 tali
461 2217 649 2320 bomine,
688 2225 732 2304 ct
771 2227 816 2304 ta
845 2225 1079 2332 cognoscis,
1120 2225 1218 2333 qaia
1255 2225 1325 2308 ille
1351 2225 1479 2308 abbas
1507 2233 1654 2308 contra

135 2331 163 2444 J
227 2345 432 2455 justitiane
461 2355 584 2460 rogat
605 2350 801 2461 jndicem,
830 2353 908 2440 boo
936 2361 1021 2458 est,
1061 2362 1108 2439 nt
1134 2355 1505 2466 contra-justitiarii
1533 2355 1652 2463 adja-

96 2495 99 2500 “
134 2529 139 2538 ·
176 2483 182 2498 ‘
232 2481 352 2588 retur
379 2506 476 2562 suns
501 2478 643 2568 whorno.
700 2481 757 2566 Et
784 2485 931 2568 iterum
966 2509 1216 2594 cognoscere
1243 2484 1391 2585 debes,
1432 2485 1554 2594 quale
1579 2491 1653 2568 aut
1691 2503 1695 2512 '

231 2615 432 2718 quantam
471 2620 685 2721 peccatura
722 2614 823 2717 erit,
864 2615 899 2700 si
940 2643 1025 2700 non
1063 2614 1289 2714 obedieris,
1330 2643 1368 2702 ν.
1403 2643 1467 2725 gr.
1507 2617 1541 2698 si
1578 2615 1651 2698 tali

235 2741 389 2846 injusto
418 2739 590 2850 irnperio
613 2743 828 2846 obedieris,
856 2744 990 2828 minus
1010 2750 1221 2854 peccatam
1244 2744 1345 2828 ιιιίιιί
1369 2772 1459 2828 ease
1481 2745 1652 2846 videtur,

99 2873 105 2887 '
164 2883 173 2904 ·
231 2897 356 2978 ‹prranr
396 2870 429 2951 si
471 2897 553 2954 non
594 2872 817 2972 obedieris;
862 2901 946 2957 nno
988 2873 1111 2958 ιιιοιιο
1148 2875 1189 2956 in
1231 2900 1302 2973 co,
1346 2875 1456 2981 qaod
1501 2875 1650 2958 rualran

51 3029 58 3045 ·
222 2983 462 3107 'exemplans
502 3001 672 3108 praebes
709 3003 881 3086 caeteris
917 3003 1136 3101 iratribus„
1177 3029 1260 3086 aon
1296 3003 1482 3102 obedire3
1522 3005 1652 3088 altero

137 3177 142 3186 ·
232 3126 375 3229 eurialo,
415 3129 512 3237 quia
542 3131 647 3213 forte
675 3131 941 3240 generabitur
969 3131 1044 3215 tibi
1083 3132 1320 3218 ecarrdalnra
1350 3163 1399 3218 er
1427 3167 1500 3233 err,
1541 3134 1650 3243 (μιιιΙ

233 3284 316 3340 noa
346 3255 507 3355 obedis,
548 3266 591 3349 et
620 3259 726 3341 sorte
767 3259 870 3343 adeo
899 3285 949 3344 ex
977 3258 1057 3344 boc
1074 3262 1164 3344 erit
1202 3261 1278 3344 tibi
1309 3289 1504 3372 niagnunr
1533 3291 1652 3350 ιιιιιιι-

230 3384 382 3486 «ialam,
417 3395 465 3470 ut
491 3411 567 3495 pro
596 3383 674 3472 hoc
703 3385 827 3470 etiarn
856 3385 908 3470 de
937 3387 1184 3474 monasterio
1212 3389 1447 3500 expellaris,
1488 3399 1529 3476 et
1558 3421 1649 3476 onan

234 3514 425 3623 expulsas
454 3514 591 3617 saeris,
619 3514 654 3597 si
682 3521 780 3600 ante
808 3513 967 3598 servisti
992 3515 1091 3614 Deo,
1120 3516 1228 3600 forte
1250 3525 1345 3625 post
1370 3519 1650 3628 expulsionem

232 3671 313 3725 aon
344 3643 402 3726 itu
429 3644 603 3746 servies,
643 3648 717 3726 ιιιιι
745 3633 853 3728 forte
883 3672 965 3728 aon
994 3643 1179 3728 invenies
1207 3645 1380 3730 sirnilenr
1410 3647 1544 3732 locans
1574 3649 1650 3732 tibi

231 3777 397 3878 aptum,
439 3771 573 3856 atita
601 3773 753 3856 servias
782 3772 890 3871 Dour
931 3778 975 3856 et
1001 3771 1093 3856 ideo
1122 3771 1267 3855 melius
1300 3781 1383 3876 est,
1425 3782 1474 3860 nt
1501 3777 1543 3860 in
1572 3779 1652 3860 isto

131 3918 137 3930 ·
232 3905 454 4010 praecepto
483 3901 650 3984 obedias
677 3901 831 4002 abbati,
861 3907 903 3986 et
925 3902 985 3987 ire
1005 3901 1057 3985 ud
1076 3901 1256 4011 jndicem
1277 3906 1321 3985 et
1341 3932 1489 4015 rogare
1512 3906 1652 4004 idlaarr

141 4115 143 4122 ,
228 4036 297 4128 a,
335 4029 443 4114 sient
482 4028 590 4114 dixit
628 4028 707 4114 tibi
745 4031 893 4134 abbas,
933 4030 1007 4114 tuli
1045 4035 1189 4116 tenore
1229 4032 1295 4116 dic
1331 4032 1415 4135 iili,
1453 4036 1487 4118 si
1518 4036 1651 4122 aalma
1735 4069 1741 4081 ·

53 4269 56 4276 1
230 4159 481 4268 nogareto
509 4158 699 4243 dominas
725 4160 866 4263 abbae,
895 4167 944 4244 nt
962 4159 1185 4246 securrdum
1209 4190 1322 4246 suam
1348 4162 1550 4271 justitiam
1580 4171 1653 4250 unt

228 4295 342 4374 reete
380 4289 553 4398 adjuves
595 4319 713 4374 saum
756 4289 986 4387 boniinemz
1033 4295 1127 4393 aut,
1177 4291 1211 4374 si
1254 4321 1337 4378 non
1376 4294 1486 4378 raico
1527 4296 1651 4380 etiarn

53 4507 57 4515 ,
228 4417 382 4503 dicere:
419 4418 638 4503 sacrandam
665 4443 784 4502 enom
803 4419 1012 4524 justitium
1039 4426 1110 4502 aad
1137 4427 1253 4521 recte,
1283 4419 1363 4525 dic,
1392 4423 1497 4506 sicut
1526 4423 1652 4508 abbas

222 4548 358 4656 jussit,
389 4553 432 4633 et
460 4545 719 4655 postmodum
750 4574 829 4656 age
856 4575 907 4634 ex
937 4546 1017 4631 boc
1047 4548 1363 4661 poenitentiam,
1393 4552 1491 4661 quia
1518 4553 1653 4638 minas

123 4667 127 4678 ’
227 4682 291 4758 ost
318 4675 430 4759 istud
458 4678 692 4783 peccatum,
731 4703 855 4786 quani
898 4676 1200 4779 inobedientia,
1238 4705 1288 4761 eo
1326 4677 1437 4788 quod
1478 4709 1562 4766 noa
1591 4687 1654 4766 est

49 4856 57 4873 ·
108 4893 113 4904 ,
208 4805 312 4890 ¹tale
341 4831 415 4889 nec
445 4799 610 4888 tantam
650 4810 889 4914 peccatam,
929 4805 1027 4916 quia
1065 4834 1193 4890 unum
1232 4812 1295 4892 est
1332 4812 1569 4918 peccatum,
1610 4813 1651 4897 ia
1687 4843 1690 4850 ’

227 4933 507 5018 inobedientia
538 4962 634 5019 vero
661 4933 741 5020 triu
782 4934 890 5020 arula
931 4936 1168 5042 instabunt,
1205 4937 1312 5022 sicut
1346 4939 1432 5048 jara
1462 4939 1652 5026 dixinan.
1690 4955 1696 4966 ·

229 5061 285 5146 Ει
314 5063 461 5176 iterant
491 5063 525 5147 si
555 5063 663 5179 forte
692 5064 816 5148 «labet
848 5065 1144 5174 perjudicium
1185 5068 1398 5176 acquirere
1438 5069 1479 5152 in
1508 5085 1672 5152 ruarra·'
