4334 5750
953 235 1126 328 capul.
1347 265 1349 268 ·
1444 251 1448 259 '
1554 221 1565 296 .‘
1684 238 1758 322 127

354 461 710 560 admonitionibus,
741 459 781 542 id
810 466 872 542 est
899 486 970 566 per
998 457 1298 542 admonitiones
1328 458 1390 541 rel
1422 460 1630 544 doctrinas
1653 487 1759 562 suae,

355 629 402 686 ac
430 595 463 680 si
492 596 667 678 diceret:
698 592 932 676 sollicitudo
961 591 1134 674 aliorum
1165 589 1298 673 reddit
1326 590 1439 675 illum
1470 592 1702 678 sollicitum.

947 808 1034 916 Gap
1076 807 1170 891 ΙΙΙ.

475 995 540 1072 nn
572 955 893 1071 uruurmums
922 993 993 1068 aa
1023 992 1303 1070 carusrmuu
1335 991 1643 1074 arreumuuus.

463 1142 684 1228 (Intimilium
731 1142 880 1224 dieitur
918 1169 942 1224 u
983 1137 1257 1238 corisulemlo,
1302 1140 1399 1248 quiin
1437 1169 1508 1249 per
1548 1141 1761 1224 eorrsilium

356 1274 577 1385 inquiritur
614 1277 656 1354 ot
698 1272 962 1380 cognoscitur
1005 1267 1168 1366 mudum,
1214 1270 1323 1378 quod
1352 1271 1577 1352 currendum
1608 1277 1681 1367 est,
1723 1278 1764 1351 et

360 1409 521 1503 borium,
552 1403 662 1512 qnod
691 1401 897 1512 agendum
930 1407 1001 1482 est.
1056 1397 1347 1483 Verumtamen
1379 1406 1421 1506 ot
1453 1400 1529 1484 lroe
1557 1401 1764 1484 selemiam
1873 1409 1876 1414 ’

357 1545 443 1637 est,
482 1534 600 1646 quia,
645 1561 736 1619 eum
766 1534 919 1616 bouum
961 1559 1032 1640 per
1060 1531 1274 1614 aurisilimu
1304 1533 1548 1640 repperitur,
1586 1561 1674 1614 uon
1705 1539 1767 1613 est

356 1665 675 1780 permanendum
707 1665 862 1773 inipso
886 1664 1010 1760 bono,
1040 1662 1108 1745 scd
1134 1653 1427 1769 transeundum
1451 1668 1515 1745 est
1537 1663 1587 1745 ad
1609 1663 1766 1764 melius,

356 1798 499 1884 deiude
539 1797 591 1881 ad
631 1797 854 1906 optimum,
897 1795 929 1877 si
970 1793 1054 1877 lieri
1095 1797 1245 1902 potest.
1305 1791 1476 1876 Coresulo
1519 1794 1628 1875 eninr
1666 1796 1768 1878 uum

356 1961 495 2014 seusus
518 1929 664 2026 liniret,
694 1928 727 2010 si
750 1924 1018 2037 conjungitur
1041 1951 1133 2006 eum
1151 1923 1321 2007 llntiv0:
1352 1921 1511 2007 corisulo
1531 1913 1616 2024 tilii,
1647 1929 1768 2009 iutel-

357 2063 518 2173 ligitur:
550 2059 754 2170 prospicio
780 2059 856 2142 tibi
879 2064 921 2141 et
940 2055 1137 2167 provideo
1166 2055 1256 2156 tibi,
1288 2059 1328 2144 Ιι.
1353 2085 1385 2142 e.
1418 2064 1512 2140 tuae
1536 2057 1703 2142 utilitati
1726 2069 1771 2146 et

356 2204 428 2277 tuo
460 2193 686 2302 protectum
714 2195 747 2274 si
777 2199 915 2276 autem
944 2189 1211 2298 conjungitur
1240 2216 1333 2270 eum
1358 2189 1616 2288 decusatim,
1649 2191 1768 2273 iutel-

286 2394 288 2401 ,
357 2326 498 2434 ligitur
535 2323 745 2428 interrupto.
818 2320 935 2404 Unde
976 2321 1148 2404 dicitur:
1199 2318 1408 2403 Corrsuluit
1445 2319 1585 2405 Damni
1624 2321 1769 2405 Douri-

356 2482 463 2552 muu,
492 2453 518 2537 i.
544 2483 577 2538 e
608 2455 880 2564 interrogarit
898 2453 1131 2536 lloruiumm
1182 2449 1227 2532 ln
1252 2458 1352 2559 apto
1373 2454 1479 2535 euim
1511 2463 1555 2536 et
1583 2483 1768 2562 emigrari

360 2591 446 2668 loeo
477 2612 584 2668 rruuc
617 2585 662 2671 B.
700 2584 944 2668 Benedictus
983 2583 1084 2664 dicit
1124 2583 1174 2662 de
1203 2581 1446 2666 urlluilreudis
1474 2585 1531 2668 ud
1559 2587 1768 2671 rorrsilium

352 2716 563 2820 tratribus,
594 2715 903 2824 quiasuperius
935 2715 1225 2797 informaverat
1253 2713 1444 2797 abbatem
1475 2713 1602 2798 iuliis
1632 2717 1766 2816 rebus,

357 2878 458 2957 spirae
488 2847 529 2929 iu
559 2874 602 2928 se
632 2845 695 2928 vel
724 2847 777 2928 ud
805 2873 847 2927 se
876 2846 1080 2944 attinent,
1126 2845 1151 2931 i.
1184 2873 1217 2926 e.
1260 2845 1436 2953 (penaliter
1466 2846 1613 2931 «lubeat
1632 2877 1767 2957 prue-

355 3009 438 3060 esso
473 2979 555 3062 suis
590 2977 799 3087 discipulis
837 2977 1025 3079 doctriua
1066 2983 1108 3058 et
1137 3002 1280 3085 opere;
1324 3004 1434 3060 rrrrnc
1471 2987 1609 3060 autem
1648 2979 1796 3063 (toccu,
1829 3077 1831 3087 ,

355 3109 493 3209 illum,
531 3109 709 3215 qualiter
738 3109 1000 3192 <retentasse
1029 3105 1072 3190 iu
1102 3107 1168 3190 his
1197 3107 1329 3207 rebus,
1374 3117 1476 3216 quare
1506 3115 1621 3191 extra
1650 3109 1766 3190 illum
1878 3153 1883 3164 ·

355 3245 470 3340 sterit,
514 3240 540 3324 i.
571 3267 605 3321 e.
644 3239 822 3348 (penaliter
850 3237 997 3320 delreat
1025 3238 1243 3345 disponere
1271 3267 1337 3337 eo,
1382 3267 1487 3346 quae
1514 3237 1768 3346 ‹lispoueuda

355 3374 462 3450 siunt.
523 3367 627 3451 Nam
673 3397 797 3477 quare
841 3369 919 3452 lioe
965 3367 1187 3477 capitulum
1226 3367 1393 3466 dixerit,
1435 3367 1671 3451 urieruil'estut
1701 3370 1769 3452 illu

357 3499 561 3584 sententia
589 3499 770 3601 iul'erior,
810 3529 892 3608 qun
920 3499 1090 3582 dicitur:
1139 3497 1284 3580 (lutearia
1311 3500 1381 3601 lire
1409 3524 1497 3581 carru
1525 3499 1704 3598 corrsilio,
1734 3509 1768 3580 et

350 3638 443 3732 post
478 3634 632 3733 lutatam
670 3657 747 3713 acu
782 3629 1016 3734 poenitebis.
1074 3629 1191 3712 Sient
1231 3630 1340 3712 euim
1379 3630 1478 3712 illud
1520 3631 1769 3740 capitulum:

360 3761 501 3862 (pentes
530 3757 943 3860 «reluctarentur,
974 3761 1127 3844 creavit
1156 3760 1226 3844 illa
1248 3761 1465 3860 sententia,
1495 3749 1576 3872 qua
1598 3763 1768 3846 elicitum:
1878 3851 1881 3860 Δ

361 3890 514 3973 Uioisti
551 3889 658 3973 carim
702 3890 822 3974 riemu
860 3915 981 3996 opere
1020 3891 1198 3975 creditm·
1237 3895 1278 3974 iu
1317 3894 1570 3991 errorrusterio,
1617 3893 1771 3978 (liccam

358 4017 571 4124 Apostolo:
616 4021 841 4125 decepistis
877 4021 1069 4126 spiritmu
1105 4021 1334 4125 ‹arloptiouis
1370 4021 1570 4125 alioruin,
1616 4025 1657 4106 iu
1696 4053 1770 4130 quo

358 4153 602 4237 ricimannus:
633 4151 761 4252 Atta,
784 4157 920 4257 puter,
949 4151 1008 4235 ita
1035 4141 1152 4236 istud
1175 4153 1399 4263 capitulum
1429 4158 1642 4262 generarit
1671 4155 1770 4240 liure

358 4284 572 4384 sententia,
603 4312 682 4393 qua
706 4282 875 4367 dicitur:
909 4283 1054 4367 Otreuiu
1082 4263 1151 4390 jac
1179 4311 1268 4367 curru
1295 4283 1474 4384 castrilio,
1502 4292 1538 4369 et
1564 4293 1656 4390 post
1680 4292 1771 4391 lue-

327 4417 439 4494 ·tum
469 4439 545 4498 riou
570 4414 807 4520 pocrsitcdis,
852 4413 964 4499 llaec
989 4421 1126 4498 irritem
1158 4413 1389 4499 sententiar·
1418 4415 1565 4500 Orrrrric
1585 4419 1656 4521 suc
1684 4445 1769 4501 oraru

358 4542 533 4644 cormilio,
564 4545 762 4630 dividitur
790 4544 833 4630 iu
862 4545 1022 4630 driobus
1052 4547 1194 4646 modis,
1225 4545 1252 4632 i.
1271 4573 1305 4631 e.
1330 4545 1373 4628 iu
1404 4547 1645 4656 praecipuis,
1676 4577 1768 4632 cum

358 4655 480 4759 dicit:
524 4676 674 4782 qrrotics
701 4675 840 4783 aliqum
868 4677 1093 4782 praecipua
1121 4679 1280 4785 opercula
1307 4684 1401 4761 sarrit
1443 4677 1487 4761 iu
1513 4681 1770 4774 ureorrcsterio,
1879 4763 1881 4766 ,

358 4813 534 4890 coueoeet
571 4788 700 4920 addas
735 4828 891 4894 orariam
929 4808 1274 4915 corrprepatioucm
1315 4816 1351 4893 et
1379 4807 1488 4894 dieat
1515 4809 1624 4915 ipsc,
1668 4810 1773 4894 acarde

358 4927 517 5042 epitom·
558 4944 600 5024 et
630 4937 674 5022 iu
704 4940 955 5042 utilioribus,
997 4967 1088 5038 cum
1119 4939 1239 5025 dicit:
1287 4940 1327 5022 si
1363 4967 1443 5047 quea
1463 4969 1572 5064 Natero
1612 4943 1773 5026 rrrirroru

358 5071 516 5172 upmrdu·
543 5077 637 5155 escrit
674 5071 720 5154 iu
747 5071 984 5156 circumstanti
1009 5069 1250 5156 utilitatibus
1277 5075 1483 5158 scuriomuu
1512 5081 1651 5158 artatur
1677 5104 1772 5161 crire·

359 5197 462 5283 silio.
521 5199 576 5286 Et
613 5232 705 5288 cum
746 5205 825 5287 lroe
868 5205 935 5305 lit,
983 5204 1082 5287 uilril
1125 5205 1305 5288 excludit
1344 5205 1498 5307 nlrbuti,
1544 5212 1590 5288 ut
1617 5207 1771 5315 alirprid

441 5575 455 5608 k
