<?xml version="1.0" encoding="UTF-8"?>
<!DOCTYPE html PUBLIC "-//W3C//DTD XHTML 1.0 Transitional//EN"
    "http://www.w3.org/TR/xhtml1/DTD/xhtml1-transitional.dtd">
<html xmlns="http://www.w3.org/1999/xhtml" xml:lang="en" lang="en">
 <head>
  <title>
</title>
<meta http-equiv="Content-Type" content="text/html;charset=utf-8" />
  <meta name='ocr-system' content='tesseract 3.04.00' />
  <meta name='ocr-capabilities' content='ocr_page ocr_carea ocr_par ocr_line ocrx_word'/>
</head>
<body>
  <div class='ocr_page' id='page_1' title='image "./vitaetregulassp01benegoog_0172.png"; bbox 0 0 4334 5750; ppageno 0'>
   <div class='ocr_carea' id='block_1_1' title="bbox 995 157 1871 275">
    <p class='ocr_par' dir='ltr' id='par_1_1' title="bbox 995 157 1871 275">
     <span class='ocr_line' id='line_1_1' title="bbox 995 157 1871 275; baseline -0.007 -23"><span class='ocrx_word' id='word_1_1' title='bbox 995 157 1165 252; x_wconf 71' lang='lat' dir='ltr'>enarr.</span> <span class='ocrx_word' id='word_1_2' title='bbox 1325 162 1328 167; x_wconf 80' lang='grc'><strong>’</strong></span> <span class='ocrx_word' id='word_1_3' title='bbox 1396 256 1400 264; x_wconf 68' lang='grc'>,</span> <span class='ocrx_word' id='word_1_4' title='bbox 1614 167 1619 190; x_wconf 91' lang='grc'><em>·</em></span> <span class='ocrx_word' id='word_1_5' title='bbox 1712 165 1788 247; x_wconf 82' lang='grc'>143</span> <span class='ocrx_word' id='word_1_6' title='bbox 1867 267 1871 275; x_wconf 33' lang='grc'>,</span> 
     </span>
    </p>
   </div>
   <div class='ocr_carea' id='block_1_2' title="bbox 315 379 1895 2319">
    <p class='ocr_par' dir='ltr' id='par_1_2' title="bbox 315 379 1895 2319">
     <span class='ocr_line' id='line_1_2' title="bbox 381 379 1789 494; baseline -0.008 -23"><span class='ocrx_word' id='word_1_7' title='bbox 381 389 481 484; x_wconf 88' lang='lat' dir='ltr'>Dei,</span> <span class='ocrx_word' id='word_1_8' title='bbox 524 388 725 494; x_wconf 86' lang='lat' dir='ltr'>quautam</span> <span class='ocrx_word' id='word_1_9' title='bbox 755 380 807 464; x_wconf 86' lang='lat' dir='ltr'>ad</span> <span class='ocrx_word' id='word_1_10' title='bbox 838 382 996 464; x_wconf 79' lang='lat' dir='ltr'>urinora</span> <span class='ocrx_word' id='word_1_11' title='bbox 1032 387 1198 489; x_wconf 86' lang='lat' dir='ltr'>peecata</span> <span class='ocrx_word' id='word_1_12' title='bbox 1234 379 1421 475; x_wconf 61' lang='lat' dir='ltr'>attinetr</span> <span class='ocrx_word' id='word_1_13' title='bbox 1444 386 1518 465; x_wconf 83' lang='lat' dir='ltr'>unt</span> <span class='ocrx_word' id='word_1_14' title='bbox 1556 380 1678 464; x_wconf 88' lang='lat' dir='ltr'>etiam</span> <span class='ocrx_word' id='word_1_15' title='bbox 1721 379 1789 463; x_wconf 83' lang='lat' dir='ltr'>ilie</span> 
     </span>
     <span class='ocr_line' id='line_1_3' title="bbox 380 511 1788 621; baseline -0.009 -18"><span class='ocrx_word' id='word_1_16' title='bbox 380 523 532 603; x_wconf 81' lang='lat' dir='ltr'>t&#39;urtrun</span> <span class='ocrx_word' id='word_1_17' title='bbox 562 511 681 611; x_wconf 75' lang='lat' dir='ltr'>tacit,</span> <span class='ocrx_word' id='word_1_18' title='bbox 724 513 795 620; x_wconf 92' lang='lat' dir='ltr'>qui</span> <span class='ocrx_word' id='word_1_19' title='bbox 824 511 915 595; x_wconf 86' lang='lat' dir='ltr'>aliis</span> <span class='ocrx_word' id='word_1_20' title='bbox 944 511 1096 593; x_wconf 86' lang='lat' dir='ltr'>nrabnu</span> <span class='ocrx_word' id='word_1_21' title='bbox 1127 511 1356 620; x_wconf 84' lang='lat' dir='ltr'>excrnpbnu</span> <span class='ocrx_word' id='word_1_22' title='bbox 1385 513 1554 621; x_wconf 85' lang='lat' dir='ltr'>praebet</span> <span class='ocrx_word' id='word_1_23' title='bbox 1591 518 1665 595; x_wconf 88' lang='lat' dir='ltr'>aut</span> <span class='ocrx_word' id='word_1_24' title='bbox 1693 511 1788 592; x_wconf 89' lang='lat' dir='ltr'>bor·</span> 
     </span>
     <span class='ocr_line' id='line_1_4' title="bbox 379 639 1784 752; baseline -0.008 -20"><span class='ocrx_word' id='word_1_25' title='bbox 379 656 490 734; x_wconf 84' lang='lat' dir='ltr'>tatur</span> <span class='ocrx_word' id='word_1_26' title='bbox 516 669 662 752; x_wconf 86' lang='lat' dir='ltr'>agere,</span> <span class='ocrx_word' id='word_1_27' title='bbox 705 647 902 750; x_wconf 78' lang='lat' dir='ltr'>quantuni</span> <span class='ocrx_word' id='word_1_28' title='bbox 932 641 1119 725; x_wconf 81' lang='lat' dir='ltr'>similiter</span> <span class='ocrx_word' id='word_1_29' title='bbox 1157 641 1208 725; x_wconf 77' lang='lat' dir='ltr'>eri</span> <span class='ocrx_word' id='word_1_30' title='bbox 1240 642 1396 725; x_wconf 84' lang='lat' dir='ltr'>ruinora</span> <span class='ocrx_word' id='word_1_31' title='bbox 1425 647 1593 750; x_wconf 78' lang='lat' dir='ltr'>precenta</span> <span class='ocrx_word' id='word_1_32' title='bbox 1621 639 1784 736; x_wconf 84' lang='lat' dir='ltr'>attinet,</span> 
     </span>
     <span class='ocr_line' id='line_1_5' title="bbox 380 771 1784 886; baseline -0.005 -26"><span class='ocrx_word' id='word_1_33' title='bbox 380 807 414 864; x_wconf 88' lang='lat' dir='ltr'>r.</span> <span class='ocrx_word' id='word_1_34' title='bbox 434 803 494 886; x_wconf 83' lang='lat' dir='ltr'>gr.</span> <span class='ocrx_word' id='word_1_35' title='bbox 525 775 558 856; x_wconf 88' lang='lat' dir='ltr'>si</span> <span class='ocrx_word' id='word_1_36' title='bbox 577 771 679 854; x_wconf 89' lang='lat' dir='ltr'>bora</span> <span class='ocrx_word' id='word_1_37' title='bbox 698 772 859 855; x_wconf 82' lang='lat' dir='ltr'>tacendi</span> <span class='ocrx_word' id='word_1_38' title='bbox 884 771 1074 880; x_wconf 83' lang='lat' dir='ltr'>loqueris,</span> <span class='ocrx_word' id='word_1_39' title='bbox 1102 778 1175 854; x_wconf 87' lang='lat' dir='ltr'>aut</span> <span class='ocrx_word' id='word_1_40' title='bbox 1205 771 1304 855; x_wconf 88' lang='lat' dir='ltr'>born</span> <span class='ocrx_word' id='word_1_41' title='bbox 1336 772 1497 880; x_wconf 78' lang='lat' dir='ltr'>legendi</span> <span class='ocrx_word' id='word_1_42' title='bbox 1526 777 1602 856; x_wconf 77' lang='lat' dir='ltr'>urit</span> <span class='ocrx_word' id='word_1_43' title='bbox 1630 771 1784 881; x_wconf 79' lang='lat' dir='ltr'>aliquid</span> 
     </span>
     <span class='ocr_line' id='line_1_6' title="bbox 377 899 1787 1014; baseline -0.004 -24"><span class='ocrx_word' id='word_1_44' title='bbox 377 901 524 1014; x_wconf 79' lang='lat' dir='ltr'>agendi</span> <span class='ocrx_word' id='word_1_45' title='bbox 555 907 597 984; x_wconf 88' lang='lat' dir='ltr'>te</span> <span class='ocrx_word' id='word_1_46' title='bbox 626 900 845 999; x_wconf 75' lang='lat' dir='ltr'><strong>subtrahis,</strong></span> <span class='ocrx_word' id='word_1_47' title='bbox 878 903 1032 984; x_wconf 78' lang='lat' dir='ltr'>t&#39;nrtrun</span> <span class='ocrx_word' id='word_1_48' title='bbox 1051 901 1151 1008; x_wconf 81' lang='lat' dir='ltr'>agis.</span> <span class='ocrx_word' id='word_1_49' title='bbox 1196 903 1312 999; x_wconf 72' lang='lat' dir='ltr'>Quod</span> <span class='ocrx_word' id='word_1_50' title='bbox 1342 903 1374 985; x_wconf 87' lang='lat' dir='ltr'>si</span> <span class='ocrx_word' id='word_1_51' title='bbox 1405 901 1496 985; x_wconf 84' lang='lat' dir='ltr'>aliis</span> <span class='ocrx_word' id='word_1_52' title='bbox 1522 899 1631 986; x_wconf 84' lang='lat' dir='ltr'>istud</span> <span class='ocrx_word' id='word_1_53' title='bbox 1653 931 1787 986; x_wconf 78' lang='lat' dir='ltr'>erenr-</span> 
     </span>
     <span class='ocr_line' id='line_1_7' title="bbox 377 1031 1787 1148; baseline 0.001 -33"><span class='ocrx_word' id='word_1_54' title='bbox 377 1037 488 1148; x_wconf 85' lang='lat' dir='ltr'>pinrn</span> <span class='ocrx_word' id='word_1_55' title='bbox 520 1033 701 1141; x_wconf 79' lang='lat' dir='ltr'>praebes,</span> <span class='ocrx_word' id='word_1_56' title='bbox 733 1033 886 1116; x_wconf 78' lang='lat' dir='ltr'>furtum</span> <span class='ocrx_word' id='word_1_57' title='bbox 912 1031 1024 1132; x_wconf 86' lang='lat' dir='ltr'>fucis,</span> <span class='ocrx_word' id='word_1_58' title='bbox 1057 1033 1175 1130; x_wconf 78' lang='lat' dir='ltr'>celsi</span> <span class='ocrx_word' id='word_1_59' title='bbox 1196 1031 1372 1114; x_wconf 85' lang='lat' dir='ltr'>hortaris</span> <span class='ocrx_word' id='word_1_60' title='bbox 1391 1031 1495 1132; x_wconf 84' lang='lat' dir='ltr'>illos,</span> <span class='ocrx_word' id='word_1_61' title='bbox 1525 1034 1633 1118; x_wconf 83' lang='lat' dir='ltr'>istud</span> <span class='ocrx_word' id='word_1_62' title='bbox 1651 1060 1787 1142; x_wconf 80' lang='lat' dir='ltr'>egere,</span> 
     </span>
     <span class='ocr_line' id='line_1_8' title="bbox 380 1160 1788 1278; baseline -0.002 -29"><span class='ocrx_word' id='word_1_63' title='bbox 380 1169 491 1278; x_wconf 85' lang='lat' dir='ltr'>pejus</span> <span class='ocrx_word' id='word_1_64' title='bbox 521 1166 677 1248; x_wconf 85' lang='lat' dir='ltr'>furtum</span> <span class='ocrx_word' id='word_1_65' title='bbox 716 1160 827 1244; x_wconf 80' lang='lat' dir='ltr'>tbcis.</span> <span class='ocrx_word' id='word_1_66' title='bbox 887 1161 1057 1246; x_wconf 78' lang='lat' dir='ltr'>b&#39;nrtnm</span> <span class='ocrx_word' id='word_1_67' title='bbox 1100 1163 1208 1246; x_wconf 83' lang='lat' dir='ltr'>euim</span> <span class='ocrx_word' id='word_1_68' title='bbox 1248 1168 1331 1266; x_wconf 82' lang='lat' dir='ltr'>est,</span> <span class='ocrx_word' id='word_1_69' title='bbox 1375 1163 1481 1246; x_wconf 86' lang='lat' dir='ltr'>sicut</span> <span class='ocrx_word' id='word_1_70' title='bbox 1517 1163 1580 1246; x_wconf 89' lang='lat' dir='ltr'>lex</span> <span class='ocrx_word' id='word_1_71' title='bbox 1619 1191 1788 1248; x_wconf 81' lang='lat' dir='ltr'>rorrrnua</span> 
     </span>
     <span class='ocr_line' id='line_1_9' title="bbox 346 1293 1874 1403; baseline 0 -26"><span class='ocrx_word' id='word_1_72' title='bbox 346 1297 487 1396; x_wconf 69' lang='lat' dir='ltr'>¹dicit,</span> <span class='ocrx_word' id='word_1_73' title='bbox 505 1295 537 1400; x_wconf 77' lang='lat'>¹)</span> <span class='ocrx_word' id='word_1_74' title='bbox 567 1293 840 1378; x_wconf 66' lang='lat' dir='ltr'>contrectatio</span> <span class='ocrx_word' id='word_1_75' title='bbox 870 1295 927 1378; x_wconf 91' lang='lat' dir='ltr'>rei</span> <span class='ocrx_word' id='word_1_76' title='bbox 956 1293 1204 1394; x_wconf 80' lang='lat' dir='ltr'>fraudolens,</span> <span class='ocrx_word' id='word_1_77' title='bbox 1234 1293 1297 1377; x_wconf 85' lang='lat' dir='ltr'>vel</span> <span class='ocrx_word' id='word_1_78' title='bbox 1326 1294 1454 1403; x_wconf 85' lang='lat' dir='ltr'>ipsios</span> <span class='ocrx_word' id='word_1_79' title='bbox 1483 1295 1538 1380; x_wconf 87' lang='lat' dir='ltr'>rei</span> <span class='ocrx_word' id='word_1_80' title='bbox 1569 1294 1631 1377; x_wconf 86' lang='lat' dir='ltr'>vel</span> <span class='ocrx_word' id='word_1_81' title='bbox 1661 1295 1785 1377; x_wconf 82' lang='lat' dir='ltr'>etiarn</span> <span class='ocrx_word' id='word_1_82' title='bbox 1870 1383 1874 1394; x_wconf 67' lang='grc'>,</span> 
     </span>
     <span class='ocr_line' id='line_1_10' title="bbox 377 1423 1785 1534; baseline -0.002 -25"><span class='ocrx_word' id='word_1_83' title='bbox 377 1453 471 1510; x_wconf 89' lang='lat' dir='ltr'>usus</span> <span class='ocrx_word' id='word_1_84' title='bbox 500 1426 588 1532; x_wconf 86' lang='lat' dir='ltr'>ejus</span> <span class='ocrx_word' id='word_1_85' title='bbox 618 1423 950 1532; x_wconf 83' lang='lat' dir='ltr'>possessionisre,</span> <span class='ocrx_word' id='word_1_86' title='bbox 995 1423 1147 1532; x_wconf 85' lang='lat' dir='ltr'>illaque</span> <span class='ocrx_word' id='word_1_87' title='bbox 1189 1423 1279 1532; x_wconf 76' lang='lat' dir='ltr'>lege</span> <span class='ocrx_word' id='word_1_88' title='bbox 1318 1425 1495 1509; x_wconf 78' lang='lat' dir='ltr'>rretrnali</span> <span class='ocrx_word' id='word_1_89' title='bbox 1534 1425 1785 1534; x_wconf 82' lang='lat' dir='ltr'>prohibitura</span> 
     </span>
     <span class='ocr_line' id='line_1_11' title="bbox 315 1553 1789 1666; baseline -0.001 -26"><span class='ocrx_word' id='word_1_90' title='bbox 315 1645 318 1652; x_wconf 66' lang='grc'><em>,</em></span> <span class='ocrx_word' id='word_1_91' title='bbox 376 1566 437 1642; x_wconf 84' lang='lat' dir='ltr'>est</span> <span class='ocrx_word' id='word_1_92' title='bbox 465 1555 696 1639; x_wconf 80' lang='lat' dir='ltr'>nrlrnittere.</span> <span class='ocrx_word' id='word_1_93' title='bbox 759 1553 931 1637; x_wconf 82' lang='lat' dir='ltr'>b&#39;rntunr</span> <span class='ocrx_word' id='word_1_94' title='bbox 960 1559 1096 1638; x_wconf 67' lang='lat' dir='ltr'>aubin</span> <span class='ocrx_word' id='word_1_95' title='bbox 1128 1553 1192 1642; x_wconf 82' lang='lat' dir='ltr'>rel</span> <span class='ocrx_word' id='word_1_96' title='bbox 1221 1585 1247 1638; x_wconf 86' lang='lat' dir='ltr'>a</span> <span class='ocrx_word' id='word_1_97' title='bbox 1276 1559 1405 1658; x_wconf 80' lang='lat' dir='ltr'>furve,</span> <span class='ocrx_word' id='word_1_98' title='bbox 1435 1555 1459 1640; x_wconf 86' lang='lat' dir='ltr'>i.</span> <span class='ocrx_word' id='word_1_99' title='bbox 1489 1584 1524 1640; x_wconf 90' lang='lat' dir='ltr'>e.</span> <span class='ocrx_word' id='word_1_100' title='bbox 1554 1555 1674 1666; x_wconf 84' lang='lat' dir='ltr'>nigro</span> <span class='ocrx_word' id='word_1_101' title='bbox 1704 1555 1789 1638; x_wconf 88' lang='lat' dir='ltr'>die·</span> 
     </span>
     <span class='ocr_line' id='line_1_12' title="bbox 375 1683 1825 1796; baseline -0.003 -26"><span class='ocrx_word' id='word_1_102' title='bbox 375 1697 460 1770; x_wconf 85' lang='lat' dir='ltr'>turn</span> <span class='ocrx_word' id='word_1_103' title='bbox 491 1690 564 1785; x_wconf 81' lang='lat' dir='ltr'>est,</span> <span class='ocrx_word' id='word_1_104' title='bbox 597 1685 705 1794; x_wconf 83' lang='lat' dir='ltr'>quod</span> <span class='ocrx_word' id='word_1_105' title='bbox 736 1685 841 1767; x_wconf 86' lang='lat' dir='ltr'>clarn</span> <span class='ocrx_word' id='word_1_106' title='bbox 872 1691 914 1768; x_wconf 90' lang='lat' dir='ltr'>et</span> <span class='ocrx_word' id='word_1_107' title='bbox 942 1685 1113 1770; x_wconf 83' lang='lat' dir='ltr'>obscure</span> <span class='ocrx_word' id='word_1_108' title='bbox 1143 1687 1191 1768; x_wconf 81' lang='lat' dir='ltr'>fit</span> <span class='ocrx_word' id='word_1_109' title='bbox 1220 1691 1262 1766; x_wconf 87' lang='lat' dir='ltr'>et</span> <span class='ocrx_word' id='word_1_110' title='bbox 1291 1684 1530 1796; x_wconf 85' lang='lat' dir='ltr'>plerumque</span> <span class='ocrx_word' id='word_1_111' title='bbox 1560 1691 1692 1788; x_wconf 69' lang='lat' dir='ltr'>recte,</span> <span class='ocrx_word' id='word_1_112' title='bbox 1723 1686 1785 1768; x_wconf 87' lang='lat' dir='ltr'>rel</span> <span class='ocrx_word' id='word_1_113' title='bbox 1822 1683 1825 1692; x_wconf 55' lang='lat'><em>⁴</em></span> 
     </span>
     <span class='ocr_line' id='line_1_13' title="bbox 372 1815 1810 1928; baseline -0.001 -27"><span class='ocrx_word' id='word_1_114' title='bbox 372 1817 578 1914; x_wconf 83' lang='lat' dir='ltr'>asruude,</span> <span class='ocrx_word' id='word_1_115' title='bbox 610 1815 673 1896; x_wconf 86' lang='lat' dir='ltr'>rel</span> <span class='ocrx_word' id='word_1_116' title='bbox 703 1843 728 1898; x_wconf 85' lang='lat' dir='ltr'>n</span> <span class='ocrx_word' id='word_1_117' title='bbox 758 1815 938 1914; x_wconf 80' lang='lat' dir='ltr'>serendo,</span> <span class='ocrx_word' id='word_1_118' title='bbox 974 1817 1000 1902; x_wconf 89' lang='lat' dir='ltr'>i.</span> <span class='ocrx_word' id='word_1_119' title='bbox 1031 1846 1065 1900; x_wconf 94' lang='lat' dir='ltr'>e.</span> <span class='ocrx_word' id='word_1_120' title='bbox 1102 1816 1338 1918; x_wconf 75' lang='lat' dir='ltr'>auterendo,</span> <span class='ocrx_word' id='word_1_121' title='bbox 1379 1817 1440 1900; x_wconf 86' lang='lat' dir='ltr'>vel</span> <span class='ocrx_word' id='word_1_122' title='bbox 1469 1845 1495 1900; x_wconf 87' lang='lat' dir='ltr'>a</span> <span class='ocrx_word' id='word_1_123' title='bbox 1522 1845 1673 1928; x_wconf 77' lang='lat' dir='ltr'>graeco</span> <span class='ocrx_word' id='word_1_124' title='bbox 1702 1843 1810 1902; x_wconf 59' lang='lat' dir='ltr'>ser-¹</span> 
     </span>
     <span class='ocr_line' id='line_1_14' title="bbox 376 1945 1787 2057; baseline -0.003 -25"><span class='ocrx_word' id='word_1_125' title='bbox 376 1975 508 2045; x_wconf 74' lang='lat' dir='ltr'>reione,</span> <span class='ocrx_word' id='word_1_126' title='bbox 536 1945 607 2056; x_wconf 93' lang='lat' dir='ltr'>qui</span> <span class='ocrx_word' id='word_1_127' title='bbox 636 1949 776 2053; x_wconf 81' lang='grc' dir='ltr'><em>φῶρας</em></span> <span class='ocrx_word' id='word_1_128' title='bbox 803 1945 1015 2057; x_wconf 85' lang='lat' dir='ltr'>appellant</span> <span class='ocrx_word' id='word_1_129' title='bbox 1042 1945 1175 2043; x_wconf 75' lang='lat' dir='ltr'>furesr</span> <span class='ocrx_word' id='word_1_130' title='bbox 1220 1948 1344 2031; x_wconf 86' lang='lat' dir='ltr'>imrno</span> <span class='ocrx_word' id='word_1_131' title='bbox 1374 1946 1497 2033; x_wconf 83' lang='lat' dir='ltr'>ctiam</span> <span class='ocrx_word' id='word_1_132' title='bbox 1528 1948 1672 2032; x_wconf 74' lang='lat' dir='ltr'>tiraeci</span> <span class='ocrx_word' id='word_1_133' title='bbox 1698 1947 1787 2030; x_wconf 75' lang='lat' dir='ltr'>o’nri</span> 
     </span>
     <span class='ocr_line' id='line_1_15' title="bbox 375 2074 1895 2193; baseline 0.001 -32"><span class='ocrx_word' id='word_1_134' title='bbox 375 2086 449 2164; x_wconf 67' lang='grc' dir='ltr'>τοῦ</span> <span class='ocrx_word' id='word_1_135' title='bbox 477 2074 689 2184; x_wconf 64' lang='lat' dir='ltr'>piperni.</span> <span class='ocrx_word' id='word_1_136' title='bbox 719 2103 752 2159; x_wconf 91' lang='lat' dir='ltr'>e.</span> <span class='ocrx_word' id='word_1_137' title='bbox 782 2105 808 2160; x_wconf 86' lang='lat' dir='ltr'>a</span> <span class='ocrx_word' id='word_1_138' title='bbox 836 2075 1005 2160; x_wconf 82' lang='lat' dir='ltr'>ferendo</span> <span class='ocrx_word' id='word_1_139' title='bbox 1035 2079 1174 2182; x_wconf 69' lang='lat' dir='ltr'>osipus</span> <span class='ocrx_word' id='word_1_140' title='bbox 1200 2077 1405 2162; x_wconf 82' lang='lat' dir='ltr'>dixerunt.</span> <span class='ocrx_word' id='word_1_141' title='bbox 1515 2099 1517 2103; x_wconf 83' lang='grc'><strong>’</strong></span> <span class='ocrx_word' id='word_1_142' title='bbox 1891 2185 1895 2193; x_wconf 89' lang='lat'>.</span> 
     </span>
     <span class='ocr_line' id='line_1_16' title="bbox 486 2205 1793 2319; baseline 0.004 -28"><span class='ocrx_word' id='word_1_143' title='bbox 486 2207 701 2316; x_wconf 81' lang='lat' dir='ltr'>chniturr</span> <span class='ocrx_word' id='word_1_144' title='bbox 747 2205 843 2291; x_wconf 87' lang='lat' dir='ltr'>Nou</span> <span class='ocrx_word' id='word_1_145' title='bbox 873 2205 1157 2311; x_wconf 80' lang='lat' dir='ltr'>corrurpisrcrc.</span> <span class='ocrx_word' id='word_1_146' title='bbox 1216 2209 1556 2319; x_wconf 80' lang='lat' dir='ltr'>Concupiscentia</span> <span class='ocrx_word' id='word_1_147' title='bbox 1593 2213 1699 2295; x_wconf 85' lang='lat' dir='ltr'>eninr</span> <span class='ocrx_word' id='word_1_148' title='bbox 1742 2221 1793 2296; x_wconf 88' lang='lat' dir='ltr'>et·</span> 
     </span>
    </p>
   </div>
   <div class='ocr_carea' id='block_1_3' title="bbox 376 2337 1999 2584">
    <p class='ocr_par' dir='ltr' id='par_1_3' title="bbox 376 2337 1999 2584">
     <span class='ocr_line' id='line_1_17' title="bbox 376 2337 1999 2452; baseline 0.002 -32"><span class='ocrx_word' id='word_1_149' title='bbox 376 2339 578 2450; x_wconf 74' lang='lat' dir='ltr'>cupiditas</span> <span class='ocrx_word' id='word_1_150' title='bbox 597 2337 823 2449; x_wconf 80' lang='lat' dir='ltr'>proprisio</span> <span class='ocrx_word' id='word_1_151' title='bbox 842 2337 993 2420; x_wconf 80' lang='lat' dir='ltr'>areium</span> <span class='ocrx_word' id='word_1_152' title='bbox 1012 2338 1176 2439; x_wconf 83' lang='lat' dir='ltr'>attinet,</span> <span class='ocrx_word' id='word_1_153' title='bbox 1203 2340 1244 2422; x_wconf 88' lang='lat' dir='ltr'>in</span> <span class='ocrx_word' id='word_1_154' title='bbox 1268 2341 1418 2425; x_wconf 83' lang='lat' dir='ltr'>bonurn</span> <span class='ocrx_word' id='word_1_155' title='bbox 1444 2368 1552 2440; x_wconf 82' lang='lat' dir='ltr'>vere,</span> <span class='ocrx_word' id='word_1_156' title='bbox 1582 2343 1614 2426; x_wconf 84' lang='lat' dir='ltr'>si</span> <span class='ocrx_word' id='word_1_157' title='bbox 1635 2347 1785 2452; x_wconf 87' lang='lat' dir='ltr'>reperi·</span> <span class='ocrx_word' id='word_1_158' title='bbox 1919 2369 1923 2378; x_wconf 91' lang='lat'><em>·</em></span> <span class='ocrx_word' id='word_1_159' title='bbox 1997 2342 1999 2349; x_wconf 83' lang='grc'><strong>’</strong></span> 
     </span>
     <span class='ocr_line' id='line_1_18' title="bbox 376 2469 1915 2584; baseline -0.001 -28"><span class='ocrx_word' id='word_1_160' title='bbox 376 2482 463 2563; x_wconf 85' lang='lat' dir='ltr'>tur.</span> <span class='ocrx_word' id='word_1_161' title='bbox 501 2499 585 2554; x_wconf 91' lang='lat' dir='ltr'>nou</span> <span class='ocrx_word' id='word_1_162' title='bbox 625 2471 791 2581; x_wconf 89' lang='lat' dir='ltr'>proprie</span> <span class='ocrx_word' id='word_1_163' title='bbox 820 2469 993 2568; x_wconf 86' lang='lat' dir='ltr'>dicitnr,</span> <span class='ocrx_word' id='word_1_164' title='bbox 1031 2469 1100 2552; x_wconf 82' lang='lat' dir='ltr'>sed</span> <span class='ocrx_word' id='word_1_165' title='bbox 1139 2471 1318 2555; x_wconf 79' lang='lat' dir='ltr'>atrnsive.</span> <span class='ocrx_word' id='word_1_166' title='bbox 1381 2471 1438 2555; x_wconf 85' lang='lat' dir='ltr'>De</span> <span class='ocrx_word' id='word_1_167' title='bbox 1467 2471 1544 2556; x_wconf 87' lang='lat' dir='ltr'>hac</span> <span class='ocrx_word' id='word_1_168' title='bbox 1572 2476 1787 2584; x_wconf 85' lang='lat' dir='ltr'>concupis·</span> <span class='ocrx_word' id='word_1_169' title='bbox 1913 2571 1915 2576; x_wconf 16' lang='grc' dir='ltr'>Ι</span> 
     </span>
    </p>
   </div>
   <div class='ocr_carea' id='block_1_4' title="bbox 289 2599 1786 3635">
    <p class='ocr_par' dir='ltr' id='par_1_4' title="bbox 289 2599 1786 3635">
     <span class='ocr_line' id='line_1_19' title="bbox 289 2599 1785 2708; baseline -0.001 -22"><span class='ocrx_word' id='word_1_170' title='bbox 289 2685 294 2697; x_wconf 79' lang='grc'><em>,</em></span> <span class='ocrx_word' id='word_1_171' title='bbox 375 2607 509 2688; x_wconf 59' lang='lat' dir='ltr'>(seritis</span> <span class='ocrx_word' id='word_1_172' title='bbox 529 2604 695 2687; x_wconf 84' lang='lat' dir='ltr'>dicebat</span> <span class='ocrx_word' id='word_1_173' title='bbox 713 2599 875 2702; x_wconf 83' lang='lat' dir='ltr'>Paulus,</span> <span class='ocrx_word' id='word_1_174' title='bbox 905 2627 998 2684; x_wconf 89' lang='lat' dir='ltr'>eum</span> <span class='ocrx_word' id='word_1_175' title='bbox 1027 2601 1145 2686; x_wconf 85' lang='lat' dir='ltr'>dicit:</span> <span class='ocrx_word' id='word_1_176' title='bbox 1175 2603 1269 2686; x_wconf 83' lang='lat' dir='ltr'>Non</span> <span class='ocrx_word' id='word_1_177' title='bbox 1299 2605 1406 2686; x_wconf 79' lang='lat' dir='ltr'>arira</span> <span class='ocrx_word' id='word_1_178' title='bbox 1433 2603 1538 2707; x_wconf 78' lang='lat' dir='ltr'>quod</span> <span class='ocrx_word' id='word_1_179' title='bbox 1565 2601 1651 2687; x_wconf 84' lang='lat' dir='ltr'>nolo</span> <span class='ocrx_word' id='word_1_180' title='bbox 1675 2603 1785 2708; x_wconf 73' lang='lat' dir='ltr'>facio</span> 
     </span>
     <span class='ocr_line' id='line_1_20' title="bbox 374 2731 1784 2844; baseline 0.001 -28"><span class='ocrx_word' id='word_1_181' title='bbox 374 2737 536 2835; x_wconf 63' lang='lat' dir='ltr'>totana,</span> <span class='ocrx_word' id='word_1_182' title='bbox 578 2735 651 2818; x_wconf 75' lang='lat' dir='ltr'>seri</span> <span class='ocrx_word' id='word_1_183' title='bbox 679 2733 783 2841; x_wconf 80' lang='lat' dir='ltr'>qnod</span> <span class='ocrx_word' id='word_1_184' title='bbox 810 2734 902 2816; x_wconf 81' lang='lat' dir='ltr'>rrolo</span> <span class='ocrx_word' id='word_1_185' title='bbox 930 2731 1101 2832; x_wconf 82' lang='lat' dir='ltr'>urcium,</span> <span class='ocrx_word' id='word_1_186' title='bbox 1141 2733 1213 2818; x_wconf 84' lang='lat' dir='ltr'>boc</span> <span class='ocrx_word' id='word_1_187' title='bbox 1241 2756 1329 2839; x_wconf 82' lang='lat' dir='ltr'>apo.</span> <span class='ocrx_word' id='word_1_188' title='bbox 1387 2731 1429 2816; x_wconf 90' lang='lat' dir='ltr'>Si</span> <span class='ocrx_word' id='word_1_189' title='bbox 1471 2761 1567 2818; x_wconf 85' lang='lat' dir='ltr'>uero</span> <span class='ocrx_word' id='word_1_190' title='bbox 1605 2735 1784 2844; x_wconf 70' lang='lat' dir='ltr'>aliquant</span> 
     </span>
     <span class='ocr_line' id='line_1_21' title="bbox 374 2864 1784 2964; baseline 0 -14"><span class='ocrx_word' id='word_1_191' title='bbox 374 2897 455 2952; x_wconf 81' lang='lat' dir='ltr'>rear</span> <span class='ocrx_word' id='word_1_192' title='bbox 485 2866 754 2952; x_wconf 85' lang='lat' dir='ltr'>neeessariam</span> <span class='ocrx_word' id='word_1_193' title='bbox 785 2864 1001 2964; x_wconf 84' lang='lat' dir='ltr'>desideras,</span> <span class='ocrx_word' id='word_1_194' title='bbox 1044 2865 1126 2951; x_wconf 85' lang='lat' dir='ltr'>clio</span> <span class='ocrx_word' id='word_1_195' title='bbox 1155 2865 1320 2952; x_wconf 85' lang='lat' dir='ltr'>nomine</span> <span class='ocrx_word' id='word_1_196' title='bbox 1350 2865 1473 2950; x_wconf 83' lang='lat' dir='ltr'>debes</span> <span class='ocrx_word' id='word_1_197' title='bbox 1501 2865 1656 2950; x_wconf 87' lang='lat' dir='ltr'>dicere:</span> <span class='ocrx_word' id='word_1_198' title='bbox 1703 2896 1784 2951; x_wconf 92' lang='lat' dir='ltr'>non</span> 
     </span>
     <span class='ocr_line' id='line_1_22' title="bbox 372 2993 1784 3108; baseline 0.001 -30"><span class='ocrx_word' id='word_1_199' title='bbox 372 2997 714 3104; x_wconf 73' lang='lat' dir='ltr'>eoricupiscnscrl</span> <span class='ocrx_word' id='word_1_200' title='bbox 744 2993 855 3097; x_wconf 86' lang='lat' dir='ltr'>rolo,·</span> <span class='ocrx_word' id='word_1_201' title='bbox 892 2995 1004 3080; x_wconf 83' lang='lat' dir='ltr'>verbi</span> <span class='ocrx_word' id='word_1_202' title='bbox 1035 2997 1168 3108; x_wconf 81' lang='lat' dir='ltr'>gratia</span> <span class='ocrx_word' id='word_1_203' title='bbox 1198 2997 1233 3082; x_wconf 88' lang='lat' dir='ltr'>si</span> <span class='ocrx_word' id='word_1_204' title='bbox 1262 2995 1465 3082; x_wconf 83' lang='lat' dir='ltr'>desideras</span> <span class='ocrx_word' id='word_1_205' title='bbox 1493 3027 1578 3083; x_wconf 76' lang='lat' dir='ltr'>reni</span> <span class='ocrx_word' id='word_1_206' title='bbox 1602 3026 1684 3084; x_wconf 92' lang='lat' dir='ltr'>nou</span> <span class='ocrx_word' id='word_1_207' title='bbox 1708 3000 1784 3082; x_wconf 88' lang='lat' dir='ltr'>tibi</span> 
     </span>
     <span class='ocr_line' id='line_1_23' title="bbox 374 3128 1784 3238; baseline 0.001 -26"><span class='ocrx_word' id='word_1_208' title='bbox 374 3132 653 3229; x_wconf 71' lang='lat' dir='ltr'>successorium,</span> <span class='ocrx_word' id='word_1_209' title='bbox 698 3129 1029 3238; x_wconf 86' lang='lat' dir='ltr'>concupiscentia</span> <span class='ocrx_word' id='word_1_210' title='bbox 1066 3135 1153 3229; x_wconf 84' lang='lat' dir='ltr'>cst,</span> <span class='ocrx_word' id='word_1_211' title='bbox 1197 3128 1231 3212; x_wconf 89' lang='lat' dir='ltr'>si</span> <span class='ocrx_word' id='word_1_212' title='bbox 1271 3135 1409 3214; x_wconf 86' lang='lat' dir='ltr'>cutem</span> <span class='ocrx_word' id='word_1_213' title='bbox 1452 3131 1656 3216; x_wconf 84' lang='lat' dir='ltr'>desideras</span> <span class='ocrx_word' id='word_1_214' title='bbox 1700 3160 1784 3216; x_wconf 86' lang='lat' dir='ltr'>reru</span> 
     </span>
     <span class='ocr_line' id='line_1_24' title="bbox 374 3261 1786 3370; baseline 0 -24"><span class='ocrx_word' id='word_1_215' title='bbox 374 3263 653 3361; x_wconf 81' lang='lat' dir='ltr'>necessariam,</span> <span class='ocrx_word' id='word_1_216' title='bbox 684 3290 767 3346; x_wconf 90' lang='lat' dir='ltr'>non</span> <span class='ocrx_word' id='word_1_217' title='bbox 790 3269 854 3346; x_wconf 87' lang='lat' dir='ltr'>est</span> <span class='ocrx_word' id='word_1_218' title='bbox 875 3261 1222 3370; x_wconf 86' lang='lat' dir='ltr'>concupiscentia,</span> <span class='ocrx_word' id='word_1_219' title='bbox 1251 3288 1391 3346; x_wconf 87' lang='lat' dir='ltr'>verum</span> <span class='ocrx_word' id='word_1_220' title='bbox 1416 3290 1507 3346; x_wconf 86' lang='lat' dir='ltr'>curn</span> <span class='ocrx_word' id='word_1_221' title='bbox 1527 3263 1645 3348; x_wconf 80' lang='lat' dir='ltr'>freno</span> <span class='ocrx_word' id='word_1_222' title='bbox 1664 3264 1786 3347; x_wconf 87' lang='lat' dir='ltr'>debes</span> 
     </span>
     <span class='ocr_line' id='line_1_25' title="bbox 374 3391 1785 3502; baseline 0.004 -28"><span class='ocrx_word' id='word_1_223' title='bbox 374 3391 483 3476; x_wconf 85' lang='lat' dir='ltr'>iilam</span> <span class='ocrx_word' id='word_1_224' title='bbox 522 3420 608 3477; x_wconf 86' lang='lat' dir='ltr'>rcrn</span> <span class='ocrx_word' id='word_1_225' title='bbox 650 3391 958 3502; x_wconf 73' lang='lat' dir='ltr'>concupiscerer</span> <span class='ocrx_word' id='word_1_226' title='bbox 1004 3419 1040 3474; x_wconf 85' lang='lat' dir='ltr'>v.</span> <span class='ocrx_word' id='word_1_227' title='bbox 1070 3419 1133 3502; x_wconf 84' lang='lat' dir='ltr'>gr.</span> <span class='ocrx_word' id='word_1_228' title='bbox 1172 3394 1205 3477; x_wconf 87' lang='lat' dir='ltr'>si</span> <span class='ocrx_word' id='word_1_229' title='bbox 1248 3392 1359 3476; x_wconf 85' lang='lat' dir='ltr'>rides</span> <span class='ocrx_word' id='word_1_230' title='bbox 1400 3399 1556 3478; x_wconf 85' lang='lat' dir='ltr'>vestem</span> <span class='ocrx_word' id='word_1_231' title='bbox 1594 3423 1677 3479; x_wconf 91' lang='lat' dir='ltr'>nou</span> <span class='ocrx_word' id='word_1_232' title='bbox 1707 3395 1785 3479; x_wconf 89' lang='lat' dir='ltr'>tibi</span> 
     </span>
     <span class='ocr_line' id='line_1_26' title="bbox 373 3520 1784 3635; baseline 0.001 -31"><span class='ocrx_word' id='word_1_233' title='bbox 373 3523 639 3608; x_wconf 85' lang='lat' dir='ltr'>neeessariam</span> <span class='ocrx_word' id='word_1_234' title='bbox 684 3529 728 3607; x_wconf 87' lang='lat' dir='ltr'>et</span> <span class='ocrx_word' id='word_1_235' title='bbox 769 3520 883 3606; x_wconf 85' lang='lat' dir='ltr'>iiiam</span> <span class='ocrx_word' id='word_1_236' title='bbox 926 3522 1203 3632; x_wconf 73' lang='lat' dir='ltr'>concupiscis,</span> <span class='ocrx_word' id='word_1_237' title='bbox 1248 3524 1580 3635; x_wconf 86' lang='lat' dir='ltr'>coucupiscentia</span> <span class='ocrx_word' id='word_1_238' title='bbox 1622 3534 1706 3622; x_wconf 67' lang='lat' dir='ltr'>estr</span> <span class='ocrx_word' id='word_1_239' title='bbox 1751 3527 1784 3607; x_wconf 80' lang='lat' dir='ltr'>si</span> 
     </span>
    </p>
   </div>
   <div class='ocr_carea' id='block_1_5' title="bbox 234 3652 1785 3758">
    <p class='ocr_par' dir='ltr' id='par_1_5' title="bbox 234 3652 1785 3758">
     <span class='ocr_line' id='line_1_27' title="bbox 234 3652 1785 3758; baseline 0 -22"><span class='ocrx_word' id='word_1_240' title='bbox 234 3745 238 3756; x_wconf 52' lang='grc'><em>,</em></span> <span class='ocrx_word' id='word_1_241' title='bbox 370 3659 506 3738; x_wconf 70' lang='lat' dir='ltr'>natm</span> <span class='ocrx_word' id='word_1_242' title='bbox 539 3680 701 3739; x_wconf 87' lang='lat' dir='ltr'>necesse</span> <span class='ocrx_word' id='word_1_243' title='bbox 730 3652 808 3736; x_wconf 90' lang='lat' dir='ltr'>tibi</span> <span class='ocrx_word' id='word_1_244' title='bbox 837 3659 920 3752; x_wconf 82' lang='lat' dir='ltr'>est,</span> <span class='ocrx_word' id='word_1_245' title='bbox 961 3654 1074 3738; x_wconf 87' lang='lat' dir='ltr'>iliam</span> <span class='ocrx_word' id='word_1_246' title='bbox 1105 3661 1259 3739; x_wconf 85' lang='lat' dir='ltr'>restem</span> <span class='ocrx_word' id='word_1_247' title='bbox 1288 3654 1462 3758; x_wconf 84' lang='lat' dir='ltr'>babere,</span> <span class='ocrx_word' id='word_1_248' title='bbox 1502 3655 1622 3742; x_wconf 70' lang='lat' dir='ltr'>(lebes</span> <span class='ocrx_word' id='word_1_249' title='bbox 1652 3658 1785 3741; x_wconf 84' lang='lat' dir='ltr'>dicere</span> 
     </span>
    </p>
   </div>
   <div class='ocr_carea' id='block_1_6' title="bbox 230 3784 1863 4686">
    <p class='ocr_par' dir='ltr' id='par_1_6' title="bbox 230 3784 1863 4686">
     <span class='ocr_line' id='line_1_28' title="bbox 230 3784 1785 3895; baseline 0.004 -31"><span class='ocrx_word' id='word_1_250' title='bbox 230 3847 235 3864; x_wconf 93' lang='lat'>.</span> <span class='ocrx_word' id='word_1_251' title='bbox 371 3785 520 3895; x_wconf 84' lang='lat' dir='ltr'>ubsque</span> <span class='ocrx_word' id='word_1_252' title='bbox 563 3787 712 3872; x_wconf 78' lang='lat' dir='ltr'>(turrino</span> <span class='ocrx_word' id='word_1_253' title='bbox 756 3784 916 3869; x_wconf 76' lang='lat' dir='ltr'>butrio:</span> <span class='ocrx_word' id='word_1_254' title='bbox 966 3786 1059 3870; x_wconf 83' lang='lat' dir='ltr'>nolo</span> <span class='ocrx_word' id='word_1_255' title='bbox 1102 3784 1254 3871; x_wconf 87' lang='lat' dir='ltr'>habere</span> <span class='ocrx_word' id='word_1_256' title='bbox 1296 3787 1421 3872; x_wconf 75' lang='lat' dir='ltr'>taleni</span> <span class='ocrx_word' id='word_1_257' title='bbox 1468 3797 1619 3870; x_wconf 83' lang='lat' dir='ltr'>restem</span> <span class='ocrx_word' id='word_1_258' title='bbox 1662 3815 1785 3870; x_wconf 71' lang='lat' dir='ltr'>euersa</span> 
     </span>
     <span class='ocr_line' id='line_1_29' title="bbox 371 3915 1797 4030; baseline 0.006 -35"><span class='ocrx_word' id='word_1_259' title='bbox 371 3915 623 4000; x_wconf 80' lang='lat' dir='ltr'>necessitatis</span> <span class='ocrx_word' id='word_1_260' title='bbox 652 3941 778 4001; x_wconf 86' lang='lat' dir='ltr'>mene.</span> <span class='ocrx_word' id='word_1_261' title='bbox 1038 3923 1073 4030; x_wconf 28' lang='lat'>⁵.</span> <span class='ocrx_word' id='word_1_262' title='bbox 1796 3943 1797 3946; x_wconf 65' lang='lat'>‘</span> 
     </span>
     <span class='ocr_line' id='line_1_30' title="bbox 481 4043 1782 4158; baseline 0 -28"><span class='ocrx_word' id='word_1_263' title='bbox 481 4046 698 4156; x_wconf 78' lang='lat' dir='ltr'>Sequitur:</span> <span class='ocrx_word' id='word_1_264' title='bbox 742 4043 837 4130; x_wconf 86' lang='lat' dir='ltr'>Non</span> <span class='ocrx_word' id='word_1_265' title='bbox 872 4044 1027 4152; x_wconf 78' lang='lat' dir='ltr'>laisum</span> <span class='ocrx_word' id='word_1_266' title='bbox 1063 4046 1332 4132; x_wconf 83' lang='lat' dir='ltr'>testimoninm</span> <span class='ocrx_word' id='word_1_267' title='bbox 1368 4048 1511 4137; x_wconf 68' lang='lat' dir='ltr'>(iicon.</span> <span class='ocrx_word' id='word_1_268' title='bbox 1572 4046 1782 4158; x_wconf 83' lang='lat' dir='ltr'>Numquid</span> 
     </span>
     <span class='ocr_line' id='line_1_31' title="bbox 371 4175 1863 4290; baseline 0.002 -32"><span class='ocrx_word' id='word_1_269' title='bbox 371 4175 439 4259; x_wconf 88' lang='lat' dir='ltr'>ille</span> <span class='ocrx_word' id='word_1_270' title='bbox 468 4175 726 4263; x_wconf 81' lang='lat' dir='ltr'>solummodo</span> <span class='ocrx_word' id='word_1_271' title='bbox 755 4177 901 4262; x_wconf 84' lang='lat' dir='ltr'>salsum</span> <span class='ocrx_word' id='word_1_272' title='bbox 930 4177 1211 4263; x_wconf 87' lang='lat' dir='ltr'>testimoninm</span> <span class='ocrx_word' id='word_1_273' title='bbox 1243 4178 1365 4282; x_wconf 79' lang='lat' dir='ltr'>dicit,</span> <span class='ocrx_word' id='word_1_274' title='bbox 1409 4180 1480 4290; x_wconf 89' lang='lat' dir='ltr'>qui</span> <span class='ocrx_word' id='word_1_275' title='bbox 1507 4209 1629 4290; x_wconf 88' lang='lat' dir='ltr'>snper</span> <span class='ocrx_word' id='word_1_276' title='bbox 1657 4179 1781 4264; x_wconf 83' lang='lat' dir='ltr'>aliurn</span> <span class='ocrx_word' id='word_1_277' title='bbox 1861 4239 1863 4242; x_wconf 87' lang='lat'>-</span> 
     </span>
     <span class='ocr_line' id='line_1_32' title="bbox 371 4297 1813 4423; baseline 0.004 -35"><span class='ocrx_word' id='word_1_278' title='bbox 371 4308 602 4393; x_wconf 82' lang='lat' dir='ltr'>mentitur?</span> <span class='ocrx_word' id='word_1_279' title='bbox 658 4307 766 4394; x_wconf 84' lang='lat' dir='ltr'>Vere</span> <span class='ocrx_word' id='word_1_280' title='bbox 805 4309 875 4394; x_wconf 85' lang='lat' dir='ltr'>iiie</span> <span class='ocrx_word' id='word_1_281' title='bbox 917 4309 1062 4394; x_wconf 78' lang='lat' dir='ltr'>falsum</span> <span class='ocrx_word' id='word_1_282' title='bbox 1102 4310 1383 4396; x_wconf 85' lang='lat' dir='ltr'>testimonium</span> <span class='ocrx_word' id='word_1_283' title='bbox 1421 4312 1540 4412; x_wconf 80' lang='lat' dir='ltr'>dicit,</span> <span class='ocrx_word' id='word_1_284' title='bbox 1583 4313 1652 4423; x_wconf 88' lang='lat' dir='ltr'>qui</span> <span class='ocrx_word' id='word_1_285' title='bbox 1692 4297 1813 4416; x_wconf 18' lang='lat' dir='ltr'>seit,-</span> 
     </span>
     <span class='ocr_line' id='line_1_33' title="bbox 373 4437 1781 4554; baseline 0.004 -34"><span class='ocrx_word' id='word_1_286' title='bbox 373 4439 516 4522; x_wconf 84' lang='lat' dir='ltr'>t&#39;alsuru</span> <span class='ocrx_word' id='word_1_287' title='bbox 548 4466 646 4541; x_wconf 87' lang='lat' dir='ltr'>esse,</span> <span class='ocrx_word' id='word_1_288' title='bbox 676 4440 788 4549; x_wconf 85' lang='lat' dir='ltr'>qnod</span> <span class='ocrx_word' id='word_1_289' title='bbox 814 4439 945 4542; x_wconf 80' lang='lat' dir='ltr'>audit,</span> <span class='ocrx_word' id='word_1_290' title='bbox 975 4448 1018 4527; x_wconf 86' lang='lat' dir='ltr'>et</span> <span class='ocrx_word' id='word_1_291' title='bbox 1046 4447 1169 4530; x_wconf 84' lang='lat' dir='ltr'>tecet.</span> <span class='ocrx_word' id='word_1_292' title='bbox 1212 4441 1319 4542; x_wconf 77' lang='lat' dir='ltr'>carn</span> <span class='ocrx_word' id='word_1_293' title='bbox 1342 4469 1442 4554; x_wconf 77' lang='lat' dir='ltr'>ergo</span> <span class='ocrx_word' id='word_1_294' title='bbox 1462 4437 1528 4527; x_wconf 88' lang='lat' dir='ltr'>isti</span> <span class='ocrx_word' id='word_1_295' title='bbox 1550 4442 1781 4530; x_wconf 72' lang='lat' dir='ltr'>facienduea</span> 
     </span>
     <span class='ocr_line' id='line_1_34' title="bbox 371 4569 1784 4686; baseline 0.003 -35"><span class='ocrx_word' id='word_1_296' title='bbox 371 4576 445 4670; x_wconf 85' lang='lat' dir='ltr'>est,</span> <span class='ocrx_word' id='word_1_297' title='bbox 475 4569 544 4678; x_wconf 87' lang='lat' dir='ltr'>qni</span> <span class='ocrx_word' id='word_1_298' title='bbox 573 4569 720 4655; x_wconf 79' lang='lat' dir='ltr'>falsum</span> <span class='ocrx_word' id='word_1_299' title='bbox 744 4571 862 4656; x_wconf 85' lang='lat' dir='ltr'>audit</span> <span class='ocrx_word' id='word_1_300' title='bbox 885 4577 929 4656; x_wconf 87' lang='lat' dir='ltr'>ct</span> <span class='ocrx_word' id='word_1_301' title='bbox 945 4577 1069 4679; x_wconf 80' lang='lat' dir='ltr'>tecet,</span> <span class='ocrx_word' id='word_1_302' title='bbox 1091 4581 1138 4660; x_wconf 88' lang='lat' dir='ltr'>ut</span> <span class='ocrx_word' id='word_1_303' title='bbox 1155 4575 1234 4661; x_wconf 80' lang='lat' dir='ltr'>sibi</span> <span class='ocrx_word' id='word_1_304' title='bbox 1257 4602 1342 4660; x_wconf 79' lang='lat' dir='ltr'>aron</span> <span class='ocrx_word' id='word_1_305' title='bbox 1368 4581 1607 4686; x_wconf 76' lang='lat' dir='ltr'>reputetur?</span> <span class='ocrx_word' id='word_1_306' title='bbox 1650 4573 1784 4660; x_wconf 84' lang='lat' dir='ltr'>Debet</span> 
     </span>
    </p>
   </div>
   <div class='ocr_carea' id='block_1_7' title="bbox 331 4695 1930 4818">
    <p class='ocr_par' dir='ltr' id='par_1_7' title="bbox 331 4695 1930 4818">
     <span class='ocr_line' id='line_1_35' title="bbox 331 4695 1930 4818; baseline 0.006 -40"><span class='ocrx_word' id='word_1_307' title='bbox 331 4695 449 4795; x_wconf 61' lang='lat' dir='ltr'>ficte</span> <span class='ocrx_word' id='word_1_308' title='bbox 478 4699 571 4785; x_wconf 79' lang='lat' dir='ltr'>tuiis</span> <span class='ocrx_word' id='word_1_309' title='bbox 599 4700 800 4802; x_wconf 82' lang='lat' dir='ltr'>discretus</span> <span class='ocrx_word' id='word_1_310' title='bbox 829 4729 939 4804; x_wconf 78' lang='lat' dir='ltr'>esse,</span> <span class='ocrx_word' id='word_1_311' title='bbox 983 4703 1010 4792; x_wconf 88' lang='lat' dir='ltr'>i.</span> <span class='ocrx_word' id='word_1_312' title='bbox 1039 4731 1074 4789; x_wconf 85' lang='lat' dir='ltr'>e.</span> <span class='ocrx_word' id='word_1_313' title='bbox 1115 4703 1239 4790; x_wconf 84' lang='lat' dir='ltr'>debet</span> <span class='ocrx_word' id='word_1_314' title='bbox 1266 4731 1340 4814; x_wconf 83' lang='lat' dir='ltr'>per</span> <span class='ocrx_word' id='word_1_315' title='bbox 1368 4703 1782 4815; x_wconf 63' lang='lat' dir='ltr'>argumentationem,</span> <span class='ocrx_word' id='word_1_316' title='bbox 1928 4811 1930 4818; x_wconf 23' lang='grc' dir='ltr'>Ι</span> 
     </span>
    </p>
   </div>
   <div class='ocr_carea' id='block_1_8' title="bbox 371 4830 1781 4946">
    <p class='ocr_par' dir='ltr' id='par_1_8' title="bbox 371 4830 1781 4946">
     <span class='ocr_line' id='line_1_36' title="bbox 371 4830 1781 4946; baseline 0.004 -34"><span class='ocrx_word' id='word_1_317' title='bbox 371 4857 490 4938; x_wconf 83' lang='lat' dir='ltr'>quara</span> <span class='ocrx_word' id='word_1_318' title='bbox 522 4831 709 4942; x_wconf 83' lang='lat' dir='ltr'>superius</span> <span class='ocrx_word' id='word_1_319' title='bbox 737 4830 844 4933; x_wconf 82' lang='lat' dir='ltr'>uixi,</span> <span class='ocrx_word' id='word_1_320' title='bbox 882 4834 1189 4946; x_wconf 78' lang='lat' dir='ltr'>coguoscerc‚²)</span> <span class='ocrx_word' id='word_1_321' title='bbox 1231 4836 1259 4924; x_wconf 86' lang='lat' dir='ltr'>i.</span> <span class='ocrx_word' id='word_1_322' title='bbox 1288 4861 1323 4923; x_wconf 90' lang='lat' dir='ltr'>e.</span> <span class='ocrx_word' id='word_1_323' title='bbox 1361 4835 1394 4918; x_wconf 85' lang='lat' dir='ltr'>si</span> <span class='ocrx_word' id='word_1_324' title='bbox 1424 4843 1557 4922; x_wconf 83' lang='lat' dir='ltr'>certus</span> <span class='ocrx_word' id='word_1_325' title='bbox 1594 4865 1677 4922; x_wconf 91' lang='lat' dir='ltr'>uon</span> <span class='ocrx_word' id='word_1_326' title='bbox 1708 4843 1781 4936; x_wconf 80' lang='lat' dir='ltr'>est,</span> 
     </span>
    </p>
   </div>
   <div class='ocr_carea' id='block_1_9' title="bbox 371 4973 627 4990">
    <p class='ocr_par' dir='ltr' id='par_1_9' title="bbox 371 4973 627 4990">
     <span class='ocr_line' id='line_1_37' title="bbox 371 4973 627 4990; baseline 0.016 -4"><span class='ocrx_word' id='word_1_327' title='bbox 371 4973 627 4990; x_wconf 55' lang='lat' dir='ltr'><strong><em>m</em></strong></span> 
     </span>
    </p>
   </div>
   <div class='ocr_carea' id='block_1_10' title="bbox 459 5025 1722 5230">
    <p class='ocr_par' dir='ltr' id='par_1_10' title="bbox 459 5025 1722 5230">
     <span class='ocr_line' id='line_1_38' title="bbox 461 5025 1193 5116; baseline 0.018 -25"><span class='ocrx_word' id='word_1_328' title='bbox 461 5031 488 5116; x_wconf 79' lang='lat'>¹)</span> <span class='ocrx_word' id='word_1_329' title='bbox 510 5027 686 5115; x_wconf 67' lang='lat' dir='ltr'>rige-roc</span> <span class='ocrx_word' id='word_1_330' title='bbox 704 5025 767 5100; x_wconf 86' lang='lat' dir='ltr'>lib.</span> <span class='ocrx_word' id='word_1_331' title='bbox 791 5029 846 5099; x_wconf 79' lang='grc'>47.</span> <span class='ocrx_word' id='word_1_332' title='bbox 870 5027 927 5102; x_wconf 81' lang='lat' dir='ltr'>tit.</span> <span class='ocrx_word' id='word_1_333' title='bbox 951 5033 983 5102; x_wconf 76' lang='grc'>2.</span> <span class='ocrx_word' id='word_1_334' title='bbox 1008 5029 1054 5101; x_wconf 81' lang='lat' dir='ltr'>dc</span> <span class='ocrx_word' id='word_1_335' title='bbox 1078 5031 1193 5104; x_wconf 80' lang='lat' dir='ltr'>tortis.</span> 
     </span>
     <span class='ocr_line' id='line_1_39' title="bbox 459 5137 1722 5230; baseline 0.005 -24"><span class='ocrx_word' id='word_1_336' title='bbox 459 5143 487 5225; x_wconf 72' lang='grc' dir='ltr'>Ι)</span> <span class='ocrx_word' id='word_1_337' title='bbox 510 5155 720 5227; x_wconf 73' lang='lat' dir='ltr'>cognoscere</span> <span class='ocrx_word' id='word_1_338' title='bbox 743 5139 995 5230; x_wconf 74' lang='lat' dir='ltr'>congruentias</span> <span class='ocrx_word' id='word_1_339' title='bbox 1018 5145 1056 5212; x_wconf 86' lang='lat' dir='ltr'>ct</span> <span class='ocrx_word' id='word_1_340' title='bbox 1078 5137 1357 5210; x_wconf 71' lang='lat' dir='ltr'>constrariotater.</span> <span class='ocrx_word' id='word_1_341' title='bbox 1405 5138 1490 5212; x_wconf 78' lang='lat' dir='ltr'>Cen.</span> <span class='ocrx_word' id='word_1_342' title='bbox 1514 5137 1722 5212; x_wconf 78' lang='lat' dir='ltr'>linirierurn.</span> 
     </span>
    </p>
   </div>
   <div class='ocr_carea' id='block_1_11' title="bbox 0 0 2172 5750">
    <p class='ocr_par' dir='ltr' id='par_1_11' title="bbox 0 0 2172 5750">
     <span class='ocr_line' id='line_1_40' title="bbox 0 0 2172 5750; baseline 0 3"><span class='ocrx_word' id='word_1_343' title='bbox 0 0 2172 5750; x_wconf 95' lang='lat' dir='ltr'> </span> 
     </span>
    </p>
   </div>
  </div>
 </body>
</html>
