3994 5770
260 165 344 254 ere
633 185 636 192 ·
724 247 726 252 ,
872 165 961 258 esp.
983 101 1067 236 vn.¹

131 419 136 459 ε
261 377 585 500 contessionem,
632 381 846 494 praemisit
895 382 1121 472 lrrrnrilmn?
1164 382 1356 470 videlieet
1397 413 1475 496 pro
1519 385 1681 474 duobus

262 511 417 618 modis3
458 541 543 598 uuo
581 511 692 598 euim
732 515 856 600 modo
884 515 991 600 dixit
1031 513 1246 618 lrnrnr'lcrrr',
1276 513 1375 626 quie
1403 515 1519 620 vult,
1547 525 1597 601 ut
1623 519 1681 603 ita
1743 532 1746 542 '

262 643 427 730 sordide
465 644 613 729 debeat
650 643 744 728 illas
780 647 973 766 nuntiare
1010 650 1056 731 et
1083 647 1345 732 rnuniiestare
1371 647 1535 748 abbati,
1572 646 1681 733 sicut

85 837 91 856 .
261 775 487 886 eogituritr
516 803 611 858 uam
627 781 726 862 suut
751 778 885 879 multi,
911 777 983 888 qui
997 805 1232 864 causasuae
1246 778 1517 888 turpitudinis
1533 778 1682 864 uolunt
1799 822 1805 833 ·

263 907 353 990 illas
383 906 658 1018 cogitationes
685 908 747 993 ita
774 909 937 992 sordide
963 909 1226 995 manifestare
1245 909 1401 1014 abbati,
1419 909 1490 994 sed
1507 909 1682 1018 palliant

262 1025 354 1123 illes
381 1037 518 1123 verbis
545 1043 589 1123 et
615 1040 859 1152 cooperiunt
886 1045 929 1123 et
955 1039 1118 1126 dicunt:
1156 1041 1251 1125 ideo
1279 1040 1380 1125 haee
1408 1039 1601 1142 fecimus,
1629 1068 1682 1125 uc

262 1170 333 1254 ille
345 1171 378 1284 ¹)
407 1171 521 1282 prior
557 1175 747 1255 vereatur
784 1173 941 1256 audire.
998 1171 1073 1255 Isti
1113 1171 1218 1256 tales
1244 1171 1436 1256 nesciunt
1464 1199 1683 1282 recognos-

152 1405 155 1413 .
262 1329 353 1386 cere
380 1299 495 1410 suam
520 1299 818 1409 turpitudinem
838 1306 882 1386 et
909 1302 1083 1386 mittunt
1097 1302 1140 1386 in
1159 1301 1274 1386 illum
1288 1303 1478 1412 priorem,
1501 1330 1554 1386 ue
1572 1301 1683 1384 ride·

165 1429 179 1472 ‘
238 1435 389 1514 untur
428 1430 466 1514 ei
508 1430 648 1538 turpia
689 1431 835 1519 dicere.
893 1431 949 1515 m
988 1433 1137 1516 iterum
1170 1437 1270 1516 suut
1307 1432 1404 1535 alii,
1443 1434 1538 1542 qui,
1576 1433 1684 1515 sient

265 1559 457 1669 cogitant
492 1559 676 1663 sordide,
710 1560 769 1645 ita
797 1559 889 1644 illes
917 1563 1082 1646 sordide
1104 1563 1250 1648 dicunt
1274 1563 1433 1665 abbati,
1473 1569 1517 1646 et
1543 1567 1681 1646 tnmcu

266 1695 429 1800 optant,
458 1695 506 1773 ut
534 1689 605 1774 ille
632 1690 760 1775 abbas
789 1720 873 1776 uon
901 1692 1125 1803 intelliget,
1154 1693 1253 1804 quia
1279 1693 1373 1779 ideo
1402 1693 1571 1790 dicunt,
1598 1722 1682 1776 nou

266 1826 314 1906 ut
340 1823 412 1906 ille
433 1822 574 1907 eredat
591 1824 778 1908 costales
801 1824 1077 1936 cogitationes
1093 1825 1289 1936 cogitare,
1319 1825 1390 1909 sed
1410 1853 1532 1909 causa
1551 1823 1685 1907 lmnri·

267 1953 396 2039 litatis
432 1959 552 2067 putet
589 1953 683 2038 illos
719 1952 867 2044 elicere.
925 1955 998 2040 Isti
1040 1957 1144 2042 tales
1180 1963 1222 2042 et
1250 1957 1312 2041 illi
1340 1958 1571 2068 superiores
1600 1987 1682 2040 uon

267 2115 340 2200 por
378 2086 576 2171 humilem
615 2087 914 2172 confessionem
956 2090 1208 2174 confitentur
1250 2099 1420 2200 peccota
1460 2120 1547 2191 sua,
1587 2119 1682 2174 eum

266 2221 348 2308 isto
384 2218 508 2304 modo
546 2220 809 2308 confitentur.
867 2221 973 2307 ltcm
1010 2227 1109 2306 sunt
1150 2221 1242 2326 elii,
1277 2223 1349 2334 qni
1388 2225 1495 2309 sicut
1523 2221 1685 2308 sordide

268 2352 478 2464 cogitant,
508 2351 569 2436 itu
596 2352 758 2438 sordide
786 2353 1053 2440 manifestant
1080 2354 1222 2442 ubbnti
1259 2385 1335 2440 suo
1363 2339 1494 2441 etita
1523 2355 1684 2457 volunt,

269 2490 317 2569 ut
343 2483 471 2570 abbas
499 2485 721 2595 intelliget,
749 2487 964 2597 sierrt·ipsi
984 2489 1253 2574 manifestant
1279 2488 1468 2586 sordide3
1496 2485 1566 2570 isti
1588 2491 1685 2570 suut
1749 2557 1754 2566 .

135 2729 139 2738 1
239 2615 455 2739 perlecti.
511 2615 616 2703 Item
657 2623 756 2702 scrut
790 2619 884 2725 alii,
926 2623 998 2732 qui
1026 2623 1134 2706 sicut
1170 2620 1334 2707 sordide
1376 2619 1587 2730 cogitant,
1626 2618 1686 2702 itu

268 2749 431 2835 sordide
473 2750 740 2834 manifestent
780 2760 824 2838 et
870 2754 1016 2838 volunt
1065 2754 1190 2839 etiam
1232 2753 1325 2863 plus
1367 2753 1524 2852 dicere,
1562 2780 1684 2860 qucm
1797 2761 1802 2768 '

195 2883 204 2962 ζ
269 2885 466 2995 possunt,
508 2911 558 2964 eo
596 2882 706 2990 quod
749 2883 853 2968 tales
894 2887 1168 2995 cogitationes
1206 2883 1337 2969 malae
1374 2882 1596 2992 aliqnando
1625 2882 1684 2964 ita
1768 2971 1773 2978 ,

145 3107 148 3113 ,
198 3085 202 3094 .
270 3013 456 3098 sordidae
496 3011 691 3111 verrinnt,
730 3043 854 3124 (prae¹
872 3017 1007 3099 verbis
1042 3016 1238 3127 explicari
1280 3044 1363 3099 non
1404 3019 1602 3122 possunt,
1642 3019 1687 3094 et
1831 3061 1833 3066 ,

271 3145 417 3227 volunt
455 3143 606 3242 ctinrn,
651 3149 698 3224 ut
734 3169 816 3226 nou
860 3145 992 3230 solnrn
1031 3146 1242 3256 intelligat
1279 3145 1340 3228 ita
1379 3145 1519 3248 obbas,
1564 3143 1686 3226 sicuti
1760 3139 1764 3146 ’

271 3275 556 3377 manifestant,
594 3303 737 3358 rernm
776 3276 899 3360 etiam
940 3276 1107 3378 uolunt,
1146 3287 1195 3362 ut
1230 3279 1322 3388 plus
1361 3274 1592 3384 intelligutr
1621 3273 1687 3357 isti
1845 3339 1850 3348 .

162 3471 165 3478 .
271 3407 374 3492 tales
412 3407 503 3518 plus
538 3416 637 3494 stunt
664 3439 788 3520 qnam
826 3413 1012 3521 perlecti.
1070 3411 1174 3497 lteru
1203 3412 1336 3496 altero
1365 3410 1488 3495 modo
1518 3407 1685 3493 lnnnilis

272 3544 474 3631 confessio
502 3547 578 3644 est,
595 3571 713 3650 .quae
740 3571 836 3627 eum
864 3543 1042 3630 lacrimis
1070 3549 1144 3629 erut
1170 3529 1356 3655 suspiriis
1386 3547 1445 3632 lit.

210 3675 215 3690 '
383 3675 600 3787 Sequitur:
640 3677 791 3762 llor‘lot
819 3703 892 3764 nos
919 3676 1059 3762 delere
1081 3705 1125 3792 re
1145 3677 1350 3782 scripturo
1372 3677 1513 3764 dirime
1529 3677 1690 3763 nlicere:

275 3812 426 3900 chclo
466 3809 643 3896 Domino
684 3810 793 3895 cinrn
832 3815 943 3895 lerum
982 3816 1019 3894 ct
1053 3837 1176 3918 sporo
1219 3814 1262 3894 in
1302 3837 1360 3901 co.
1417 3811 1522 3910 tluia
1560 3809 1691 3894 uolnit

276 3946 323 4030 ll.
354 3945 624 4049 Benedictus,
664 3949 712 4027 ut
751 3942 942 4028 credetur
978 3942 1039 4028 illi
1076 3944 1127 4027 de
1166 3945 1423 4029 consessione
1460 3941 1588 4053 priori
1615 3973 1690 4026 suo

275 4076 485 4178 socienda,
533 4075 625 4160 ide'o
672 4073 772 4161 lraec
812 4076 999 4186 exempla
1036 4077 1287 4187 subjungere
1326 4077 1497 4163 studuit
1569 4074 1691 4160 Nunc

275 4209 497 4295 videndum
537 4213 616 4312 est,
650 4239 776 4320 quare
815 4209 1018 4320 propheta
1057 4209 1163 4294 dixit
1191 4212 1342 4297 Ilccclu
1370 4210 1548 4296 Donrino
1582 4208 1692 4294 tiron

275 4352 407 4446 lerona,
436 4371 529 4428 cum
559 4343 737 4428 Domino
767 4344 906 4427 omnia
936 4343 1045 4427 nuda
1074 4350 1117 4428 et
1144 4346 1288 4453 aperta
1315 4343 1431 4427 siut?
1473 4343 1570 4429 Non
1598 4342 1691 4427 ideo

277 4476 382 4560 dixit
418 4474 569 4562 Itceclo
603 4472 713 4558 ciorn
749 4480 877 4574 lnonr,
918 4475 946 4561 i.
984 4502 1019 4562 e.
1056 4475 1263 4561 actionem
1301 4480 1345 4560 et
1383 4475 1691 4585 cogitationem,

278 4616 327 4692 nt
355 4607 423 4692 ille
451 4634 526 4714 per
552 4611 666 4688 tunm
695 4603 985 4688 revelationem
1014 4610 1249 4715 cognoscat,
1279 4634 1370 4690 cnm
1399 4607 1595 4716 seriptum
1616 4608 1692 4706 est,

277 4739 386 4822 sicut
413 4736 600 4846 superius
628 4733 784 4820 dictum
824 4740 887 4818 cst
914 4735 966 4819 de
1003 4735 1102 4819 illo:
1143 4743 1332 4821 sernlons
1359 4737 1483 4822 cordo
1510 4741 1548 4819 ct
1576 4761 1693 4820 rencs

279 4870 416 4974 Dens,
469 4867 539 4952 sed
581 4866 675 4951 ideo
714 4865 814 4950 dicit
852 4867 1002 4951 Ilerclo
1044 4864 1222 4954 Domino
1265 4871 1374 4954 riom
1413 4875 1544 4968 trronr,
1592 4864 1619 4950 i.
1656 4892 1692 4948 e.
1756 4972 1763 4986 ο

278 5064 541 5078 ffl-

370 5161 396 5250 1)
418 5155 493 5230 illu.
526 5157 610 5231 cod.
634 5155 828 5230 llcllicens.
