3968 5774
820 181 905 274 cup.
929 181 1124 258 xxxrm.
1599 179 1673 272 421

379 401 598 512 Sequitur:
642 401 714 486 scd
755 403 809 486 sii
852 402 895 485 in
934 401 993 486 cis
1028 407 1104 507 prin
1144 405 1435 507 consideratio,
1488 413 1524 492 ct
1554 433 1681 510 proc-

273 534 433 620 ocniont
459 531 584 614 horos
614 535 844 620 corronicus.
902 532 995 617 Non
1037 541 1100 618 cst
1139 537 1248 621 cuim
1288 542 1354 645 pia
1394 535 1681 637 consideratio,

168 673 174 682 '
270 665 303 750 si
331 661 478 774 aliquis
507 661 640 746 intims
671 663 787 748 rudit
823 672 931 750 retro
967 667 1220 751 cellararium
1261 669 1493 776 quaerendo
1535 697 1680 778 panem

270 803 312 882 et
343 794 492 880 viuum.
551 791 606 877 Et
634 793 713 880 hoo
735 796 944 880 sciendum
974 802 1055 900 cst,
1086 793 1183 906 quia
1206 797 1273 882 ille
1302 799 1416 884 cibus
1446 799 1533 884 dori
1562 799 1684 884 (lebet

270 924 426 1040 prioris,
456 922 527 1034 qui
554 923 680 1010 aetati
710 956 808 1012 aurire
848 927 1054 1014 coruvenit.
1114 926 1383 1014 Prunucniunt
1409 929 1533 1014 noros
1561 955 1681 1048 corrro-

271 1061 399 1156 nicns,
432 1055 457 1142 i.
486 1087 521 1140 u.
551 1055 780 1166 anticipent
808 1058 930 1142 horas
960 1059 1178 1168 regulares.
1226 1061 1366 1144 Carion
1398 1057 1507 1148 enim
1538 1069 1684 1170 graece

194 1263 200 1288 ,,
275 1191 401 1310 iatine
430 1188 574 1300 regula
603 1187 989 1299 interpretaturum
1019 1191 1052 1274 si
1083 1191 1353 1276 discrutatur
1383 1190 1541 1274 verbis:
1571 1197 1685 1275 unte·

272 1351 396 1431 epirum
425 1319 498 1404 alii
524 1323 670 1404 tratres
692 1322 955 1422 nnmdueenl,
985 1323 1203 1406 comedunt
1222 1323 1346 1432 prins,
1377 1321 1556 1406 intitules
1575 1322 1685 1406 vitle-

276 1452 373 1536 iicet
408 1458 453 1536 ot
488 1479 616 1536 senos.
680 1447 800 1534 norro
838 1451 939 1536 dicit
985 1451 1155 1560 aliquis:
1195 1453 1451 1538 Contrarium
1491 1457 1552 1536 est
1592 1452 1685 1536 linio

251 1579 454 1692 ¹capitulo
475 1581 590 1684 illud,
620 1581 730 1693 quood
758 1579 929 1665 iniurius
959 1580 1078 1666 dicit:
1110 1583 1369 1667 Permiscere
1390 1582 1689 1667 nrinorcuctulc
1751 1565 1755 1578 ’

272 1741 353 1797 non
383 1715 522 1799 euclem
550 1711 755 1822 quintillius
783 1719 1016 1816 reserentur,
1050 1741 1151 1818 quoe
1178 1713 1413 1820 rrrojorilrns,
1442 1713 1513 1798 scd
1541 1713 1687 1800 errirror.
1790 1767 1792 1772 -

273 1845 345 1928 uui
381 1844 706 1955 respondendum
737 1850 821 1926 ost:
865 1841 960 1926 Non
1000 1850 1063 1927 ost
1103 1847 1373 1948 constrarinm,
1413 1845 1598 1956 eoquod
1630 1833 1689 1928 iili
1792 1949 1793 1952 p

274 1977 454 2060 inliurtes
482 1974 689 2086 quiajam
716 1981 841 2059 rurrtea
867 1975 1228 2077 rrrrurnlncavcrunt,
1259 1977 1412 2062 burrum
1436 1983 1510 2079 ost,
1541 1981 1689 2060 utnon
1728 1973 1733 1986 '

274 2106 355 2192 illis
382 2106 489 2192 siccut
512 2105 657 2193 catoris
681 2111 841 2190 tautum
866 2104 1122 2214 pulmentum
1139 2106 1356 2208 tribuatur,
1385 2137 1434 2192 co
1454 2107 1563 2218 quod
1578 2137 1690 2217 ¹penu
1726 2091 1731 2104 ⁵

37 2329 38 2342 Ν
161 2344 167 2356 .
269 2243 354 2351 jam
381 2221 556 2324 'susurrari
577 2245 686 2324 sum.
743 2238 964 2324 Sciendum
989 2243 1052 2322 ost
1075 2239 1196 2340 eninr,
1219 2239 1326 2348 quia,
1350 2239 1534 2351 qumnris
1557 2231 1736 2326 inlitus

274 2371 432 2456 dicutur
470 2375 627 2479 septeni
670 2399 894 2470 turrinorum,
936 2373 1073 2453 tarmen
1103 2369 1145 2458 S.
1182 2371 1428 2458 Benedictus
1468 2401 1551 2458 uon
1593 2370 1692 2456 dicit

274 2502 404 2585 sulum
436 2499 485 2584 do
515 2500 595 2586 illis
640 2499 888 2604 irrfuntibus,
930 2499 1001 2609 qui
1040 2505 1195 2608 septem
1232 2528 1364 2586 arrnos
1404 2502 1580 2602 liabent,
1622 2501 1692 2585 sod

275 2633 397 2716 ctiam
427 2630 478 2715 de
498 2631 579 2716 illis
603 2629 704 2714 dieit
728 2627 967 2728 inlinrtibus,
997 2629 1068 2740 qui
1094 2635 1188 2714 ueto
1206 2629 1268 2722 rol
1294 2660 1438 2716 uorem
1457 2637 1531 2716 aut
1555 2632 1690 2716 decem

276 2791 479 2849 antrorum
510 2767 621 2868 surrt,
650 2760 757 2846 aierit
775 2757 951 2844 diximus
976 2757 1173 2870 suniarius,
1197 2762 1318 2870 juxta
1339 2760 1440 2848 uiros
1461 2770 1504 2848 et
1526 2766 1694 2873 propter

259 2893 383 2978 'vires
413 2892 646 3004 indigentes
675 2889 894 3000 adjutorio,
924 2891 1021 3000 quiin
1048 2891 1117 2974 illo
1137 2920 1219 2976 non
1239 2894 1370 2976 sulum
1393 2894 1443 2980 do
1467 2895 1693 2980 infantibus

276 3025 354 3110 hoc
383 3025 495 3126 iacit,
523 3024 592 3108 sed
622 3023 745 3108 etium
775 3025 825 3108 de
856 3023 979 3126 lroris,
1008 3050 1099 3106 aum
1131 3023 1231 3108 liora
1252 3027 1429 3110 seerrnda
1452 3024 1551 3110 dicit
1571 3052 1693 3134 agero

277 3158 463 3254 tertiam
504 3154 692 3239 similiter
719 3162 761 3239 et
790 3154 840 3238 do
869 3155 1122 3264 temporibus
1162 3156 1269 3240 feeit.
1328 3153 1403 3240 ilie
1431 3155 1540 3241 urrisu
1569 3154 1692 3240 dicit:

275 3285 420 3370 hiemis
450 3292 664 3396 terrrpusa
707 3285 893 3368 kalendis
933 3285 1187 3388 riorembris,
1228 3313 1318 3370 crim
1359 3286 1504 3372 hiemis
1531 3291 1692 3396 terripus

275 3444 358 3500 non
388 3447 413 3500 u
443 3415 630 3502 kalendis
661 3417 892 3502 rrovombris
921 3419 1152 3520 inchoatur,
1183 3418 1252 3501 sod
1283 3424 1437 3528 postea.

782 3613 881 3722 up.
913 3579 1194 3731 nxxrrn.

590 3799 657 3876 on
688 3797 1110 3878 rinuoonnonmo
1140 3799 1383 3876 urrunnun.

388 3947 557 4031 llectum
598 3947 783 4030 ordinem
824 3943 957 4029 tenurit
996 3947 1119 4031 etiam
1154 3947 1197 4031 in
1238 3949 1315 4031 hoc
1355 3948 1446 4030 loco
1483 3945 1524 4027 S.
1565 3943 1693 4026 liene·
1821 4011 1826 4021 .

277 4079 415 4163 <lictus
443 4079 486 4162 in
516 4107 585 4180 eo,
616 4080 724 4187 quod
756 4079 941 4163 dicturus
970 4079 1059 4162 erint
1088 4077 1138 4164 dc
1166 4078 1259 4162 cibo
1288 4086 1331 4162 et
1360 4083 1462 4186 potu
1490 4071 1693 4180 corporali

280 4215 322 4292 et
351 4209 554 4321 praedixit
582 4210 632 4293 de
662 4211 814 4294 lectore
836 4201 1019 4311 'meusne
1050 4209 1090 4296 h.
1118 4239 1152 4296 e.
1182 4208 1231 4293 de
1259 4209 1353 4294 cibo
1381 4203 1566 4318 spiritali,
1598 4203 1694 4310 quia

229 4328 232 4340 ’
280 4342 395 4427 cibus
410 4341 607 4452 spiritalis
630 4339 840 4450 praeeedit
864 4341 1132 4451 corporalem,
1162 4338 1252 4423 ideo
1273 4341 1395 4422 etiam
1416 4333 1558 4420 uiebnit
1577 4362 1694 4445 prae·

199 4558 207 4574 ,
283 4475 379 4559 ferri
409 4474 454 4559 in
484 4474 638 4564 ordino.
683 4473 740 4558 Et
767 4474 809 4558 in
835 4473 914 4557 hoo
933 4472 1059 4558 claret
1087 4479 1129 4556 et
1154 4471 1451 4570 irrauifestatur,
1480 4465 1577 4578 quia
1607 4494 1692 4549 nro·

279 4606 436 4690 rraeirus
455 4606 505 4691 ad
531 4597 821 4690 noeirsammoir
843 4611 940 4690 ante
961 4605 1083 4690 debet
1102 4631 1246 4714 capere
1264 4601 1402 4687 cibum
1426 4599 1692 4711 corporalem,
1770 4619 1771 4624 ‘

281 4766 406 4848 (luam
436 4737 610 4826 interior
638 4741 726 4851 ejus
749 4739 873 4824 homo
895 4736 1032 4847 capiat
1052 4733 1289 4847 spiritalem.
1335 4729 1455 4816 Nune
1475 4729 1693 4814 videndum

281 4877 370 4973 est,
401 4871 509 4956 uude
541 4879 631 4958 orta
660 4877 723 4956 est
751 4869 851 4957 haec
881 4868 1154 4968 cousuetudo,
1185 4871 1232 4950 nt
1261 4863 1381 4972 lectio
1410 4862 1464 4946 sit
1498 4862 1540 4947 in
1570 4863 1690 4946 refec-

276 5002 397 5088 torio.
455 5001 570 5090 Siout
602 5009 743 5090 namot
772 4999 994 5089 Cassianus
1022 4999 1064 5084 in
1092 4997 1197 5083 libro
1217 5003 1365 5108 quarto
1389 4993 1712 5114 institutionum·

282 5135 389 5247 (cap.
423 5135 510 5246 17),Ι
541 5135 675 5247 [quia]
706 5133 986 5244 Cappadociae
1022 5129 1212 5218 monachi
1247 5121 1448 5241 imprimis
1476 5131 1698 5237 coeperunt
