4002 5792
288 460 505 568 contingat
535 456 769 542 rtreditando
797 458 899 562 boc,
930 461 1038 570 qnod
1069 463 1204 567 audit,
1234 492 1444 575 cruraquam
1474 465 1603 578 possit
1632 497 1695 552 rc·
1808 461 1809 464 ‘
1859 521 1861 528 ι
1917 485 1922 494 ’

287 588 470 702 cuperari
500 592 542 687 ct
570 587 612 672 in
641 594 853 674 aeternnm
883 591 1014 700 perire
1051 619 1100 674 cx
1129 591 1205 677 boc
1236 599 1383 704 potest.
1441 595 1558 694 Quod
1600 626 1694 683 vero

287 721 384 806 elicit
425 717 464 803 si
511 717 600 824 qais
631 719 973 824 praesumpserit,
1028 721 1225 806 oirrdietne
1259 722 1439 832 repnlnri
1476 727 1692 831 subjaceat,

1824 6 1890 266 r

874 241 958 334 Gap.
982 241 1120 318 txvn.
1181 229 1183 235 ‘
1615 257 1695 337 (313
1744 319 1747 328 ,

288 853 346 936 ita
376 852 498 936 etiam
528 848 850 934 subaudiendum
881 855 962 953 est,
993 849 1061 933 nbi
1104 851 1224 935 dicit:
1266 853 1360 938 deren
1389 854 1569 960 expletur
1596 882 1696 962 opns
1785 909 1787 913 -
1906 861 1948 914 Ν

215 970 222 1028 s
288 975 388 1079 Ilei,
410 979 613 1084 prostrati
651 977 735 1064 solo
772 977 942 1063 oratorii
977 978 1028 1063 alr
1066 983 1250 1066 ornreibns
1283 989 1424 1088 petant
1460 979 1691 1074 orationem.
1739 1087 1743 1098 Ι

229 1183 230 1186 ι
288 1108 437 1196 ltcddit
462 1139 638 1211 causant,
669 1138 807 1228 qnare,
837 1101 928 1195 cnm
959 1109 1060 1196 dicit
1083 1121 1250 1217 propter
1278 1140 1485 1220 arcessam
1521 1120 1562 1201 et
1594 1118 1691 1225 quid
1759 1123 1772 1192 s
1889 1139 1892 1145 ·

217 1259 219 1264 “
285 1243 440 1326 sitista
469 1269 667 1344 excessus,
698 1241 945 1341 stammas,
975 1267 1066 1324 cunt
1098 1245 1222 1328 dicit:
1264 1273 1314 1328 ne
1342 1247 1569 1354 peslero-a
1597 1247 1692 1330 salr-
1762 1281 1799 1296 ¹·

235 1373 451 1480 „ripun-it
488 1373 531 1456 in
568 1372 634 1456 via
662 1371 774 1455 visas
814 1378 884 1456 (tert
911 1370 1076 1456 creditas
1103 1373 1235 1461 areolae
1263 1377 1324 1460 rei
1360 1382 1431 1460 ned
1459 1373 1576 1462 otiosi
1602 1405 1692 1464 ser·
1752 1463 1755 1471 ,
1794 1395 1798 1404 ’

283 1506 424 1590 arronis.
472 1502 694 1613 Disciplina
714 1503 913 1614 regularis
942 1507 1016 1607 est,
1047 1533 1119 1616 per
1147 1508 1298 1616 gradus
1328 1508 1421 1592 <luci
1450 1495 1691 1617 praedict-os,
1779 1595 1782 1602 Δ

284 1632 479 1718 Sinriliter
521 1639 558 1718 et
597 1635 666 1739 nni
702 1633 1026 1740 praesumpserit
1065 1633 1244 1722 elerrrstra
1283 1638 1370 1745 (ern
1386 1641 1422 1744 t)
1459 1637 1693 1721 strenasterii

281 1764 415 1872 epredi
450 1811 494 1826 -
526 1763 847 1848 subandiendum
878 1769 963 1850 cst:
1008 1763 1205 1851 rirrclietae
1244 1769 1424 1874 repnlari
1464 1767 1692 1874 satanan

282 1895 338 1980 rel
365 1921 603 2002 prroernnpne
630 1895 692 2001 irc
721 1945 772 1960 -
810 1895 1010 1980 viredietae
1038 1895 1218 2004 repertori
1244 1897 1468 2002 scripserat,
1497 1898 1690 1982 sabaudi-

279 2029 423 2111 endnm
467 2033 553 2128 est;
595 2025 656 2111 cel
695 2025 904 2134 prridpianr
946 2027 1129 2132 praetermis
1165 2055 1344 2134 pererrem
1385 2032 1473 2114 sine
1512 2029 1692 2132 iussione
1822 2073 1824 2077 ·
1916 2081 1920 2090 ·

249 2181 253 2192 ·
279 2157 434 2242 albatis
459 2158 596 2263 faeere
613 2207 662 2224 -
681 2158 881 2243 oirrelietae
908 2156 1090 2265 reputari
1117 2159 1333 2266 sntjaeeat‚
1364 2159 1687 2245 sabaudienclunr

245 2285 347 2374 'est
408 2287 644 2375 Notandum
687 2295 770 2393 est,
800 2289 898 2400 quia
938 2289 1033 2374 talis
1070 2287 1199 2375 debet
1223 2319 1309 2377 esse
1338 2293 1689 2377 claustratmona·
1732 2332 1736 2338 ⁴

190 2443 191 2448 ‘
277 2423 407 2524 sterit,
438 2423 505 2507 ubi
536 2419 761 2508 monachas
789 2451 837 2506 cn
865 2448 970 2532 quac
994 2421 1222 2506 necessaria
1250 2429 1372 2524 sunt,
1406 2423 1539 2507 caleat
1571 2449 1688 2506 exer·

276 2581 376 2653 cere,
408 2553 432 2638 i.
463 2580 495 2637 e.
528 2581 735 2653 certauere,
764 2549 933 2636 lectioni
963 2578 1105 2636 vacare
1133 2558 1177 2636 et
1203 2552 1300 2654 rcl.,
1321 2533 1374 2660 ct
1402 2554 1472 2638 nbi
1501 2551 1687 2640 custodia

278 2683 404 2792 possit
432 2713 529 2768 esso.
576 2683 663 2769 Nec
693 2683 815 2768 debet
844 2709 929 2767 esse
958 2681 1017 2765 ita
1047 2710 1183 2791 parra,
1214 2686 1261 2766 nt
1289 2709 1381 2788 cnm
1411 2685 1566 2796 aliquid
1596 2685 1686 2768 vult
1754 2753 1755 2758 a
1807 2679 1809 2684 ’

276 2813 431 2922 alterari
454 2813 690 2916 monachus,
714 2811 965 2898 occasionem
987 2810 1189 2896 invenerit
1211 2813 1493 2903 stramnnrrarnli
1515 2819 1748 2923 propter..5÷'
1794 2892 1797 2897 .

275 2943 538 3052 parvitatem,
567 2971 643 3029 nec
683 2943 739 3028 ita
780 2941 903 3026 dabat
942 2969 1028 3024 esse
1065 2943 1223 3052 ampla,
1252 2949 1300 3027 ut
1335 2942 1392 3027 ibi
1431 2937 1682 3028 occasionem
1809 2993 1812 3000 ·

275 3074 400 3182 possit
419 3073 601 3160 iuvenire
624 3072 833 3158 tabulandi
852 3099 942 3156 curn
968 3071 1120 3183 aliquo.
1165 3072 1315 3156 Vernm
1336 3072 1411 3189 illi,
1440 3072 1509 3182 qui
1529 3072 1682 3159 habent

275 3204 544 3322 obedientiam
569 3206 677 3290 foras
699 3204 834 3318 curret,
864 3233 976 3288 sanan
996 3205 1211 3288 claustram
1238 3200 1389 3287 debent
1412 3205 1574 3312 habore,
1603 3204 1629 3290 i.
1648 3234 1682 3294 e.
1806 3299 1808 3304 ,

273 3363 387 3420 snum
422 3337 664 3442 terminum,
695 3363 733 3422 v.
763 3362 825 3446 gr.
855 3336 943 3437 ille,
976 3337 1044 3444 qni
1085 3335 1358 3420 calceamenta
1402 3334 1524 3420 debet
1564 3363 1681 3445 prac-

274 3495 413 3574 parare
444 3467 650 3568 tratribus,
681 3493 794 3550 stram
824 3466 1041 3551 claustram
1072 3465 1195 3552 aena
1223 3465 1396 3570 habere,
1427 3466 1467 3550 b.
1497 3496 1531 3551 c.
1562 3495 1678 3550 sunm

274 3598 513 3702 terminum,
544 3597 585 3682 b.
614 3628 649 3684 e.
679 3603 726 3683 nt
756 3603 916 3684 tantum
948 3597 999 3682 ad
1032 3597 1272 3708 ritagistrnm
1304 3605 1567 3683 consutorem
1598 3599 1679 3683 cal·
1772 3602 1784 3625 “’

272 3736 571 3815 recinentornm
611 3730 747 3818 vadat.
804 3728 1002 3814 Similiter
1037 3735 1080 3815 et
1117 3728 1259 3844 ceteri,
1291 3731 1361 3841 qui
1404 3727 1677 3815 obedientiam
1770 3741 1777 3754 '

273 3863 423 3947 babent
446 3863 554 3948 foras
578 3862 713 3967 candi,
742 3869 790 3948 nt
809 3866 968 3946 matum
995 3861 1158 3964 radiant,
1189 3867 1387 3965 quantum
1408 3861 1676 3946 constitutum
1759 3877 1760 3880 ‘

270 3989 423 4078 babent
451 3994 586 4078 locum
616 3993 753 4080 cttndi.
810 3993 1170 4078 Sirniliter'ctinm
1207 3993 1298 4096 illo,
1327 3995 1396 4103 qni
1431 3992 1597 4076 bortum
1627 3989 1690 4076 ad'
1714 4019 1739 4104 f

139 4168 143 4179 ·
186 4192 190 4202 .
270 4121 536 4209 laborandum
575 4123 723 4227 habet,
756 4126 797 4208 in
834 4124 999 4210 hortum
1040 4123 1169 4243 solum
1211 4121 1357 4223 vadat,
1388 4122 1484 4232 quia
1521 4121 1677 4226 hortus
1747 4149 1749 4152 ·
1851 4111 1852 4114 i

271 4253 453 4358 qiramris
482 4255 524 4337 in
553 4256 803 4340 arnonasterio
831 4254 931 4340 dicit
959 4282 1056 4356 esse,
1092 4259 1230 4338 tannen
1259 4279 1342 4338 non
1372 4253 1494 4338 debet
1521 4281 1606 4338 esse
1635 4253 1677 4337 in
1762 4349 1763 4352 Ν
1881 4286 1891 4303 ·

268 4384 455 4470 claustra.
523 4383 682 4470 Idcirco
725 4383 849 4489 dixit,
893 4385 937 4469 in
979 4383 1225 4469 monasterio
1268 4412 1353 4468 csse
1395 4384 1584 4486 bortum,
1628 4413 1675 4468 co

268 4514 375 4620 qnod
405 4543 487 4600 non
519 4515 642 4601 debet
671 4515 728 4600 ibi
756 4545 841 4602 esse
859 4543 1040 4600 accessus
1057 4513 1242 4600 aliorum.
1288 4512 1400 4598 lstud
1431 4511 1538 4597 enim
1569 4515 1677 4624 quod
1866 4615 1870 4625 ἱ
1913 4517 1916 4524 ’

267 4643 386 4730 dicit:
424 4647 606 4752 premereris
628 4675 808 4755 paream
834 4649 923 4734 sine
942 4646 1128 4755 jussione
1156 4644 1315 4729 ablatis
1339 4645 1495 4748 tricare,
1526 4643 1585 4729 ita
1613 4643 1677 4730 in·

268 4775 490 4888 tetigitur,
528 4781 556 4866 i.
585 4810 620 4871 e.
663 4783 709 4867 ut
749 4780 904 4865 nnllam
934 4805 1017 4863 rem
1056 4775 1336 4890 parvissimam
1376 4777 1465 4861 sine
1494 4776 1677 4888 jussione
1759 4812 1763 4822 ’

268 4907 396 4992 tacere
431 4908 601 5016 debent,
632 4913 702 4999 sed
732 4913 773 4998 iu
803 4909 893 5022 ipss
919 4907 1105 5022 jussione
1134 4907 1193 4993 ita
1221 4905 1561 4994 considerandam
1591 4915 1675 4992 ost:

265 5033 290 5121 i.
311 5065 345 5126 c.
374 5041 408 5124 si
436 5040 562 5130 fuerit
590 5043 684 5129 talis
713 5073 786 5149 res,
821 5041 892 5128 nbi
920 5039 1071 5126 certius
1095 5041 1309 5153 cognoscis
1336 5040 1499 5152 placore
1520 5039 1674 5130 abbati.
1803 5067 1810 5092 ’
1924 5015 1927 5022 ’

265 5173 448 5281 quamvis
476 5201 558 5260 non
591 5175 819 5288 interroges
847 5174 1058 5276 abbatem,
1090 5179 1209 5283 potes
1238 5173 1383 5277 facere,
1413 5171 1510 5284 qnia
1538 5169 1675 5256 insen·
