3934 5762
860 221 1039 310 Prologus.

249 459 362 544 tinctis
390 455 646 565 subintelligi
670 459 770 556 vult,
801 468 848 543 nt
868 465 931 542 est
958 457 1072 559 illud,
1103 461 1208 570 quod
1231 462 1281 544 ud
1305 458 1494 546 duritiam
1518 456 1653 542 cordis

245 592 406 673 illorum
438 589 608 688 dicitnr,
652 591 721 698 qui
756 589 827 672 Dei
859 589 1022 672 monitis
1062 589 1181 674 tactis
1211 589 1455 698 respondero
1484 587 1651 686 notunt;

244 723 303 806 ait
337 719 466 804 enim:
517 717 684 818 Vocari,
722 717 762 802 'et
798 745 912 804 ucoro
949 721 1157 824 respoudit
1191 721 1301 806 recidi.
1360 719 1408 802 in
1449 717 1652 803 hocloco
1739 791 1750 798 .

245 849 564 934 subrnulicndnm
596 855 659 932 est
683 849 828 953 [notior
859 848 967 960 qnod
998 850 1104 935 enim
1130 851 1248 934 t'actis
1268 849 1460 934 debemus
1484 875 1652 955 respon·

246 980 336 1062 dere
381 977 608 1087 praeceptis
653 977 840 1081 Domini,
893 979 1014 1063 docet
1056 980 1319 1064 Cassiodorus
1368 981 1409 1063 in
1454 977 1651 1062 versiculo

246 1109 386 1220 psalmi
416 1109 627 1193 centesimi
658 1109 802 1219 primi,
845 1110 916 1224 noi
958 1109 1132 1194 dicitur:
1175 1111 1399 1215 Respondit
1436 1107 1474 1192 ci
1512 1110 1556 1192 r’u
1585 1108 1651 1192 vio

245 1239 400 1324 virtutis
429 1265 546 1338 ereum
576 1240 637 1324 ait
667 1241 796 1325 enim:
837 1240 935 1346 Ipso
963 1241 1000 1324 ci
1028 1244 1268 1348 respondere
1296 1241 1558 1346 commoritur,
1583 1241 1654 1347 qni

243 1369 424 1482 inperiis
443 1371 530 1476 ejus
549 1369 765 1476 cheroneus
786 1397 872 1456 csso
894 1377 1152 1458 ruorrstrotm.
1214 1373 1463 1480 (perpauper
1487 1396 1652 1476 respou-

244 1499 357 1584 detur
384 1497 448 1582 uo
477 1525 556 1584 crore·
585 1498 722 1607 tiuprru
751 1501 823 1586 sed
860 1503 954 1602 citu,
995 1527 1072 1586 uon
1104 1500 1301 1586 comoed
1327 1499 1421 1607 fide,
1464 1527 1540 1584 uon
1571 1499 1653 1586 cto·

245 1656 349 1714 errore
376 1631 447 1714 sod
477 1631 605 1716 cordo.
663 1629 770 1716 Sunt
799 1631 907 1718 euim
939 1632 1070 1734 undti,
1099 1631 1169 1742 qui
1201 1629 1348 1716 uolunt
1386 1627 1461 1714 Dei
1487 1628 1651 1712 monitis

243 1759 484 1870 respondero
517 1761 654 1865 tactis,
700 1762 851 1848 ideirco
891 1765 989 1848 surrt
1030 1760 1277 1872 irnpert‘ecti3
1319 1761 1367 1848 B.
1399 1789 1493 1848 vero
1522 1762 1653 1846 Bone·

243 1887 373 1974 dictus
399 1898 616 2002 propterea
641 1892 746 1979 dixit
771 1895 859 1998 tibi,
890 1893 1008 1979 suetis
1029 1891 1285 2004 respondere,
1315 1892 1496 2004 eoquod
1522 1891 1652 1977 votuit

243 2029 282 2105 te
310 2049 395 2106 esse
417 2025 663 2131 perfectuum
693 2027 762 2111 itte¹
782 2029 891 2112 enim
914 2026 1126 2137 respondit
1146 2024 1278 2126 factis,
1308 2023 1391 2134 qui,
1422 2023 1532 2136 quod
1553 2050 1650 2109 aure

242 2153 368 2255 audit,
398 2182 518 2264 opero
546 2159 739 2266 complet.
1031 2159 1035 2168 ¹

349 2287 561 2396 Sequitur:
606 2289 719 2374 Ideo
747 2290 863 2374 erotis
891 2295 1060 2395 propter·
1097 2287 1411 2373 connumerem
1451 2285 1648 2368 ‹oauooo

241 2414 358 2522 trrp'ns
395 2417 500 2502 citae
538 2418 626 2504 dics
666 2420 724 2505 orl
760 2421 946 2506 luctacius
980 2418 1218 2504 relocantur
1255 2419 1407 2503 dicente
1434 2413 1648 2520 Apostoto:

240 2547 308 2630 Au
335 2549 488 2652 crescis,
530 2553 626 2658 outo
647 2553 850 2657 patientia
878 2551 960 2636 Dei
988 2553 1044 2636 ud
1065 2550 1355 2657 poeniteutiam
1390 2555 1427 2632 tc
1456 2547 1653 2632 adducit?

244 2669 352 2762 istud
382 2679 471 2764 idco
499 2683 551 2767 ad
579 2685 830 2793 superiorem
858 2710 1021 2767 sensnm
1041 2683 1193 2766 attinet
1221 2686 1265 2764 et
1287 2684 1349 2763 est
1376 2705 1526 2778 serious,
1557 2706 1649 2762 eum
1708 2761 1710 2766 ,

241 2808 340 2894 dicit
367 2811 475 2914 idco,
516 2812 542 2901 i.
573 2841 607 2900 e.
649 2815 747 2924 quia
787 2819 996 2922 exspectat
1037 2843 1112 2897 nos
1144 2811 1342 2896 Dominus
1372 2809 1556 2917 ‹protidie
1584 2807 1648 2892 his

240 2942 321 3026 seris
349 2943 500 3028 sanctis
530 2944 697 3030 monitis
727 2945 844 3030 factis
875 2974 948 3030 nos
972 2942 1217 3052 respondere
1246 2941 1406 3046 debere,
1435 2939 1539 3040 idco,
1570 2937 1648 3025 troc
1679 3007 1682 3015 .
1744 2953 1760 3024 ’.

239 3078 299 3157 est
337 3079 574 3184 propterea,
606 3076 671 3160 isti
713 3075 798 3160 dies
837 3077 959 3186 hujus
990 3075 1096 3160 vitae
1138 3073 1191 3158 ad
1220 3072 1405 3158 imtueius
1433 3071 1553 3156 nobis
1573 3099 1648 3180 pre·

240 3202 429 3291 luxantur
458 3215 627 3318 propter
663 3207 994 3293 ernerntationern
1032 3207 1230 3290 matorum
1263 3210 1512 3290 nostrornm.
1570 3199 1650 3286 Ubi

240 3338 424 3424 sollerter
460 3339 783 3423 animadvertere
808 3337 1015 3440 (letemus,
1049 3339 1145 3450 quia
1168 3338 1230 3422 his
1253 3338 1408 3434 dictur,
1440 3337 1510 3448 qui
1532 3333 1652 3420 nobis
1697 3341 1708 3378 .=
1740 3391 1741 3396 Ν

240 3471 474 3556 relaxantur
515 3499 636 3576 carisa
678 3471 978 3557 emendationis
1021 3471 1218 3556 matorum
1264 3476 1518 3584 nostrorum,
1576 3493 1650 3550 nos

210 3603 466 3688 econtrario
507 3631 590 3686 non
633 3602 763 3686 solum
804 3632 885 3687 nen
927 3604 1190 3688 ernendmnus
1229 3633 1296 3706 ea,
1339 3630 1442 3710 quac
1482 3597 1652 3684 lecimus

239 3733 356 3836 ronta,
386 3764 527 3819 verum
556 3719 679 3818 etiam
708 3736 1307 3844 augmentationemurniorum
1338 3734 1522 3819 facimus,
1580 3729 1651 3814 ln·

239 3864 355 3950 ducia
385 3866 494 3951 enirn
525 3870 587 3951 est
615 3867 806 3977 spatium,
837 3869 948 3978 quod
976 3869 1383 3977 quantutumcunque
1408 3867 1557 3975 agendi
1588 3865 1651 3950 vcl

240 3997 466 4109 discendi¹)
496 4000 705 4086 tribuitur.
764 3999 871 4084 Nam
901 4001 998 4109 qnid
1037 4029 1178 4084 sensus
1214 4001 1270 4084 sit
1297 3998 1339 4103 in
1383 3997 1473 4083 istis
1502 3996 1650 4108 verbis,-

240 4155 340 4228 ouoo
370 4132 416 4215 B.
449 4131 692 4215 Benedictus
732 4131 854 4232 (lixit,
898 4133 923 4218 i.
953 4157 1008 4219 a:
1047 4132 1148 4216 Ideo
1177 4131 1292 4215 noan
1323 4137 1491 4236 propter
1519 4155 1651 4214 curcu-

240 4257 438 4345 dationem
468 4260 665 4344 nardorum
703 4269 931 4347 nostrorum
969 4262 1088 4366 dutus
1125 4261 1229 4346 ottuc
1265 4261 1352 4346 dies
1380 4259 1436 4345 od
1463 4257 1651 4343 tantocius

238 4388 493 4492 relocantur,
535 4390 611 4476 hoc
647 4392 852 4501 prolatum
893 4393 1172 4480 testimonium
1204 4393 1354 4477 Paulos
1392 4388 1561 4502 exponit
1590 4385 1650 4470 di·
1765 4377 1790 4427 Ψ

231 4549 351 4606 cens:
381 4523 451 4606 Au
479 4525 621 4624 nescis,
651 4525 747 4630 qnia
769 4525 973 4630 patientia
1003 4524 1083 4610 Dei
1110 4527 1166 4610 ud
1188 4523 1475 4630 poeniteutiam
1503 4517 1646 4622 topad-

206 4649 378 4748 .,ducit?
403 4651 510 4740 Vide
529 4655 665 4758 modo,
689 4655 786 4765 quia
801 4655 848 4744 B.
874 4656 1121 4743 Benedictus
1147 4655 1253 4742 dixit
1278 4651 1474 4754 irntncius,
1500 4651 1649 4736 Paulus
1812 4755 1816 4763 Ι

194 4909 196 4914 Ι
238 4779 342 4866 dixit
368 4785 630 4890 patientia&
653 4794 696 4871 et
729 4785 839 4898 quod
863 4787 901 4876 S.
929 4785 1175 4906 Benedictus
1205 4787 1308 4872 dixit
1338 4780 1649 4868 coemuortoou
1777 4827 1780 4832 ·

325 5072 352 5159 ¹)
375 5071 542 5144 dicendi?

330 5189 358 5270 ἱ)
381 5181 610 5272 patientiam.
657 5180 741 5256 dod.
765 5183 801 5254 S.
824 5178 975 5293 Bentgni
1000 5176 1138 5252 Divion.
