3968 5774
249 333 332 436 864
620 413 625 426 ,
834 327 911 422 cap
944 325 1076 412 xxix.

242 552 306 644 eit
333 575 414 636 ‘uer
439 547 570 648 ,Deua
626 547 706 636 Sed
747 549 790 634 iu
833 519 912 636 lroc
950 551 1042 634 loco
1082 519 1244 638 ridetur
1267 545 1391 658 'istud
1430 545 1659 663 exemplum

250 681 517 770 contrarium.
574 679 681 782 Quid
722 680 831 764 enirn
871 683 1023 766 attinet
1061 680 1140 766 lroc
1179 678 1411 790 exemplum
1448 677 1664 782 monacho,

58 875 62 884 ,
93 917 107 936 .
252 813 286 898 ei
314 813 470 896 discere
498 811 599 914 uult,
627 815 676 895 ut
702 812 898 931 discedat,
927 841 1018 896 cum
1042 810 1191 896 Paulus
1217 809 1430 940 apostolus
1450 808 1502 894 de
1523 809 1664 896 matri.

109 993 113 1002 ·
250 943 390 1026 monio
427 941 559 1047 dicut,
604 943 714 1053 quod
751 950 916 1028 constat
950 972 999 1026 ex
1036 943 1148 1028 lideli
1187 947 1230 1026 et
1264 938 1423 1024 inlideli
1463 946 1663 1049 persona?

200 1105 205 1114 ·
252 1073 348 1160 Non
378 1080 441 1157 ent
468 1075 746 1178 contrarium,
784 1076 881 1185 quia
908 1076 1015 1160 sicut
1042 1074 1112 1157 ille
1139 1075 1384 1196 conjunctus
1410 1077 1473 1154 est
1503 1071 1662 1154 mulieri

252 1205 315 1288 vel
347 1204 452 1306 viro,
490 1205 551 1288 itu
584 1215 628 1288 et
656 1206 733 1290 iste
762 1205 988 1290 monachas
1028 1205 1143 1314 quasi
1185 1203 1342 1286 mulieri
1378 1207 1421 1284 et
1450 1201 1539 1284 viro
1565 1229 1665 1284 con·

247 1337 418 1446 junctus
457 1343 540 1434 est,
579 1365 672 1420 cum
714 1337 874 1446 corpori
914 1336 1150 1420 monasterii
1186 1363 1231 1418 se
1266 1334 1463 1432 sociavitr
1505 1335 1686 1435 deinde,

252 1469 359 1549 sicut
388 1465 681 1570 illediscedit,
721 1471 818 1579 quia
846 1467 1025 1556 infidelis
1053 1473 1139 1566 est,
1180 1467 1240 1548 itu
1268 1469 1312 1548 et
1338 1463 1416 1548 iste
1444 1463 1668 1546 monachus
1740 1511 1744 1519 -
1870 1522 1874 1529 ·

253 1596 430 1718 infidelis
458 1602 536 1698 est,
565 1626 659 1681 eum
691 1598 955 1708 professionis
982 1626 1081 1680 strue
1109 1603 1387 1706 transgressor
1414 1594 1567 1679 existit.
1615 1593 1669 1676 Ec

143 1773 147 1782 .
258 1727 395 1810 reddit
421 1757 599 1827 curruum,
627 1759 766 1840 quare.
796 1759 887 1814 cum
909 1729 1029 1814 dicit:
1058 1757 1109 1810 ne
1125 1755 1208 1810 mm
1231 1728 1317 1810 ocis
1334 1726 1518 1810 rrrnrbidu
1547 1733 1668 1808 lulum

251 1887 411 1968 gregna
439 1865 646 1966 conruunt,
676 1864 702 1946 i.
727 1893 762 1948 e.
790 1861 1056 1946 contaminet.
1117 1857 1230 1943 lstnd
1259 1860 1490 1966 exemplum
1521 1865 1665 1940 notmu

254 1995 329 2088 est,
359 1991 569 2099 quietalis
592 1999 655 2074 eat
671 1993 887 2075 infirmitas
907 1992 949 2074 iu
972 2021 1055 2074 urm
1078 2019 1167 2092 ove,
1197 2020 1303 2099 quae
1333 1995 1469 2073 tutum
1498 2015 1665 2096 gregem

255 2119 495 2228 coinquinat
522 2122 645 2204 etad
675 2122 896 2230 perniciem
925 2121 1039 2252 ducit
1060 2169 1111 2186 -
1134 2149 1182 2204 ac
1211 2121 1245 2203 si
1274 2121 1428 2203 (liceret
1455 2119 1548 2202 aliis
1576 2145 1667 2200 ver·

256 2249 341 2333 bis:
385 2249 485 2333 Ideo
520 2251 856 2335 uicouiseedere
893 2281 919 2335 u
946 2278 1118 2358 corpure
1152 2251 1387 2335 monasterii
1416 2250 1554 2340 illum.
1597 2248 1668 2358 qni

113 2475 115 2480 ,
256 2381 315 2464 ite
344 2381 641 2490 internoscat,
683 2388 731 2464 nt
758 2382 846 2466 istiu
877 2383 1007 2466 modis
1035 2381 1170 2464 sanari
1199 2410 1284 2464 non
1314 2380 1467 2479 ualeat,
1502 2408 1554 2462 ne
1582 2379 1694 2488 ejm.

254 2511 417 2595 miseria
454 2512 525 2595 ulii
554 2519 735 2622 ,pereant
781 2515 983 2626 cupiendo
1023 2515 1077 2598 ab
1125 2543 1176 2598 eo
1222 2512 1371 2596 nralum
1423 2511 1670 2619 exeruplum,

104 2675 108 2682 ·
204 2643 364 2772 ‘'aicnt
400 2672 500 2753 grex
539 2645 646 2730 solet
683 2647 817 2755 perire
852 2675 900 2729 ex
934 2647 1183 2756 contagione
1212 2644 1423 2754 morbidae
1451 2646 1552 2725 uvis.
1611 2642 1671 2724 lle

257 2775 332 2859 hac
361 2804 437 2860 ove
465 2776 665 2879 morbida,
694 2807 800 2887 quac
818 2784 951 2864 totum
972 2805 1140 2887 gregem
1164 2806 1238 2860 suo
1264 2783 1376 2860 tactu
1400 2774 1670 2870 contaminat,

256 2911 303 2990 ut
331 2914 443 2992 'aute
483 2909 717 3010 occidutur,
759 2911 883 2993 etiam
922 2907 1123 3020 Virgilius
1168 2908 1269 2992 dicit
1310 2907 1353 2991 in
1397 2908 1523 2991 tertio
1563 2907 1670 2989 libro
1738 2927 1743 2936 ·

169 3019 184 3086 ⁰·
255 3039 312 3148 (u.
329 3043 565 3148 unt-473)
580 3043 833 3150 Georgicon:
856 3043 984 3147 eruru
997 3038 1140 3146 procrd
1157 3104 1167 3123 .
1183 3105 1195 3127 .
1213 3103 1223 3122 .
1242 3104 1252 3122 .
1270 3041 1322 3121 ud
1337 3040 1492 3146 origine
1502 3047 1668 3146 gentem.

371 3169 662 3256 Verumtamen
691 3174 900 3258 sciendum
930 3178 1005 3272 est,
1034 3171 1131 3282 qrria
1160 3171 1290 3271 ialnd,
1328 3173 1439 3280 qrrud
1468 3172 1570 3255 dicit
1598 3171 1671 3252 In·

253 3305 411 3412 fidelis,
439 3306 477 3386 si
505 3305 688 3404 discedit,
718 3305 921 3406 discedat,
950 3305 1109 3389 dnobus
1138 3305 1270 3386 modis
1297 3303 1558 3413 intelligitur,
1587 3300 1672 3384 sive

256 3437 308 3521 od
339 3436 467 3535 illum,
498 3436 568 3543 qui
599 3435 688 3518 vult
715 3436 825 3520 exire
853 3444 897 3520 et
924 3437 1072 3520 ductus
1100 3439 1164 3518 est
1192 3464 1266 3546 per
1293 3465 1363 3518 sex
1393 3435 1557 3545 gradus,
1586 3433 1672 3515 eive

173 3658 176 3667 ,
215 3595 219 3606 ·
256 3572 379 3651 etium
409 3568 461 3651 ud
490 3567 622 3670 illum,
651 3569 720 3679 qui
747 3598 819 3679 per
837 3597 907 3652 aex
927 3568 1079 3678 grndus
1107 3568 1256 3652 ductus
1282 3597 1365 3650 uun
1395 3565 1673 3650 emendaverit
1702 3573 1705 3578 ’
1869 3569 1875 3581 ‘

255 3706 298 3782 et
326 3701 504 3810 [tannen]
533 3701 718 3808 quamuis
746 3703 891 3786 uolens
921 3699 1151 3784 voluntarie
1185 3701 1321 3801 exire,
1352 3699 1588 3808 projicitur,
1622 3725 1673 3777 eo

113 3835 135 3932 J
256 3831 365 3943 quod
389 3832 466 3916 iste
491 3832 598 3932 tolia,
627 3831 812 3941 quunmis
840 3860 1013 3943 corpore
1042 3861 1122 3916 non
1147 3831 1344 3932 discessit,
1372 3837 1510 3914 tamen
1534 3834 1673 3911 mente

80 3995 84 4004 ’
216 3979 219 3985 ’
256 3963 460 4062 discensitr
490 3964 1073 4064 undesicutdiseeesitmente,
1095 3964 1414 4048 ‹liscedatetiam
1431 3968 1672 4070 etcorpore.

701 4179 705 4190 ¹
819 4140 917 4246 cup.
951 4139 1125 4226 XXIX.

257 4305 303 4379 81
335 4301 580 4378 DEBEAN'I'
610 4301 809 4380 lTFlllUM
842 4303 1009 4380 REClPl
1042 4301 1273 4379 FRATRES
1306 4298 1577 4378 ldXEUN'I'ES
1608 4297 1674 4372 nl}
1705 4315 1710 4326 ·

178 4431 180 4436 ·
488 4441 491 4447 ·
646 4449 664 4545 j
792 4435 1141 4515 arnnasuuum.

370 4562 543 4664 Frater,
583 4563 653 4670 qui
684 4563 858 4668 proprio
899 4565 994 4644 elliu
1031 4559 1236 4666 egreditur
1272 4566 1342 4644 rud
1376 4541 1597 4666 ⁸projicitur·
1624 4557 1674 4640 de

258 4697 519 4798 erronusterr'o,
549 4697 590 4782 ei
615 4697 763 4780 receuti
789 4693 967 4792 coluerit,
995 4692 1189 4798 snornleul
1216 4693 1334 4796 prins
1365 4718 1521 4778 omnem
1544 4717 1671 4772 emen·

242 4829 461 4932 ¹dationem
490 4828 589 4927 vitii,
614 4853 693 4932 pro
720 4853 798 4932 uren
824 4853 1009 4934 egressus
1037 4807 1121 4926 est,
1150 4833 1188 4908 el
1214 4827 1274 4911 ule
1302 4827 1346 4907 in
1375 4825 1513 4908 ultimo
1537 4819 1672 4926 yrurln

255 4961 489 5066 recipietur,
506 4966 548 5040 nt
562 4985 612 5041 ex
625 4957 696 5042 lrec
710 4963 797 5066 rjus
811 4959 1019 5042 lrrrrm'lilus
1035 4959 1320 5062 cornprouunr.
1366 4953 1480 5060 Quod
1497 4959 1533 5035 el
1545 4953 1673 5035 ‹lerrrm

255 5095 401 5186 exierit
429 5116 552 5198 resque
577 5089 693 5172 lertio
721 5092 780 5174 itu
807 5093 1050 5196 recipiatur,
1080 5091 1174 5194 jum
1203 5113 1295 5184 uero
1317 5092 1459 5196 posteo
1487 5081 1673 5196 referred)

263 5251 275 5264 ’
348 5311 375 5400 ι)
397 5305 490 5378 acin
511 5307 559 5402 (e)
