4334 5750
212 241 217 249 ·
324 177 427 298 'rso
549 161 648 216 '⁸
965 195 1137 294 cmm

280 536 285 544 Ι
335 424 460 536 poris
486 425 673 516 interiori
701 430 827 532 porte
861 421 1116 526 rediturum
1154 447 1259 530 qnae
1294 423 1445 510 idcireo
1478 423 1611 538 turpis
1646 437 1759 520 καί.

342 559 420 646 dns
450 558 502 644 in.
523 555 767 642 eirordonmr
792 553 983 674 ordinatu
1011 559 1106 638 aaut
1132 556 1308 658 modeim,
1345 562 1388 638 et
1415 564 1622 666 erauldus
1648 589 1759 650 esras

283 741 290 764 ι
337 689 544 800 paularim
571 693 736 796 eperunt
761 693 800 772 er
825 685 1105 792 nmerodditis
1132 684 1234 798 eidis
1259 712 1341 770 oon
1369 687 1656 796 impediuntur.

339 923 342 930 ,
452 816 667 930 Sequiturz
684 817 895 924 Purqreres
905 843 1097 902 mereare.
1131 815 1220 940 Hoc
1233 821 1499 928 praeceptum
1509 820 1560 903 dd
1576 823 1759 934 maiores,

265 973 270 984 ·
343 951 415 1062 qui
430 955 678 1062 potestatem
695 947 821 1034 dandi
836 947 1007 1058 hebent,
1022 947 1195 1052 attinet;
1209 951 1346 1036 temen
1363 974 1562 1058 pauperes
1576 966 1761 1041 recreant

343 1084 468 1168 etiarn
507 1082 686 1166 minores
724 1078 937 1180 monaehi,
977 1078 1011 1162 si
1048 1077 1303 1162 voluntatem
1343 1079 1556 1163 recreandi
1594 1079 1780 1186 habeut·

345 1219 418 1298 aut
440 1209 566 1299 etiem
585 1211 858 1300 cohortantur
876 1209 1047 1321 priores,
1074 1236 1274 1322 pauperes
1296 1231 1492 1315 recreare,
1515 1211 1586 1322 qui
1607 1211 1764 1300 habeut·

343 1349 590 1456 potestatem
599 1342 829 1431 recreandi.
874 1343 1037 1453 Pauper
1052 1343 1179 1446 enim,
1205 1341 1316 1427 sieut
1327 1343 1592 1430 Cassiodorus
1606 1346 1717 1452 dicit,
1727 1351 1760 1462 ¹)

244 1501 248 1510 ·
342 1478 478 1565 dietus
506 1483 569 1564 eat
597 1507 621 1562 a
648 1477 818 1587 paululo
846 1476 944 1564 lare.
1003 1474 1058 1558 Et
1085 1476 1233 1560 iterum
1257 1504 1412 1586 pauper
1440 1475 1509 1560 iile
1528 1476 1662 1562 dietus
1688 1487 1761 1584 est,

343 1609 414 1721 qni
442 1615 607 1696 terrena
644 1607 871 1720 eupiditate
899 1614 1095 1692 vacuatus
1132 1607 1300 1694 coelesti
1336 1607 1540 1694 desiderat
1569 1609 1760 1720 largitate
1807 1689 1812 1700 .

343 1744 552 1848 ditescere.
610 1741 823 1843 Reereore,
851 1742 878 1825 i.
907 1769 943 1824 e.
972 1738 1200 1824 refocillare
1219 1738 1283 1824 vel
1313 1739 1478 1852 aliquod
1511 1741 1759 1851 adjutorium

346 1873 428 1958 iiiia
457 1875 638 1958 tribuere
666 1872 731 1957 rel
759 1870 1005 1984 impendere.

454 2004 669 2114 Sequitur:
710 2000 856 2086 It'udor
881 2001 1037 2088 vestire.
1094 2002 1294 2087 Similiter
1321 2009 1364 2086 et
1392 2003 1470 2088 troo
1498 2013 1759 2116 praeceptum

344 2136 521 2224 maxime
547 2135 600 2220 ad
640 2131 796 2244 priores
830 2133 1006 2235 attinet,
1047 2137 1117 2244 qui
1157 2136 1405 2244 potestatem
1445 2134 1600 2219 liabent
1626 2136 1762 2226 dandi.

309 2302 323 2316 ·
347 2269 525 2353 Possunt
553 2265 679 2350 etium
706 2263 887 2348 minores
915 2263 1048 2347 nudos
1072 2265 1232 2364 restire,
1259 2263 1293 2344 si
1323 2263 1578 2349 voluntatem
1607 2266 1760 2350 hadent

267 2403 270 2410 ’
347 2394 567 2494 vestiendi,
594 2397 668 2478 aut
695 2390 820 2477 etiam
849 2389 1071 2478 hortantur
1097 2395 1296 2502 urajores,
1334 2389 1464 2478 n'udos
1492 2398 1663 2498 vestire,
1690 2398 1759 2506 qui

345 2527 500 2612 hebent
528 2528 776 2637 potestatem
804 2522 942 2610 dandi.
1198 2509 1200 2512 ⁵

455 2659 672 2768 Sequitur:
701 2659 899 2766 Irrfirrnos
930 2658 1108 2766 uisitare.
1165 2657 1267 2744 Cnnr
1293 2657 1402 2742 enim
1440 2657 1542 2743 dicit
1569 2657 1762 2765 Infirmos

345 2793 525 2895 visitare,
554 2777 902 2893 mairranica,
931 2791 1002 2903 qui
1033 2791 1216 2875 extranei
1245 2791 1396 2876 infirmi
1423 2796 1533 2895 suut,
1562 2793 1660 2900 quia
1679 2793 1762 2904 ipse

307 2927 316 2946 '
345 2926 388 3012 S.
419 2925 666 3012 Benedictus
694 2925 795 3010 dicit
821 2923 1014 3009 interius:
1054 2914 1231 3029 Officium
1259 2949 1368 3028 nero,
1407 2922 1601 3008 abilenae
1627 2922 1761 3006 onereiu

345 3055 560 3166 ditipenter
587 3081 807 3162 operationes,
836 3053 1015 3140 elaustro
1043 3060 1138 3139 sarrit
1167 3055 1402 3140 nronosterii
1428 3061 1465 3138 et
1488 3053 1693 3137 stabilitos
1718 3055 1759 3136 in

285 3249 287 3254 -
345 3188 660 3296 corrprepotione.
717 3185 833 3297 ipsos
864 3185 1186 3288 veroiutirmoS,
1220 3185 1362 3294 quiin
1392 3187 1572 3270 elaustro
1601 3216 1761 3271 monas·

345 3321 440 3404 terii
476 3320 642 3429 jacent,
685 3346 766 3404 uon
806 3317 959 3402 deb'ent
996 3317 1084 3402 sine
1122 3317 1288 3400 lieentia
1319 3318 1493 3400 visitare.
1551 3319 1763 3416 Quomodo

345 3455 482 3563 potest
518 3451 610 3560 quis
638 3449 802 3535 visitare
842 3450 931 3531 sine
967 3448 1156 3550 lieentia,
1195 3477 1288 3532 eum
1329 3477 1413 3532 nou
1454 3448 1577 3533 debet
1614 3447 1762 3532 habere

344 3583 512 3686 horam,
554 3582 596 3666 in
626 3611 709 3692 qua
735 3580 824 3664 sine
852 3579 1087 3663 obedientia
1123 3582 1256 3690 possit
1294 3579 1492 3680 existere,
1534 3588 1581 3663 ut
1608 3581 1763 3666 otiosus

345 3714 425 3798 sit?
462 3713 514 3798 V.'
541 3739 605 3823 gr.
635 3740 756 3796 maue
784 3710 887 3819 tegit
913 3737 1043 3818 usqne
1069 3711 1122 3795 ad
1153 3711 1296 3798 horem
1333 3713 1577 3810 secundeum
1619 3710 1762 3794 deinde

345 3845 393 3934 in
421 3843 606 3953 capituto
634 3843 705 3927 ilie
733 3840 861 3924 abbas
880 3839 1062 3948 injungit
1083 3838 1303 3950 unicuique
1322 3841 1613 3946 οἱωάἰυιήῐιιιιι,
1641 3871 1761 3951 quarn

246 3989 250 4004 '
345 3979 545 4058 exerceat.
604 3973 650 4058 in
678 3973 769 4082 ipso
797 3969 978 4080 capitulo
1005 3970 1107 4054 dioit
1135 3972 1366 4056 cellerario:
1410 3972 1554 4056 Frater
1582 3972 1685 4058 varie
1722 3974 1761 4054 in

284 4159 290 4170 ·
329 4099 460 4189 'tuam
489 4103 785 4188 obedientiam!
824 4101 1014 4184 similiter
1041 4105 1084 4184 et
1111 4101 1335 4211 unicuique
1362 4103 1461 4185 die-it
1489 4103 1622 4202 exire,
1660 4103 1764 4187 sieut

304 4345 308 4358 Ι
346 4239 382 4320 ei
411 4237 646 4347 iujun'etnm
675 4238 750 4322 est.
808 4231 966 4318 Deinde
995 4231 1097 4332 iltis,
1138 4233 1209 4342 qni
1238 4261 1323 4317 non
1352 4232 1509 4318 habent
1538 4235 1763 4346 injunctam

346 4366 638 4470 obedientium,
667 4366 790 4450 dioit:
828 4363 904 4467 Ite,
934 4369 977 4447 et
1005 4393 1076 4450 ros
1105 4364 1230 4450 facite
1258 4365 1337 4452 hoo
1366 4372 1439 4451 aut
1467 4366 1591 4469 istud,
1619 4370 1692 4450 aut
1719 4370 1764 4478 tu

218 4537 220 4544 ’
269 4597 271 4602 ,
344 4501 495 4612 adjura
521 4498 648 4616 tatem
675 4493 858 4599 tratrem,
888 4501 928 4580 et
944 4501 991 4578 tu
1010 4495 1117 4581 alter
1134 4497 1238 4581 vade
1260 4499 1301 4580 in
1330 4495 1498 4582 hortum
1522 4505 1566 4583 et
1593 4497 1762 4606 relique.
1872 4579 1878 4590 ,

311 4716 315 4722 .
346 4633 639 4717 Verumtamen
669 4630 703 4714 si
733 4628 822 4719 ‚vult
851 4627 911 4713 ire
946 4627 1095 4739 aliquis
1122 4629 1174 4714 od
1203 4629 1410 4712 infirmnm
1442 4631 1632 4732 tratrem,
1672 4655 1764 4712 oum
1867 4651 1871 4658 ·

346 4763 515 4848 licentia
555 4762 698 4882 debet
719 4764 799 4867 ire,
839 4765 913 4846 eut
951 4767 1062 4844 certe
1100 4789 1193 4845 oum
1235 4763 1450 4845 nuntiatur
1487 4758 1615 4846 frater
1649 4757 1765 4844 ratde

213 4894 216 4902 '
334 4887 533 4980 “infirmus
560 4923 661 5001 esse,
694 4899 795 4978 tune
823 4891 934 4976 dieat
960 4892 1088 4976 abbas
1114 4891 1158 4976 iu
1187 4893 1391 5004 capitulo:
1432 4893 1503 5003 qui
1535 4893 1624 4978 rult
1651 4889 1766 4977 intir-
1826 4890 1828 4894 ’

437 5187 466 5270 ⁸)
488 5203 609 5272 expos.
632 5179 669 5250 in
692 5178 818 5269 pronior.
842 5185 874 5246 o.
901 5199 931 5248 v.
955 5181 988 5246 o.
