3934 5762
855 135 1039 259 Prologus.
1623 179 1647 262 7
1742 215 1744 220 -
1847 141 1871 236 ‚⁵

244 387 376 473 dulcia
407 386 483 472 tibi
513 389 742 498 promittat,
774 395 911 477 tamen
942 391 1038 502 quia
1067 392 1244 477 intentio
1271 391 1381 477 illius
1401 393 1652 504 deceptionis

240 527 363 630 atquo
401 519 642 630 perditionis
680 527 752 627 est,
793 523 886 607 ideo
923 530 986 607 est
1013 525 1201 625 crudelis,
1242 525 1411 634 etipse,
1441 525 1512 634 qui
1542 553 1653 609 nnnc

240 657 302 736 est
329 679 471 736 suasor
500 650 736 755 dulcedinis,
766 653 836 737 ille
864 653 943 738 erit
970 662 1183 742 accusator
1213 660 1352 739 noster
1379 659 1476 739 ante
1506 653 1650 742 Deum.

241 782 361 866 lllulti
391 810 485 894 vero
510 783 694 868 carnales
723 791 856 894 patres
880 786 1065 870 crudeles
1092 785 1245 869 suntin
1262 814 1323 887 eo,
1348 785 1456 897 quod
1478 786 1651 868 mittunt

240 914 344 997 lilios
381 941 475 998 suos
514 913 567 998 ad
606 915 822 1001 turendurn
866 921 909 999 et
948 915 999 999 ed
1038 915 1278 1026 rapiendum
1322 945 1391 1000 sen
1434 918 1486 1000 nd
1516 926 1650 1002 cetere

238 1044 343 1128 nrula
372 1045 606 1154 peragenda
635 1073 755 1130 cause
794 1045 1024 1130 dilectionis
1055 1073 1208 1145 eorum,
1246 1052 1293 1129 nt
1325 1075 1374 1130 ex
1411 1048 1490 1134 hoo
1519 1047 1649 1130 abun·

238 1175 336 1259 dent
365 1174 530 1262 divitiis.
589 1174 790 1288 Deinceps
831 1178 996 1288 quidem
1041 1183 1140 1262 sunt
1175 1182 1312 1284 patres
1340 1177 1535 1277 ceruales,
1566 1179 1649 1288 qui,

237 1307 422 1418 quemuis
447 1335 532 1392 ιιοιι
554 1308 729 1392 mittunt
753 1307 857 1395 filios
877 1339 971 1394 suos
995 1307 1045 1392 ed
1068 1307 1176 1392 male
1194 1309 1480 1418 perpetranda,
1510 1315 1647 1394 temen
1734 1417 1737 1422 v

236 1438 333 1546 (piria
361 1465 443 1522 uon
486 1437 635 1523 docent
675 1439 768 1524 illos
798 1440 902 1524 bene
932 1468 1066 1550 egere,
1105 1447 1177 1523 aut
1207 1467 1289 1523 ιιοιι
1321 1438 1567 1549 permittunt
1585 1440 1648 1522 rel

201 1567 584 1664 'corraeduntillos
606 1569 763 1680 doceri,
805 1569 987 1655 crudeles
1028 1574 1137 1654 surrt.
1195 1567 1251 1652 Et
1289 1569 1385 1678 quid
1415 1569 1577 1671 mirum,
1614 1569 1649 1653 si
1812 1617 1816 1626 .

234 1697 352 1784 multi
383 1705 521 1810 petras
550 1702 734 1786 carnales
762 1706 860 1787 sunt
889 1701 1084 1807 crudeles,
1126 1729 1218 1784 cnm
1249 1698 1372 1784 etiarn
1404 1700 1520 1783 multi
1551 1699 1649 1782 doc·

233 1835 342 1916 tores
388 1837 513 1942 atque
555 1833 776 1944 praepositi
825 1832 1016 1918 eeclesiae
1066 1829 1249 1916 crudeles
1291 1831 1503 1918 existunt?
1553 1830 1649 1941 quin

233 1963 376 2066 omnis,
420 1967 490 2075 qni
531 1966 666 2053 locum
707 1974 821 2053 tenet
851 1967 1063 2078 regiminis
1100 1964 1307 2063 ecclesiae,
1345 1965 1377 2047 si
1418 1962 1509 2073 plus
1537 1969 1648 2046 amet

233 2095 295 2178 vel
325 2094 513 2208 diligitt
514 2127 658 2184 errena
685 2130 807 2211 quam
837 2099 971 2185 cocles
974 2098 1044 2200 tia,
1074 2095 1248 2181 crudelis
1277 2099 1351 2181 est.

340 2225 456 2312 m
425 2257 510 2314 srva
515 2229 789 2359 intelligas
777 2259 820 2315 nr
848 2227 1046 2314 hocloco
1077 2233 1238 2338 petrem
1266 2226 1463 2312 llenediot
1445 2234 1530 2312 ιιιιιι
1562 2229 1648 2312 siro

230 2358 353 2443 ulium
388 2348 636 2474 qumnipuanr
680 2360 931 2448 doctorem
919 2390 961 2445 ιιι
990 2363 1084 2446 loco
1122 2361 1209 2472 ejus
1237 2359 1520 2461 consti,tutnm
1562 2359 1646 2444 sivo
1722 2346 1726 2354 ’

193 2490 364 2599 ipsum
396 2491 643 2597 Dominum,
683 2498 745 2578 est
773 2521 929 2595 serious,
958 2522 1049 2577 cum
1080 2491 1203 2578 dicit:
1246 2489 1556 2576 aclruouitioneur
1579 2493 1646 2598 pit
1740 2558 1743 2564 ,

221 2624 360 2725 putris
400 2621 597 2710 libenter
604 2625 762 2732 excipe,
804 2625 828 2713 i.
859 2652 894 2709 e.
936 2624 970 2707 si
1008 2624 1116 2709 torte
1156 2651 1402 2734 quemquam
1440 2625 1645 2709 crudelem

232 2758 386 2860 petrem
427 2761 591 2840 secutus
628 2786 698 2863 es,
738 2755 884 2842 hortor
913 2761 953 2840 te
982 2761 1124 2908 etque
1135 2756 1359 2856 admoneo,
1400 2759 1448 2838 ut
1485 2756 1645 2840 deseras
1742 2823 1744 2827 ,

229 2882 345 2967 illum
374 2877 578 2973 crudelem
608 2892 651 2973 et
678 2887 858 2999 sequaris
888 2887 1023 2988 istum,
1055 2888 1126 2998 qui
1157 2887 1246 2999 pius
1276 2891 1349 2970 est.

340 3009 502 3101 lterum
537 3019 754 3102 ridendum
796 3024 876 3123 est,
919 3048 1000 3128 que
1040 3019 1200 3104 rutionu
1240 3043 1332 3100 eum
1340 3015 1514 3100 dixit
1494 3018 1642 3122 excipe,
1702 3057 1708 3068 ι

228 3146 438 3256 praemisit
465 3148 678 3234 libenter?
701 3199 703 3202 ·
730 3147 785 3234 m
814 3177 897 3234 nou
930 3148 1035 3234 dixit
1063 3149 1199 3253 urcipc
1228 3151 1412 3249 tautum,
1450 3149 1520 3232 sed
1552 3149 1641 3232 ideo

227 3276 332 3362 dixit
371 3277 538 3366 tidenter
575 3284 745 3392 propter
781 3278 1150 3399 exaggerationem
1181 3277 1413 3363 devotionis
1445 3283 1557 3382 tune,
1598 3288 1644 3364 ut
1759 3315 1770 3360 ι
1893 3353 1896 3360 ,

227 3407 440 3520 imperium
471 3411 600 3522 petris
644 3416 768 3524 atque
797 3412 986 3523 magistri
1015 3438 1174 3496 eummn
1201 3437 1295 3494 curn
1324 3409 1543 3495 devotione
1572 3441 1642 3495 ex·

226 3541 362 3654 cipien
421 3543 529 3630 Naar
571 3551 668 3631 sieut
703 3546 846 3649 multi,
884 3542 955 3654 qui
993 3543 1208 3654 imperium
1252 3541 1480 3651 suscipiunt
1513 3547 1643 3653 patris

225 3675 288 3759 nel
317 3677 527 3787 magistri,
570 3683 707 3764 tamen
738 3707 822 3766 ιιοιι
851 3677 1028 3760 libenter
1058 3673 1299 3784 suscipiunt,
1340 3702 1388 3755 eo
1418 3676 1528 3783 quod
1558 3707 1639 3761 uon

226 3807 332 3894 boua
361 3809 574 3896 uoluntate
602 3810 832 3921 suscipiunt
858 3809 983 3893 illud:
1013 3808 1179 3892 libenter
1208 3832 1385 3913 nemque
1413 3810 1551 3915 potest
1579 3808 1641 3890 iu·
1771 3921 1774 3927 ι
1897 3819 1900 3826 ’

225 3937 355 4050 telligi
384 3939 499 4048 quasi
514 3942 733 4050 placenter,
762 3941 802 4026 id
828 3943 902 4045 est,
931 3945 1081 4052 sponte
1102 3937 1168 4021 rel
1189 3935 1432 4037 voluntarie,
1463 3939 1639 4046 eoquod

25 4067 29 4074 ’
79 4069 81 4074 ’
223 4067 483 4157 devotionem
512 4079 624 4158 tuum
649 4071 780 4159 voluit
798 4073 1148 4186 periectenresse,
1179 4097 1270 4154 cum
1301 4067 1483 4152 ostendit
1505 4068 1547 4151 iu
1569 4067 1639 4153 illo

222 4203 360 4306 verbo,
390 4203 501 4315 quod
529 4204 631 4290 dicit
658 4205 817 4313 cccrpe,
851 4204 1033 4310 excipere
1055 4200 1163 4287 euim
1191 4204 1255 4283 est
1293 4196 1411 4284 ualde
1442 4197 1637 4307 accipere,
1795 4283 1799 4296 ,

221 4331 263 4418 id
292 4339 377 4419 est:
408 4363 538 4447 aeque
566 4340 691 4449 atque
720 4338 869 4423 devote
897 4337 1095 4447 accipere.

229 4568 236 4580 ι
330 4465 483 4552 lterum
514 4467 734 4554 ridendum
762 4471 837 4568 est,
879 4497 960 4582 qna
989 4465 1163 4574 ratione,
1204 4490 1296 4547 cum
1334 4461 1432 4546 dicit
1473 4463 1638 4568 corupte,

222 4595 430 4706 praemisit
466 4597 719 4704 efficaciter?
782 4595 880 4684 ideo
922 4595 1032 4683 euim
1074 4594 1179 4681 dixit
1160 4593 1429 4700 tcsfieucitcr
1452 4600 1638 4704 propter

220 4729 606 4841 exaggerationem,
648 4729 688 4814 id
731 4737 794 4816 est
834 4699 1130 4842 perlectionem
1174 4726 1329 4836 operis,
1375 4724 1470 4834 quia
1508 4725 1639 4811 voluit

220 4861 446 4964 ostendere,
477 4865 524 4946 ut
552 4857 657 4946 nihil
684 4859 949 4976 perfectionis
978 4859 1133 4946 deesset
1162 4863 1235 4943 tuo
1259 4856 1395 4968 operi;
1424 4855 1640 4961 elficncitcr

219 4992 329 5080 enirn
362 4993 481 5105 quusi
500 4991 691 5100 effectum,
719 4993 766 5083 id
786 4999 845 5080 est
860 4989 1238 5077 cursummatiouem
1259 4987 1461 5102 cupienter
1474 4987 1636 5074 dieitur.

155 5171 158 5178 ·
218 5119 453 5230 Efficacitcr
479 5153 657 5238 namque
685 5134 767 5214 est:
808 5125 983 5238 pefecte,
1029 5120 1249 5236 pleniter;
1291 5149 1388 5211 uam
1418 5121 1513 5232 qnia
1540 5125 1638 5235 sunt
