3994 5770
892 253 977 348 Cu·
1002 255 1043 328 V·
1432 207 1435 214 ’
1595 261 1674 346 nn

265 487 414 570 tantur.
472 475 525 560 ut
556 473 706 560 idcirco
737 473 861 558 debet
889 474 1016 559 abbas
1044 475 1118 561 hos
1142 475 1244 562 tales
1263 472 1502 592 singillatim
1532 477 1675 562 admo·
1709 509 1714 522 ¹
1889 587 1894 597 Ι

266 643 379 711 uere:
409 608 515 708 illos,
544 604 614 716 qui
644 601 909 706 tribulantur,
939 605 1062 691 debet
1089 608 1322 712 admouere,
1352 614 1399 692 ut
1427 613 1512 692 :rou
1540 608 1672 693 tribu·
1775 695 1778 704 ,

266 747 399 831 lentur
447 737 517 823 sed
558 736 746 847 cogitent
783 743 951 846 peccata
995 763 1089 838 sua,
1139 766 1261 846 quam
1301 739 1430 824 multa
1467 747 1512 823 et
1549 767 1669 850 quiam

193 935 198 956 .
263 872 403 988 gravia
429 873 541 974 surrt,
569 873 772 981 quatenus
801 893 884 952 non
906 866 1158 953 tribulentur
1182 895 1258 954 nec
1279 869 1454 954 timeant
1476 871 1670 972 laborem,

262 1005 356 1118 quia
384 1028 535 1112 magna
563 1006 606 1086 et
635 1003 764 1086 multa
792 1003 889 1084 suat
917 1003 1104 1108 peccata,
1141 1025 1246 1109 quae
1275 996 1353 1083 hoc
1382 999 1523 1084 labore
1554 1027 1672 1084 ruun-

262 1139 437 1233 dantur:¹
467 1133 560 1221 illos
587 1138 737 1232 autem,
769 1131 838 1245 qui
866 1127 1066 1240 gaudent,
1097 1128 1221 1214 debet
1249 1129 1478 1232 admonere,
1509 1136 1668 1215 utnon
1726 1133 1730 1144 '

260 1267 466 1382 gaudeant
503 1271 667 1353 terreno
706 1262 859 1375 gaudio
905 1259 974 1344 sed
1011 1259 1172 1364 divino,
1209 1265 1412 1370 quatenus
1454 1269 1540 1372 per*
1561 1260 1669 1348 liorrc
1732 1255 1736 1264 ’

259 1397 533 1486 obedientiam
564 1396 729 1484 valeant
756 1421 929 1508 regnum
958 1389 1127 1502 adipisci
1157 1388 1344 1478 coeleste.
1457 1466 1460 1472 .
1754 1479 1757 1484 Α

366 1529 580 1641 Sequitur:
619 1556 715 1615 rrurn
754 1554 843 1615 carm
890 1524 998 1612 ructo
1025 1523 1162 1610 arrium
1190 1523 1228 1608 si
1256 1523 1412 1610 obediat
1441 1523 1683 1631 discimus
1704 1554 1723 1576 ν·

220 1703 224 1709 ’
256 1671 292 1749 et
318 1688 395 1747 rrorr
425 1662 555 1747 solatur
583 1685 665 1762 ore,
694 1661 768 1746 sed
796 1656 916 1744 etiarn
943 1657 987 1742 iu
1008 1656 1126 1742 corde
1145 1655 1520 1760 aiiiurnaraverit,
1543 1657 1664 1744 etiarn

257 1794 295 1881 si
322 1792 488 1901 inspicat
508 1789 748 1900 jussionem,
777 1799 911 1876 taurea
939 1787 1254 1895 occeptumjent
1272 1815 1352 1874 :rore
1375 1791 1452 1874 erit
1470 1789 1571 1892 Deo,
1599 1791 1670 1896 qui
1735 1783 1737 1788 ⁴

212 1931 219 1944 ’
262 1923 510 2032 correspicit
531 1924 836 2023 muroruruutis,
866 1929 903 2008 et
923 1944 1006 2028 pro
1032 1919 1106 2005 tuli
1121 1919 1231 2025 sacto
1249 1919 1403 2006 rudlmn
1421 1923 1670 2027 consequitur
1771 1999 1773 2004 .

179 2067 182 2072 “
252 2059 445 2167 gratiani,
476 2057 599 2141 inimo
619 2079 797 2162 portiom
823 2047 1164 2138 irrerrnrurantium
1191 2050 1373 2154 irrurrrit,
1403 2053 1443 2138 si
1471 2078 1550 2138 rior:
1579 2079 1668 2139 aaran

144 2271 147 2276 .
256 2185 531 2292 satistrictioue
559 2184 840 2285 airarduverit,
877 2209 925 2270 ac
954 2181 988 2268 si
1018 2183 1195 2268 diceret:
1232 2208 1316 2268 noa
1347 2183 1479 2268 solnm
1510 2182 1665 2268 nullom

256 2317 430 2426 gratiam
459 2343 509 2402 ex
538 2316 617 2401 lroc
644 2314 929 2426 consequitur,
966 2313 1261 2400 verumetiam
1291 2342 1442 2428 poenas
1486 2343 1667 2401 muram-
1776 2341 1786 2364 ··

256 2449 428 2533 rantium
461 2447 647 2532 incurrit
703 2445 859 2547 Iorento,
900 2445 928 2534 i.
967 2445 1182 2554 epatius,
1229 2447 1372 2557 magis.
1431 2445 1663 2552 Videamus,

189 2593 192 2600 ’
255 2578 322 2688 qui
359 2576 515 2663 fuerint
556 2576 616 2661 illi
644 2583 977 2680 murmuratores,
1014 2605 1188 2687 quorum
1228 2605 1379 2689 poenas
1414 2578 1490 2662 iste
1519 2577 1663 2663 inobe-

256 2709 368 2792 diens
406 2709 593 2813 incurrit,
631 2711 673 2792 et
709 2736 826 2818 quae·
853 2715 917 2794 est
945 2735 1077 2818 poena
1105 2707 1282 2795 illorum.
1340 2711 1663 2794 Murmuratores
1769 2704 1773 2714 ’
1836 2819 1840 2828 ¹

243 2842 419 2923 luerunt
448 2839 522 2924 lilii
551 2838 697 2938 Israel:
726 2865 861 2947 poeua
878 2835 1043 2923 illorum
1064 2839 1142 2926 fuit
1160 2839 1270 2952 ignis
1294 2841 1493 2944 coelestis,
1523 2840 1659 2924 hiatus
1747 2939 1749 2944 ,

256 2980 395 3069 terrae,
436 2997 595 3056 morsus
623 2971 886 3081 serpentium.
948 2969 1030 3056 Alii
1049 2971 1215 3056 vmortui
1244 2976 1342 3056 sunt
1369 2970 1487 3056 hiatu
1515 2977 1660 3074 terrac,

253 3101 357 3185 sicut
385 3101 551 3187 Dathau
581 3105 623 3187 et
653 3100 835 3200 Abirou:
861 3101 935 3209 alil
965 3129 1103 3187 morsu
1131 3102 1358 3213 ignitorum
1386 3102 1660 3213 serpentium:

251 3231 320 3315 alii
348 3231 436 3344 igni
465 3230 645 3318 coelesti.
695 3232 774 3320 Sed
803 3260 929 3344 quare
958 3234 1118 3320 dicatur
1138 3259 1293 3340 arcena,
1320 3234 1454 3323 ¹<locet
1482 3231 1662 3318 Isidorus

251 3363 309 3446 ita
337 3362 499 3449 dicens:
516 3365 547 3473 ¹)
588 3363 728 3452 Poena
756 3364 865 3450 dieta
893 3370 964 3468 est,
993 3365 1099 3472 qrmct
1120 3366 1269 3474 prereiut
1281 3395 1294 3468 ,-
1321 3369 1380 3450 est
1418 3357 1550 3448 ersten:
1578 3362 1661 3468 erri-

250 3492 394 3578 tdetruu
433 3498 723 3600 successorium,
763 3504 800 3582 et
839 3496 927 3582 sirie
964 3495 1183 3604 adjectione
1221 3523 1309 3584 ‚reon
1345 3495 1462 3584 liutet
1494 3492 1661 3600 plorarent
1725 3489 1726 3492 ‘
1801 3565 1804 3572 .
1867 3549 1889 3606 ·.

249 3625 586 3733 scrrsunuedjieis
599 3653 749 3733 »poam
759 3630 975 3731 cerceis«,
988 3626 1300 3734 »pasturelli«,
1313 3651 1464 3734 »poetro
1475 3628 1659 3726 retortis«,
1733 3675 1734 3678 a

249 3759 286 3838 et
312 3754 454 3862 irretitas
481 3781 654 3845 scrrsrun.
694 3757 828 3845 Debet
856 3759 978 3844 etium
1008 3759 1099 3863 lroc,
1127 3758 1238 3869 quod
1268 3757 1453 3870 superius
1473 3755 1593 3840 dicit:
1624 3755 1661 3838 si
1728 3755 1730 3758 ’
1760 3743 1765 3756 ’

251 3909 327 3968 rior:
365 3911 471 3971 cum
494 3887 772 3994 satisfactione
799 3890 1078 3993 enreudaverit,
1118 3889 1178 3974 ita
1217 3890 1410 4000 intelligi,
1444 3887 1524 3972 istu
1551 3885 1661 3969 enirn

170 4091 181 4110 ,
250 4014 371 4102 debet
400 4043 486 4106 esse
514 4018 706 4106 discretio
736 4017 856 4129 hujus
885 4019 1200 4107 satisfactionis:
1239 4021 1272 4105 si
1302 4021 1437 4132 [vero]
1469 4019 1510 4101 iu
1539 4016 1661 4101 corde
1739 4061 1740 4065 κ

250 4143 307 4228 ita
346 4147 705 4251 murmumrerit„
727 4153 928 4258 quatenus
965 4150 1091 4236 abbas
1121 4149 1391 4255 intellexerit,
1429 4177 1521 4234 enm
1553 4175 1662 4234 nuu-

118 4367 120 4370 ,
250 4301 443 4382 liturasse,
474 4284 518 4365 et
545 4306 622 4391 pro
650 4277 729 4364 hoc
758 4280 845 4390 ipse
873 4279 999 4365 abbas
1027 4281 1217 4368 turbatus
1257 4285 1300 4365 et
1328 4285 1556 4365 commotus
1586 4281 1660 4382 est,
1718 4281 1722 4290 ’

249 4412 346 4494 tune
374 4407 462 4521 ipse
491 4411 717 4497 monachus
747 4411 869 4497 debet
897 4411 1039 4499 abbati
1069 4411 1229 4500 veniam
1258 4413 1425 4524 petere:
1460 4409 1494 4494 si
1522 4413 1658 4495 autem

249 4535 307 4662 ito
333 4543 458 4628 tacite
487 4544 530 4629 in
560 4543 685 4629 corde
712 4545 1042 4648 murmuraverit,
1070 4551 1119 4632 ut
1144 4544 1273 4630 abbas
1301 4570 1385 4628 uou
1406 4540 1661 4652 cognoverit,
1883 4647 1886 4655 1

248 4663 336 4756 euirr
379 4701 663 4777 murmurasse,
708 4679 807 4760 tuuc
842 4675 1044 4764 incertum
1086 4676 1271 4779 ridetur,
1308 4675 1374 4760 cui
1420 4672 1660 4778 satisfaciat,
1734 4759 1739 4766 ,
1820 4702 1823 4710 ·

248 4808 382 4886 utrum
413 4802 502 4892 Deo
529 4834 584 4892 au
614 4805 785 4909 homini,
822 4807 850 4897 i.
879 4838 914 4896 e.
944 4806 1241 4896 contessionem
1273 4805 1409 4892 faciat.
1442 4803 1540 4890 Ideo
1561 4801 1662 4888 dixi:

208 4954 212 4962 ·
247 4932 538 5024 confessionem
568 4935 717 5040 iaciat,
753 4937 850 5050 quia
878 4940 921 5028 in
949 4941 1028 5029 hoc
1056 4941 1148 5027 loco
1185 4932 1414 5024 satisfactio
1443 4963 1519 5047 pro
1565 4962 1663 5020 cou-

153 5299 159 5314 .
334 5213 360 5313 ¹)
382 5219 583 5315 etymolog.
607 5220 668 5296 liu
691 5225 723 5295 t.
746 5244 777 5298 u
800 5213 855 5295 t'l.
938 5261 941 5268 ·
