3994 5770
907 244 993 336 Cas·
1017 244 1059 323 v·
1617 255 1694 337 185
1740 225 1743 234 ’
1861 223 1863 228 ’

280 467 438 551 dietus:
468 465 649 548 timorem
673 463 876 572 yelwrmue
906 469 1127 550 etardum
1155 468 1287 574 viarm·
1324 499 1417 556 uum
1448 474 1516 584 qui
1547 473 1694 558 timere

281 623 435 707 poenae
465 595 529 698 uel
549 593 788 704 temporalis
810 625 881 681 seu
899 599 1091 682 aeternae
1114 600 1239 682 servit
1261 601 1324 684 rel
1338 585 1483 687 'obedit
1502 603 1691 705 Domino,

279 759 363 814 uon
392 733 454 812 est
482 729 711 839 perfeetum
741 729 884 832 atille,
912 728 979 813 eui
1008 732 1071 813 est
1097 733 1211 814 areta
1240 733 1306 816 via
1333 733 1578 836 obedientia,
1608 763 1691 820 nou

140 959 143 966 Δ
278 868 340 946 est
378 860 594 970 perfectus.
651 859 731 946 Sed
772 859 927 970 primus
967 862 1010 944 iu
1047 859 1191 946 ordine
1232 863 1389 972 positus
1427 872 1511 963 este
1557 865 1691 976 [quia]

278 991 462 1103 quamvis
477 989 508 1094 ¹)
532 989 702 1076 iuferius
729 992 831 1078 dicit
851 989 891 1076 S.
910 989 1155 1077 Benedictus
1178 993 1347 1079 iterum:
1379 995 1546 1080 Priame
1564 997 1695 1080 lmmi·
1824 1088 1827 1099 ¹

143 1109 147 1118 ’
277 1124 405 1209 litatis
430 1123 684 1233 eradicaret,
713 1153 797 1210 uou
827 1117 970 1226 orfi'eit,
1001 1123 1099 1234 quia
1126 1153 1216 1209 mos
1237 1129 1299 1210 est
1316 1132 1551 1211 sauctorum
1573 1155 1691 1236 prue-

278 1238 517 1357 dicaturum,
548 1256 685 1359 semel,
722 1255 783 1340 bis
812 1261 886 1340 aut
913 1261 977 1341 ter
1005 1253 1140 1342 dicere
1169 1285 1297 1342 uuum
1326 1259 1579 1369 eundemque
1608 1289 1691 1344 ser·

277 1414 453 1488 monem,
484 1385 599 1471 verbi
621 1386 758 1498 gratia
782 1387 950 1473 dieunt:
981 1389 1092 1473 Ante
1112 1388 1250 1473 omnia
1272 1388 1487 1475 caritatem
1506 1397 1688 1486 umtuam
1809 1483 1813 1490 ,

132 1615 142 1632 .
277 1519 443 1618 habeta,
489 1522 583 1627 post
622 1517 717 1601 hiue
757 1518 995 1628 praedicant
1029 1518 1110 1604 alia
1148 1524 1190 1603 et
1227 1521 1377 1605 iterum
1409 1521 1690 1631 subjuuguutr

243 1713 246 1720 .
276 1654 373 1734 aute
402 1647 541 1733 omnia
569 1647 845 1736 humilitatem
876 1649 1035 1754 habete,
1066 1651 1298 1762 etreliqua.
1344 1649 1411 1736 Ita
1433 1657 1475 1735 et
1499 1652 1540 1740 S.
1557 1653 1690 1738 Beue·
1831 1721 1837 1732 .

279 1781 411 1865 dietus
439 1779 482 1864 iu
511 1781 591 1867 hoe
620 1782 711 1866 loco
741 1781 874 1868 faeere
904 1783 1087 1887 videtur,
1130 1811 1221 1868 eum
1261 1783 1329 1868 hie
1359 1782 1479 1868 dieit:
1522 1783 1691 1869 Primus

276 1913 516 1999 lrarmililatis
534 1913 779 2024 mariaeerat,
811 1915 1022 2001 etiterum
1053 1913 1223 1999 iuferius
1251 1915 1490 2027 subjungit:
1526 1915 1690 2002 Primus

171 2043 174 2050 ’
277 2045 515 2133 Ιικηιὶῑίἰαιίε
554 2049 711 2157 aradus
744 2055 815 2136 est.
873 2045 997 2132 Nune
1038 2047 1259 2132 videndum
1298 2052 1384 2153 est,
1426 2079 1552 2159 quare
1581 2080 1691 2137 nuuc
1816 2065 1817 2070 '
1888 2087 1891 2096 ·

278 2179 377 2265 dicit
418 2179 678 2279 hurnilitulia,
720 2209 814 2266 eum
856 2180 980 2265 clavis
1024 2179 1140 2264 istius
1168 2179 1338 2291 capituli
1375 2182 1425 2266 de
1455 2182 1691 2271 obedientia

277 2312 408 2398 dicit?
468 2341 570 2425 opus
613 2311 722 2396 euim
766 2311 870 2418 luit,
911 2317 959 2398 ut
998 2313 1171 2420 diceret,
1210 2312 1387 2426 primum
1434 2315 1690 2403 obedientiae

28 2457 30 2472 ’
121 2439 124 2442 ’
276 2445 447 2556 gradum
473 2474 572 2530 esse.
616 2444 715 2530 ldeo
746 2444 850 2530 dixit
877 2444 1129 2550 lrrtrndilelis,
1159 2446 1255 2557 quia
1274 2448 1376 2532 istae
1393 2452 1476 2534 tres
1505 2449 1687 2552 virtutes,

247 2579 301 2666 ·i.
331 2608 366 2662 e.
408 2576 580 2681 caritas,
621 2578 830 2664 humilitas
871 2584 912 2662 et
949 2577 1183 2664 obedientia
1223 2581 1324 2666 adeo
1362 2569 1458 2665 suut
1485 2573 1564 2664 sibi
1593 2609 1691 2668 eou·
1761 2613 1763 2617 ·
1910 2589 1913 2596 ’

268 2710 463 2822 junctae,
508 2717 554 2797 ut
594 2740 675 2798 uua
713 2711 801 2796 siue
828 2710 958 2806 altera
987 2741 1073 2797 esse
1102 2721 1298 2823 nequeam
1346 2741 1441 2798 uam
1483 2713 1554 2800 ubi
1593 2715 1689 2801 obe·

274 2845 427 2930 dieutia
458 2850 531 2948 est,
562 2846 621 2931 ibi
640 2845 851 2951 humilitas
875 2851 916 2930 et
936 2844 1083 2931 caritas
1107 2850 1149 2930 et
1176 2845 1345 2957 reliqua,
1374 2847 1480 2933 sieut
1503 2846 1687 2959 superius

273 2975 458 3064 diximus.
524 2979 691 3066 Gradus
719 2975 969 3088 intelligitur
998 2979 1184 3064 assensio
1215 2979 1280 3065 vel
1309 2981 1480 3067 scansio.
1542 2979 1688 3064 Otadi-

272 3110 380 3196 eutia
399 3111 488 3198 siae
505 3138 631 3198 mora.
679 3104 913 3198 Odedieatia
934 3109 1043 3195 dieta
1072 3115 1135 3195 est
1158 3111 1273 3222 quasi
1296 3111 1561 3214 olraadieutia,
1592 3111 1688 3222 quia
1798 3205 1834 3233 ,Χ

181 3341 184 3350 .
272 3245 378 3354 quod
408 3245 526 3330 audit
553 3273 752 3346 sermone,
781 3227 1120 3355 opere‘complet.
1164 3242 1219 3328 llt
1238 3245 1342 3328 bene
1362 3244 1478 3346 (lixit,
1510 3245 1686 3355 primum
1715 3235 1717 3240 ’

271 3375 516 3462 humilitatis
560 3375 733 3486 gradum
777 3403 863 3459 esse
906 3375 1207 3479 obedientiam,
1255 3378 1352 3487 quia
1393 3377 1570 3488 primum
1614 3405 1687 3484 per
1790 3454 1792 3460 .

270 3508 499 3619 superbiam
541 3520 583 3593 et
611 3506 932 3592 inobedientiam
965 3538 989 3592 a
1021 3536 1154 3619 regno
1185 3507 1264 3592 Dei
1303 3515 1346 3592 at
1383 3540 1408 3592 a
1437 3506 1687 3592 beatitudine
1791 3574 1794 3580 .
1934 3619 1941 3626 -

270 3639 428 3749 expulsi
456 3667 595 3724 sumus
623 3643 812 3740 aeterua,
854 3644 897 3724 et
935 3639 1028 3724 ideo
1057 3669 1129 3750 per
1160 3637 1434 3724 humilitatem
1476 3643 1518 3721 et
1545 3637 1686 3721 obedi·
1723 3729 1736 3759 o

270 3769 423 3854 entiam
469 3769 609 3854 eadem
657 3769 845 3854 coelestis
890 3771 1007 3880 regui
1051 3771 1204 3882 gaudia
1254 3776 1437 3882 repetere
1481 3770 1685 3856 debemus.
1726 3844 1730 3853 .
1797 3861 1831 3872 „.

269 3901 376 3986 Sunt
404 3902 511 3988 euim
543 3902 674 4006 multi,
705 3905 776 4015 qui
793 3902 997 3987 'videntur
1024 3931 1161 3989 eoram
1185 3902 1422 3989 hominibus
1445 3903 1533 3986 sine
1559 3929 1685 4002 mora,

268 4033 294 4118 i.
324 4065 357 4120 e.
385 4035 474 4120 sine
512 4035 708 4122 tarditate
745 4025 887 4146 agere
906 4036 1211 4138 obedientiam,
1251 4039 1388 4117 tamen
1428 4061 1564 4134 eoram
1596 4031 1684 4116 Deo
1789 4089 1792 4096 ,

267 4196 359 4256 eum
388 4196 503 4254 mora
531 4164 733 4278 riganti.
753 4195 787 4252 e.
817 4173 890 4254 aut
918 4196 992 4280 pro
1023 4195 1128 4252 vana
1155 4164 1303 4278 gloria,
1333 4170 1406 4250 aut
1427 4195 1501 4275 pro
1522 4164 1681 4267 timore,

268 4304 340 4384 aut
376 4307 487 4386 eerte
522 4328 600 4411 pro
635 4297 718 4384 alia
754 4298 893 4412 aliqua
933 4298 1094 4385 ratione
1134 4299 1346 4386 obediunt.
1404 4291 1557 4382 Iterum
1587 4301 1685 4379 suut

266 4431 357 4538 alii,
403 4433 473 4542 qui
516 4461 611 4518 earm
652 4457 769 4534 mora
788 4465 790 4472 ·
811 4459 947 4518 euram
994 4429 1227 4516 homiuibus
1268 4429 1459 4515 videntur
1500 4428 1718 4540 obedire„

269 4569 406 4651 tumea
437 4593 574 4652 eoram
591 4564 680 4650 Deo
709 4562 941 4650 siuemora
968 4561 1178 4665 obediunt,
1208 4559 1405 4672 quiapro
1422 4557 1682 4672 impossibili·
1884 4591 1888 4606 ·

267 4702 351 4786 tute
383 4697 461 4784 hue
490 4697 660 4784 iueiuut.
719 4696 793 4782 mi
827 4693 929 4781 tales
958 4691 1160 4805 probandi
1188 4700 1298 4782 suut.
1348 4690 1590 4779 Probaudus
1620 4682 1808 4794 aursja·
1870 4759 1874 4768 .

247 4827 347 4930 ille,
377 4828 564 4941 quisine
593 4827 704 4914 mora
738 4825 881 4913 obedit
908 4853 1047 4912 eoram
1077 4823 1312 4910 homiuibus
1340 4825 1419 4909 isto
1448 4811 1590 4908 mador
1635 4825 1685 4905 ut

265 4985 429 5046 securus
456 4959 511 5044 ait
538 4959 665 5073 abbas
690 4959 741 5046 de
766 4959 853 5061 illo,
881 4983 1020 5043 eoram
1038 4955 1126 5043 Deo
1155 4953 1277 5040 debet
1303 4953 1420 5039 illum
1450 4945 1693 5060 admouere
1724 4957 1729 4996 ’·

353 5250 384 5330 ¹)
406 5241 569 5336 queraris
591 5239 685 5316 euim
709 5241 765 5334 (lt
