3930 5788
674 147 678 156 ¹
806 199 891 290 cop.
922 199 1032 272 oxu.
1538 209 1618 290 573

215 419 342 534 possit
370 417 460 528 quis
487 413 731 526 intelligere,
762 418 871 526 quod
901 419 1021 521 dicat,
1052 426 1189 502 tarueu
1217 421 1354 504 sauior
1379 425 1442 506 est
1465 447 1621 522 seusus,

216 563 273 653 ut,
303 550 410 634 sicut
438 547 615 630 diximus
643 547 694 630 de
724 547 948 650 monachis,
977 550 1010 632 si
1032 551 1126 634 talis
1148 559 1211 634 est
1235 577 1418 658 persona,
1449 552 1513 635 cui
1538 581 1621 636 uou

214 679 419 788 competit,
449 677 658 786 flagellum
690 679 802 760 uallo
832 680 953 762 urodo
982 679 1104 762 debet
1131 679 1191 762 illi
1221 681 1434 786 adhibere,
1464 682 1621 766 situlis

213 818 297 912 est,
336 836 457 917 quun
500 808 668 916 adjuvet
710 807 917 918 flagellum
962 815 1005 893 et
1044 826 1135 894 uorr
1172 817 1339 911 uoceat,
1378 811 1623 896 adhibeatur

214 943 432 1054 flagellum.
490 939 745 1024 Notandum
770 945 851 1041 est,
880 937 975 1050 quia
1011 969 1085 1050 pro
1113 941 1193 1024 illis
1221 941 1525 1050 sacerdotibus,
1553 943 1623 1050 qui

212 1072 439 1158 sacerdotes
479 1070 649 1155 veniunt
688 1071 731 1154 iu
770 1073 1081 1175 monasterium,
1110 1101 1193 1156 uon
1230 1071 1331 1156 dicit
1368 1073 1511 1183 regula
1549 1073 1623 1156 ad·
1737 1149 1738 1154 l

213 1205 341 1289 hiberi
371 1203 606 1314 episcopum
637 1202 681 1288 iu
710 1204 1015 1310 testimouium,
1043 1206 1112 1289 sed
1141 1205 1396 1290 solummodo
1417 1233 1509 1316 ‘pro
1541 1207 1622 1290 illis

213 1337 500 1438 sacerdotibus,
530 1335 599 1446 qui
631 1336 672 1418 iu
703 1334 949 1420 urouasterio
979 1343 1291 1434 consecrantum
1320 1338 1412 1424 ideo
1441 1363 1515 1447 pro
1541 1339 1622 1448 illis
1654 1417 1657 1424 .

211 1469 513 1570 sacerdotibus,
551 1469 621 1578 qai
663 1466 891 1550 sacerdotes
930 1467 1101 1550 veuiuut
1143 1468 1183 1551 iu
1229 1471 1622 1573 urorrasteriuru,eo

211 1600 318 1713 quod
359 1601 418 1685 illi
459 1599 501 1683 iu
543 1600 626 1684 ulio
665 1598 787 1684 titulo
826 1599 994 1682 luerunt
1029 1599 1280 1702 consecrati,
1310 1629 1394 1684 uou
1429 1613 1491 1686 est
1520 1632 1622 1714 opus

211 1736 444 1848 episcopum
473 1733 676 1818 adhiberi
693 1733 735 1816 iu
764 1731 1058 1818 testimouium.
1118 1732 1182 1816 lili
1210 1741 1347 1816 auteur
1366 1735 1620 1836 sacerdotes,

210 1867 304 1977 quia
331 1865 374 1949 iu
404 1865 476 1950 illo
505 1865 629 1948 titulo
659 1863 827 1948 fuerunt
852 1866 1101 1963 consecrati,
1129 1863 1222 1950 ideo
1261 1891 1423 1948 neeesse
1455 1869 1543 1968 est,
1572 1873 1620 1948 ut
1699 1913 1700 1918 a
1811 1857 1812 1862 ‘
1881 1853 1884 1860 ’

210 1994 451 2078 adhibeatur
473 1995 689 2106 episcopus
718 1997 760 2078 iu
790 1997 1081 2081 testimouium.

127 2235 131 2240 .
318 2125 531 2235 Sequitur:
573 2126 723 2212 Loeeru
760 2153 853 2211 cero
889 2126 1005 2214 illum
1039 2153 1195 2232 swrpcr
1222 2127 1422 2227 attendet,
1452 2151 1528 2232 quo
1556 2128 1621 2210 iu·

143 2257 371 2368 ··9r·essus
399 2265 457 2343 cst
486 2262 529 2344 ia
558 2257 847 2343 rrroaasteriera
871 2269 1038 2364 praeter
1070 2259 1247 2364 osticium
1285 2257 1454 2359 altaris,
1483 2264 1552 2340 aut
1580 2258 1619 2340 si

206 2393 308 2496 torte
330 2389 464 2474 electio
482 2390 799 2500 corcyreqetiauts
821 2397 857 2472 et
877 2381 1060 2475 soleatos
1078 2391 1236 2476 albatis
1250 2416 1333 2496 pro
1353 2391 1458 2474 citae
1479 2393 1619 2474 acerbo

208 2552 294 2609 eerru
326 2515 563 2630 producere
598 2522 776 2608 coluerit.
837 2519 913 2625 Qui
941 2527 1073 2607 tarreea
1100 2523 1282 2632 regredere
1311 2551 1338 2606 a
1366 2523 1531 2608 decenis
1560 2524 1620 2606 ael
1658 2529 1663 2542 '
1694 2599 1695 2602 l

71 2731 75 2740 .
200 2655 448 2761 praepositis
487 2653 740 2739 coustitutum
776 2652 856 2735 sibi
894 2679 1058 2738 screare
1094 2658 1210 2741 sciat.
1270 2655 1383 2760 erocl
1422 2655 1461 2737 si
1498 2654 1618 2739 aliter·

200 2787 533 2893 praesumpserit,
561 2811 642 2869 sorr
670 2785 861 2870 secedas
889 2787 961 2870 scd
988 2786 1149 2870 rebellio
1167 2787 1376 2891 judicetur
1388 2817 1401 2890 ;
1431 2793 1468 2872 ct
1495 2814 1615 2893 saepe

205 2919 457 3020 adeeoaitus,
487 2918 526 3003 si
554 2943 631 3002 riou
661 2917 953 3020 orrurdocerit,
983 2917 1103 3002 etiam
1139 2918 1346 3024 episeopus
1374 2918 1615 3004 adhibeatur

205 3052 246 3133 iu
275 3050 555 3137 testimouium.
609 3047 721 3155 Quod
748 3051 788 3133 si
815 3076 886 3134 uec
913 3050 972 3134 sic
995 3047 1277 3154 errcredaverit,
1308 3049 1614 3137 clarescentibus
1653 3111 1655 3116 .

205 3183 331 3288 othris
361 3182 608 3288 projiciatur
647 3181 698 3264 cle
733 3181 998 3284 ramrmtcra’o,
1026 3182 1065 3266 si
1092 3187 1225 3268 taurea
1252 3181 1348 3266 talis
1373 3183 1497 3288 lecerit
1525 3185 1613 3290 ejus

205 3317 469 3417 corrtrrrnecia,
499 3320 542 3398 ur
569 3311 688 3396 subdi
716 3318 785 3396 aut
813 3313 972 3399 obedire
1000 3316 1162 3423 reyrrluc
1190 3313 1301 3401 uelit.
1358 3318 1475 3416 erod
1515 3347 1610 3402 vero
1709 3395 1711 3400 ,
1851 3361 1853 3366 ·
1913 3343 1914 3346 ‘

205 3447 302 3530 dicit
329 3445 454 3530 taceae
483 3473 575 3531 ecre
604 3444 718 3528 ittera
745 3443 936 3546 adcredat,
965 3469 1041 3551 erro
1075 3447 1281 3553 irrorassas
1313 3452 1373 3532 est
1400 3446 1443 3546 la
1471 3473 1611 3532 rrroue-

202 3578 362 3660 sterium
378 3584 545 3683 practer
562 3577 738 3684 alliciam
760 3575 908 3662 atcerte
931 3623 975 3638 -
1003 3605 1052 3661 ae
1070 3577 1104 3660 si
1128 3578 1299 3662 diceret:
1331 3576 1446 3660 illaur
1477 3577 1611 3661 loeruu

203 3707 322 3792 debet
361 3713 525 3812 terrere,
554 3737 635 3820 quo
675 3709 885 3818 ingressas
923 3713 1005 3806 est,
1036 3717 1199 3816 praeter
1238 3709 1420 3794 oftieiuru
1461 3707 1613 3810 altaris,

203 3838 277 3923 hoc
305 3845 380 3943 est,
410 3845 570 3952 praeter
599 3838 765 3949 querulo
796 3837 976 3922 officium
1009 3839 1148 3924 altaris
1179 3841 1279 3950 agit.
1328 3840 1445 3938 Quod
1473 3843 1611 3922 auteur

202 3969 319 4054 dicit:
359 3971 397 4054 si
421 3971 528 4076 torte
555 3969 687 4058 electio
718 3969 1041 4080 eorryreqatioec's
1077 3967 1324 4054 dualitates
1352 3969 1509 4054 obbatis
1529 3992 1612 4072 pro
1739 3984 1741 3990 ’

202 4101 302 4186 oilae
329 4105 473 4188 rrrcrito
508 4129 596 4188 ctera
628 4126 865 4208 promerere
904 4101 1089 4202 eolrrcrit,
1117 4100 1187 4206 qui
1213 4106 1346 4184 tarucu
1373 4099 1554 4208 rcyalarrr
1583 4129 1610 4182 a

201 4235 363 4318 decurris
398 4241 435 4320 et
466 4235 718 4340 praepositis
745 4231 826 4316 sibi
854 4233 1106 4317 constitutam
1134 4259 1298 4319 screare
1324 4234 1426 4318 sciat
1437 4263 1452 4335 ;
1483 4279 1529 4296 -
1561 4261 1609 4316 aa

201 4365 233 4446 si
262 4365 438 4451 diceret:
467 4367 501 4450 si
530 4393 622 4449 eum
645 4391 882 4473 promovere
907 4365 1083 4449 voluerit
1108 4363 1254 4450 electio
1276 4363 1610 4475 congregationis

201 4501 242 4578 et
270 4499 460 4582 voluutas
488 4499 661 4600 abbatis,
693 4525 773 4581 nou
806 4501 929 4585 debet
956 4526 1031 4611 pro
1055 4497 1133 4584 hoe
1157 4497 1378 4609 superbire,
1408 4495 1477 4580 sed
1499 4495 1609 4602 quod

199 4628 411 4715 adecaais
441 4643 483 4718 et
512 4633 757 4744 praepositis
785 4631 863 4718 sibi
877 4630 1134 4750 imperatam
1157 4625 1294 4730 fuerit,
1323 4625 1539 4728 custodiat,
1570 4631 1613 4708 et
1761 4687 1763 4694 ,

198 4756 274 4844 hoe
292 4764 366 4866 est,
395 4765 504 4874 qaod
526 4765 759 4876 subjanxit:
779 4749 826 4848 'et
846 4788 967 4869 saepe
988 4761 1218 4846 admonitas
1237 4805 1288 4825 --
1309 4785 1358 4843 ac
1380 4758 1413 4841 si
1436 4757 1609 4843 diceret:
1663 4779 1666 4786 ’

199 4917 281 4976 uon
308 4921 383 5004 per
409 4897 563 5008 gradus
592 4898 779 4997 ducatur,
809 4893 881 4980 sed
904 4894 1186 4986 admoneatur.
1229 4889 1348 4990 Quod
1371 4913 1467 4972 vero
1490 4888 1610 4975 dicit:

197 5025 299 5128 arrad
324 5027 363 5112 sl
390 5053 461 5115 uec
486 5027 547 5115 sic
574 5027 855 5144 comedererit,
883 5023 1189 5110 clarescembas
1215 5019 1346 5128 alpis
1362 5017 1611 5126 projiciatur

198 5155 245 5239 dc
271 5159 538 5268 raorrasterio,
568 5159 607 5245 si
643 5161 741 5248 talis
779 5156 905 5266 fuerit
940 5153 1072 5262 ipsius
1110 5154 1380 5256 coritaruacia,
1408 5145 1452 5233 et
1491 5149 1610 5235 saladi
1715 5215 1717 5220 .
