4334 5750
491 159 567 244 108
966 207 985 300 ι·
1124 164 1215 254 Cup,
1238 162 1284 238 11.

486 375 596 462 euim
612 375 666 480 ¹):
696 375 929 464 Perturbuti
955 379 1104 488 quim
1126 380 1227 486 prid
1244 381 1429 486 ancliant,
1457 386 1660 492 ipnorant,
1686 387 1761 472 scd
1782 388 1839 470 od
1859 415 1903 474 sc

486 505 640 608 restructi
665 511 778 590 niun
804 505 995 592 libentius
1032 507 1324 594 exhortationis
1350 513 1472 598 culeo
1506 513 1722 622 rccipiunt,
1757 520 1903 622 proaulo

486 663 531 724 sc·
571 635 834 743 tranquillius
876 635 1065 722 toleratos
1102 639 1349 752 erubescunt.
1417 642 1558 728 blasti
1600 649 1734 728 uatem
1765 647 1903 748 tinore

490 767 629 872 ebriae
653 793 768 850 murce
793 773 956 868 rectum,
984 771 1091 874 orent
1117 769 1278 872 dicitur,
1299 799 1537 880 percursam
1556 773 1726 860 uidetur.
1789 770 1904 858 Unde

486 903 524 984 at
539 896 679 981 Nollent
700 899 812 982 otreio
831 896 992 1004 culpam
1013 925 1132 984 srrttnt
1157 901 1325 1008 diripuit
1343 901 1604 990 lectulutililcr
1623 903 1760 1004 taceril,
1784 929 1902 1010 urtam

394 1137 395 1142 Ν
489 1025 640 1134 etipesto
671 1029 763 1110 uino
789 1026 1052 1112 landabiliter
1090 1029 1209 1116 dicit.
1265 1029 1427 1118 Idcirco
1452 1035 1560 1117 cuim
1586 1030 1761 1130 recolunt,
1799 1033 1904 1136 prod

481 1160 645 1259 lcccrcd,
688 1183 919 1264 coporosccrc
938 1159 1093 1266 proterit,
1132 1160 1230 1266 rpda
1259 1161 1331 1246 troc
1358 1160 1493 1246 elrrins
1521 1189 1600 1247 reon
1629 1161 1798 1248 ccrcclicil.
1855 1158 1901 1242 ln

486 1283 565 1368 hoc
593 1285 704 1368 enim
734 1287 837 1388 loco,
868 1289 936 1370 uid
967 1287 1087 1372 dicit:
1120 1289 1363 1374 lbrrorilncr
1392 1291 1681 1390 Murrelinrcntu,
1710 1289 1903 1377 salrumli·

485 1413 637 1498 endmn
658 1421 744 1500 cst:
770 1416 906 1504 rnisce.
960 1417 1074 1500 lstnd
1096 1419 1207 1503 enim
1225 1419 1337 1528 quud
1363 1420 1484 1504 dicit:
1505 1421 1727 1506 terroribus
1745 1417 1903 1503 litterati·

488 1544 714 1644 crescentuli
753 1546 1059 1632 distinctionem
1079 1579 1366 1658 personarum
1407 1578 1490 1635 nou
1529 1557 1592 1634 est
1628 1548 1816 1647 dit'licile,
1854 1575 1903 1629 ea

488 1675 597 1782 ‹lurud
629 1675 747 1760 ruralis
775 1677 897 1763 debet
936 1683 1135 1764 terrorem
1171 1681 1380 1786 ingerere,
1420 1680 1539 1762 bonis
1576 1686 1715 1762 nutem
1742 1677 1904 1762 blandi·

485 1809 649 1902 mentuc
685 1807 755 1890 scd
785 1837 878 1892 cum
906 1811 949 1892 iu
979 1839 1061 1926 unu
1089 1811 1314 1920 collemque
1344 1809 1624 1920 personabas
1653 1809 1776 1894 debet
1806 1809 1905 1909 lieri,

490 1934 608 2018 valde
635 1945 698 2020 est
725 1937 905 2026 dil'ticile.
963 1939 1069 2024 Vide
1097 1941 1239 2042 modo,
1269 1943 1366 2052 quia
1394 1944 1495 2044 boa,
1537 1941 1670 2052 (jurad,
1700 1943 1746 2026 B.
1778 1939 1906 2022 Bene-

261 2107 266 2118 ·
367 2172 381 2198 d
487 2069 621 2150 dictus
648 2067 769 2153 dicit:
808 2072 1032 2156 terroribus
1061 2073 1360 2175 blecralinrcnta,
1405 2071 1605 2156 Dominus
1635 2102 1707 2183 per
1736 2071 1904 2180 Moysen

491 2199 719 2306 tigumlitcr
747 2202 866 2286 dicit:
908 2203 1002 2288 Non
1032 2207 1208 2310 accipies
1239 2204 1279 2288 in
1308 2203 1392 2291 loco
1412 2205 1603 2311 piperatis
1630 2233 1655 2288 u
1681 2207 1816 2308 [tertre
1840 2207 1906 2285 tuo

491 2330 637 2415 recolam
667 2333 899 2438 interiorem
928 2343 965 2420 et
990 2339 1253 2442 superiorem.
1312 2337 1390 2420 Per
1408 2336 1634 2420 debitorem
1660 2331 1906 2442 intelligitur
1933 2333 1935 2338 ’

487 2468 698 2571 peccator,
744 2494 818 2573 per
857 2467 1007 2550 molum
1043 2467 1277 2584 interiorem
1315 2465 1564 2574 intelligitur
1592 2466 1717 2548 tinmr
1752 2471 1794 2546 ct
1834 2491 1907 2572 per
1978 2545 1981 2551 .

486 2597 637 2678 curidum
677 2597 927 2706 superiorem
969 2597 1218 2706 intelligitur
1258 2599 1600 2682 blandimentum.
1664 2593 1729 2676 lta
1766 2597 1904 2675 autem

488 2728 611 2846 debet
640 2735 776 2811 rector
805 2731 1031 2834 temperare
1060 2756 1174 2812 sunm
1199 2729 1560 2837 praedicationem,
1583 2733 1637 2834 at
1657 2753 1731 2808 uec
1749 2753 1907 2832 seaupm

489 2861 638 2946 debent.
666 2858 852 2970 ingerere
880 2888 955 2942 suo
983 2858 1160 2943 :inuitari
1203 2859 1416 2958 timorem,
1456 2887 1506 2941 eo
1534 2857 1646 2968 ‹lunud
1685 2857 1720 2940 si
1747 2883 1907 2964 semper

489 2993 655 3075 territus
683 2991 827 3094 fuerit,
868 2989 1124 3099 desperabit,
1164 2999 1205 3073 et
1232 2989 1266 3072 si
1295 3019 1456 3101 semper
1487 2989 1605 3072 illum
1634 2989 1758 3074 luerit
1788 2991 1903 3073 blan·

488 3127 610 3224 ditas,
643 3153 724 3208 nun
753 3123 988 3230 corrigitur.

603 3255 817 3364 Serpsitar:
848 3253 997 3338 Dirum
1018 3255 1206 3362 reccepistri
1219 3256 1336 3360 pianr
1351 3258 1489 3360 pnrtris
1507 3257 1691 3340 osterulat
1709 3257 1908 3359 conectunt.

451 3393 596 3474 ‘Sunt
622 3389 733 3472 enirn
761 3387 829 3471 ulii
860 3385 968 3484 libri,
998 3386 1069 3494 qm
1088 3387 1263 3471 babent:
1294 3385 1394 3472 Diri
1421 3387 1610 3494 reccepistri
1630 3393 1666 3468 et
1683 3387 1752 3490 pii
1772 3385 1911 3490 petris

491 3519 673 3601 osterulul
701 3523 898 3622 tellectum.
955 3517 1185 3600 Secundum
1218 3547 1312 3602 reru
1341 3517 1551 3627 superiora
1573 3519 1695 3600 verba
1725 3517 1783 3599 ita
1810 3543 1911 3598 cuna

488 3650 674 3748 struitur,
691 3648 767 3734 luoc
784 3657 866 3730 cst:
888 3647 1090 3730 Ostendat
1106 3648 1329 3759 aliquando
1348 3647 1482 3732 diram
1498 3651 1690 3732 allectmn
1709 3645 1912 3754 resurgistri,

489 3781 712 3889 ulicpmndu
726 3781 918 3866 usteunlat
933 3785 1044 3893 pium
1063 3787 1254 3866 allectum
1277 3783 1420 3892 putris.
1465 3779 1700 3866 Secundam
1718 3777 1912 3862 interium

492 3917 613 4000 mrim
661 3916 915 4001 construitur
962 3917 1041 4000 itu:
1090 3917 1333 4026 uliqnnmlo'
1361 3914 1553 4000 ostendat
1598 3913 1677 3997 diri
1726 3911 1912 4024 magistri

491 4055 697 4150 allectum,
719 4049 942 4158 nlicpmndo
957 4049 1147 4132 ostendat
1165 4051 1221 4158 pii
1245 4051 1376 4160 putris
1390 4051 1596 4148 allectum,
1615 4075 1666 4131 ,ac
1688 4047 1723 4130 si
1739 4046 1912 4130 diceret:
1966 4054 1969 4058 ’

489 4182 712 4290 ulicpmndo
742 4213 785 4265 se
813 4182 938 4276 debet¹
965 4182 1180 4266 ostendere
1221 4184 1327 4268 sicut
1363 4183 1498 4265 dirum
1529 4173 1794 4290 magistrum,
1815 4177 1914 4261 ‘nli-

491 4315 659 4428 qnmulo
676 4315 890 4400 serosicut
907 4315 1017 4423 pium
1045 4324 1216 4424 putrem.
1264 4313 1418 4398 Dirrnn
1441 4312 1713 4422 intelligimus
1727 4341 1911 4396 severum

362 4507 365 4514 f
492 4455 535 4528 et
563 4429 789 4546 crudelem,
831 4447 857 4530 i.
888 4479 922 4532 e.
954 4445 1280 4554 indisciplinatos
1316 4453 1359 4528 et
1386 4446 1594 4553 inquietus
1622 4445 1748 4528 debet
1774 4443 1914 4526 durius

489 4605 674 4686 urguere.
749 4577 884 4688 t'sque
924 4607 1032 4664 mum
1072 4580 1119 4664 Β.
1152 4577 1397 4662 benedictas
1441 4578 1558 4686 retrusi
1606 4605 1782 4660 rurussmn
1819 4601 1916 4656 surae

419 4706 424 4716 '
493 4710 772 4818 dispositionis
793 4711 890 4794 tecit
918 4710 969 4795 de
996 4739 1166 4820 ccrprrcru
1193 4719 1230 4794 ct
1251 4709 1458 4795 obsecrare
1485 4714 1610 4817 atquc
1640 4706 1914 4814 iucrepun·c,²')

579 5028 607 5109 ¹)
630 5023 775 5113 regulus
799 5031 936 5114 pastor.
962 5023 1027 5092 lib.
1051 5025 1143 5112 pert.
1170 5024 1202 5094 3.
1227 5042 1308 5108 cup.
1333 5023 1385 5096 lli.

580 5139 609 5230 ²)
631 5137 676 5206 de
701 5135 885 5225 urguendo
908 5141 946 5222 ct
971 5133 1188 5206 obsccmudo
1211 5138 1248 5204 et
1273 5131 1501 5226 increpando.
1547 5131 1631 5202 t'od.
1657 5129 1868 5200 Emmcrum.
