3974 5778
256 355 339 440 342
786 360 789 368 ’
840 351 926 446 cap
949 349 1083 426 xxm.

91 575 95 584 '
235 551 482 682 'qualitates
511 571 724 674 mentium,
752 575 802 655 ut
835 571 944 656 unde
975 599 1083 658 uuna
1104 572 1303 676 medetur,
1328 566 1426 656 inde
1453 571 1559 656 alter
1578 581 1673 683 pei-

258 703 416 789 imitur.
472 701 733 810 Quapropter
753 702 1009 811 quorundam
1038 703 1276 788 uerberibus
1302 707 1402 789 aunt
1428 689 1673 789 coercendae

258 860 471 946 personae,
499 831 670 915 minime
698 857 794 914 reru
822 835 1094 944 quorundam,
1123 835 1175 920 da
1201 861 1375 946 quornm
1404 833 1674 944 qualitatibus

258 963 404 1074 regala
432 961 555 1048 dicit:
586 960 815 1048 sariendam
842 965 1153 1074 rrrrirracujuapur
1179 951 1412 1072 qualitatem
1438 965 1501 1047 ael
1526 963 1676 1048 iutelli-
1760 996 1763 1000 ·

86 1121 94 1142 ⁸
255 1093 435 1207 pralium
461 1083 646 1177 orionibus
671 1117 717 1177 ae
759 1098 976 1203 corrsormd
1014 1105 1052 1182 el
1090 1102 1224 1202 aptet3
1263 1093 1445 1206 itemque
1471 1094 1590 1179 alibi:
1631 1102 1675 1180 ut

191 1318 195 1328 ,
257 1225 407 1308 viderit
434 1225 574 1330 cuique
600 1227 813 1330 expedire,
846 1229 1074 1330 prudenter
1113 1235 1151 1311 et
1188 1252 1279 1311 cum
1318 1227 1488 1310 caritate
1514 1226 1676 1314 erodere

259 1360 478 1458 arripuere:
496 1357 611 1443 viria.
668 1355 724 1440 Et
750 1357 982 1440 notandum
1010 1363 1093 1464 eat,
1128 1359 1210 1441 tria
1236 1357 1489 1467 inspicienda
1514 1383 1698 1464 semper·

258 1483 302 1566 iu
325 1483 483 1591 jndicio
497 1511 595 1586 esse,
621 1512 836 1593 personam
855 1485 1060 1590 videlicet,
1081 1488 1354 1572 intentionem
1369 1491 1494 1598 atque
1510 1487 1673 1572 mucium

259 1612 420 1698 delictit
450 1640 689 1723 personum,
717 1619 858 1696 utrunr
897 1613 1110 1700 intellectu
1147 1621 1188 1712 et
1226 1617 1427 1702 modestia
1468 1615 1583 1726 riget
1611 1617 1675 1698 rel

77 1747 81 1754 “
155 1821 160 1832 ,
259 1741 412 1827 duritia
451 1747 495 1826 et
530 1742 814 1852 inquietudine
840 1743 1303 1848 ruentiacontradictor
1336 1746 1510 1844 exiutat3
1538 1746 1677 1828 inten·
1763 1850 1771 1864 ι

122 1929 126 1938 -
194 1921 197 1928 .
258 1871 442 1998 tionemp
479 1878 618 1958 utrum
657 1873 796 1958 atrudio
836 1904 891 1960 au
928 1874 1170 1962 infirmitate
1210 1877 1452 1988 deliquerit3
1494 1877 1675 1976 modurn,

259 2010 398 2088 utrum
435 2005 618 2116 grauiter
655 2003 720 2088 rel
748 2011 858 2109 certe
896 2006 1042 2089 leuiter
1079 2007 1299 2108 erraverit,
1328 2008 1508 2115 undeet
1533 2007 1678 2116 regula

173 2237 177 2248 ῃ
260 2133 383 2218 dicit:
424 2136 641 2218 sacrandum
678 2134 842 2218 modum
870 2134 1012 2240 culpae
1051 2125 1472 2222 eucorrrmuuicutioaio
1499 2135 1560 2222 orl
1588 2137 1676 2221 dia·
1734 2149 1738 2157 '

171 2323 173 2328 -
222 2263 435 2369 ‘cipliuoe
472 2265 584 2348 debet
620 2265 782 2348 extarrdi
818 2290 1022 2352 ruarrouru.
1080 2269 1213 2376 Igitur
1252 2269 1386 2352 omnia
1426 2267 1671 2376 spirituliter

259 2394 502 2505 delinquens
535 2395 695 2480 tamdiu
734 2381 889 2480 secrete
928 2397 1087 2483 moueri
1116 2397 1261 2497 debet,
1290 2399 1420 2482 donec
1461 2427 1505 2480 re
1542 2396 1676 2505 ipsum

162 2622 164 2630 Ι
259 2525 347 2634 ipse
376 2526 608 2632 improbum
638 2524 846 2608 reddendo
875 2525 929 2607 ab
958 2525 1122 2610 occulto
1150 2532 1333 2611 transeat
1362 2528 1414 2611 ad
1442 2527 1678 2639 publicum

258 2654 305 2738 iu
333 2683 424 2762 qua
443 2655 608 2763 publica
632 2655 897 2763 'correptione
925 2655 959 2738 ni
987 2683 1073 2741 nou
1102 2656 1405 2760 emendaverit,
1432 2657 1485 2740 ad
1514 2686 1680 2741 excom·

209 2781 212 2790 ’
265 2785 584 2869 manicationem
608 2787 756 2869 levium
784 2785 994 2893 culparum
1011 2787 1227 2884 transibit3
1256 2786 1325 2869 ubi
1342 2816 1433 2871 cnm
1451 2789 1522 2870 din
1538 2793 1679 2871 tentus
1736 2860 1760 2894 Ι.

261 2915 468 3026 nequierit
506 2917 681 3025 corrigi,
720 2917 941 3000 nimiornm
976 2917 1224 3027 jejuniorum
1263 2920 1549 3018 maceratione
1573 2917 1679 3002 asili·
1741 2971 1757 2994 -.

191 3041 199 3060 ’
260 3055 408 3155 gutur,
437 3074 661 3156 perquam
701 3074 786 3131 non
824 3051 1062 3154 correptus,
1092 3048 1127 3134 ui
1155 3077 1331 3157 persona
1359 3049 1544 3134 extiterit
1572 3048 1679 3149 talis,

194 3183 197 3190 ’
261 3177 519 3286 flagellorum
558 3181 794 3262 coerceatur
832 3177 1037 3264 acredine.
1105 3179 1180 3262 Sin
1220 3209 1318 3265 vero
1356 3207 1552 3288 personae
1593 3204 1678 3260 nou

141 3379 151 3400 ,
261 3305 472 3389 admiserit
489 3305 774 3407 consideratio,
804 3311 1079 3392 communiter
1099 3309 1154 3420 ub
1182 3310 1374 3394 omuibus
1402 3304 1680 3393 misericordia

260 3435 503 3545 imploratur
531 3434 852 3544 Omnipoteutia.
910 3437 1028 3534 Quod
1064 3439 1100 3522 ai
1138 3466 1214 3522 uec
1242 3439 1323 3524 isto
1361 3439 1486 3524 modo
1514 3441 1679 3522 sanutm

260 3567 410 3667 fuerit,
439 3568 698 3678 praecidatur
724 3595 750 3651 a
778 3595 949 3677 corpore
987 3568 1239 3656 monasterii.
1297 3568 1351 3653 Et
1378 3571 1413 3653 ai
1441 3567 1677 3677 contigerit,

190 3707 197 3725 '
262 3705 311 3783 ut
338 3729 410 3810 per
438 3701 754 3810 negligentiam,
784 3700 880 3783 dnm
919 3707 993 3784 aut
1030 3703 1074 3784 in
1112 3702 1275 3786 occulto
1315 3711 1388 3786 aut
1425 3701 1470 3784 iu
1515 3699 1679 3808 publico
1753 3787 1755 3790 ,

247 3834 519 3950 admonetur,
547 3833 702 3943 aliquid
731 3832 870 3915 duruui
893 3833 1142 3916 monasterio
1169 3833 1368 3934 intulerit,
1397 3830 1680 3918 excommuni-

202 4013 214 4064 ς
262 3972 379 4049 cetur
407 3965 450 4047 iu
480 3965 699 4048 levioribus
729 3964 862 4072 culpis
889 3964 1113 4048 secundum
1143 3963 1310 4047 ruodum
1333 3963 1492 4072 cnlpae,
1521 3967 1566 4060 et
1587 3991 1680 4071 per-

89 4175 99 4189 .,
261 4105 354 4180 acta
375 4096 628 4204 poenitentia
652 4097 800 4178 iterum
821 4097 1129 4180 revertatur'ad
1149 4099 1204 4204 id,
1223 4099 1296 4180 ubi
1318 4099 1431 4208 prius
1447 4095 1678 4192 tenebatur,

262 4233 306 4311 et
334 4257 416 4312 non
447 4228 581 4312 solnm
611 4227 708 4311 dum
739 4227 875 4311 verbis
902 4233 1113 4331 mouetur,
1141 4257 1283 4312 rorum
1325 4228 1451 4312 etiam
1478 4225 1515 4310 si
1540 4224 1681 4332 aliquo

263 4391 313 4446 er
353 4361 600 4469 supradictis
639 4357 771 4470 gradu
810 4359 1086 4448 detinebatur.
1142 4361 1334 4469 capitula
1371 4385 1536 4472 quoque
1563 4355 1707 4440 istius'

263 4495 376 4580 modi
399 4493 604 4577 noscendo
631 4498 741 4593 aunt,
770 4492 917 4600 quibus
945 4493 1133 4577 ordinata
1161 4490 1340 4600 intelligi
1369 4491 1559 4574 valeant:
1589 4488 1682 4572 Pri·

265 4652 375 4708 mum
405 4624 632 4732 capitulum
662 4629 724 4708 est
753 4623 988 4705 vicesimum
1018 4624 1210 4723 tertium,
1236 4622 1321 4706 'ubi
1357 4649 1500 4708 omnen
1529 4619 1681 4732 gradun
1804 4657 1809 4668 ·

264 4755 438 4838 inueniri
480 4754 641 4854 valent;
680 4737 901 4836 secundum
943 4781 1039 4838 reru
1068 4753 1294 4864 capitulum
1324 4759 1406 4838 eat:
1449 4752 1515 4837 De
1540 4751 1682 4858 pucria

264 4886 577 4986 inundarentur,
605 4882 780 4991 qualiter
806 4884 1094 4990 corripiantur,
1123 4884 1387 4982 tricesimum,
1400 4885 1432 4991 ¹)
1462 4884 1531 4966 ubi
1557 4880 1676 4967 facile

183 5047 195 5070 ·
264 5021 401 5126 patet,'
422 5014 533 5125 quod
562 5015 606 5098 iu
635 5015 826 5100 vicesimo
856 5013 980 5098 tertio
1007 5014 1204 5125 scriptum
1234 5020 1319 5098 est:
1346 5014 1414 5097 aiu
1442 5018 1576 5098 autem
1604 5011 1689 5126 lm‘.
1740 5112 1744 5120 ¹

264 5209 529 5225 ψ

247 5297 250 5304 ’
354 5309 382 5394 ¹)
404 5303 541 5376 scilicet
562 5303 790 5376 tricesimum.
883 5295 885 5300 ’
