3968 5774
9 195 47 248 ⁸
202 285 337 382 m·
522 243 525 248 ’
661 271 1194 378 ‚osmvtff

200 507 274 591 uni
300 493 604 592 detrinentum
632 504 715 610 tis,
742 529 815 590 nec
841 501 943 586 serti
966 500 1160 608 feristis«
1221 496 1371 584 Libero
1393 495 1510 580 notis
1531 505 1618 582 erut

201 635 487 759 intelligentia,
524 639 632 744 quod
655 640 701 723 in
728 637 839 721 omrai
867 659 1053 740 paupere
1083 628 1272 716 Glari-stus
1310 631 1496 712 enuiem
1513 657 1619 734 pos·
1752 627 1756 634 ’

205 776 382 871 seretur,
433 770 579 854 sitiens
610 775 845 878 potaretur,
895 765 1041 870 hospes
1083 762 1340 878 induceretur
1378 762 1423 843 in
1463 764 1618 865 tectum,

202 900 340 986 veredus
367 899 587 1004 vestiretur,
615 901 804 1005 infimus
821 897 1082 1002 ,visitantem
1108 893 1272 977 clunem
1287 917 1447 978 currere
1460 890 1620 976 leoteret

202 1033 395 1115 solatium
423 1029 691 1136 colloquentis.
749 1030 834 1116 seu
860 1056 911 1112 ec
937 1026 1029 1128 doe,
1070 1025 1177 1134 prod
1201 1024 1406 1130 secentur:
1447 1021 1621 1126 ›Oreum-

203 1164 277 1247 din
300 1164 458 1267 fecistis
486 1162 559 1244 terri
585 1165 636 1246 de
661 1162 727 1245 tis
745 1159 950 1265 tratribus
968 1160 1069 1242 eneis
1087 1155 1281 1255 rninimis,
1309 1154 1411 1238 rnilii
1423 1153 1619 1263 lecistis«,
1708 1171 1709 1174 ‘
1833 1136 1834 1139 Ὺ

203 1320 285 1378 non
313 1294 416 1378 ruiti
443 1293 604 1375 videtur
626 1289 871 1400 peroratus
897 1289 1055 1373 dixisse
1082 1287 1133 1368 de
1161 1283 1435 1390 puerperilms,
1471 1281 1544 1363 sed
1569 1287 1620 1366 de

202 1425 295 1528 tis,
335 1425 405 1529 peri
435 1421 646 1528 'proreperes
685 1421 835 1527 spiritu
871 1427 986 1520 meret,
1027 1419 1085 1501 ori
1121 1441 1220 1522 precs
1255 1413 1421 1497 tendens
1455 1440 1618 1495 morosam

205 1554 390 1638 rlicerot:
434 1551 635 1636 »Fratres
662 1554 742 1637 ηιεὶ
774 1557 811 1633 et
848 1556 980 1634 nido·
1016 1574 1106 1631 rnen
1137 1546 1326 1646 dieunt,
1364 1547 1435 1652 qni
1464 1547 1620 1646 locirod

204 1683 442 1768 uolrrntutem
472 1683 615 1768 Patris
642 1689 758 1771 orei«
775 1683 809 1792 ¹)
866 1681 915 1762 ln
956 1678 1034 1762 huc
1062 1707 1159 1786 nero
1195 1675 1401 1760 sententia
1427 1676 1621 1758 admonet

134 1824 138 1833 '
206 1816 255 1901 B.
286 1813 531 1896 Benedictus
569 1815 817 1922 generaliter
855 1811 1059 1920 principes
1098 1818 1142 1891 et
1176 1807 1407 1916 subjectos,
1447 1808 1621 1889 nimime

205 1953 344 2028 turonen
382 1945 599 2052 subjectos.
657 1947 731 2030 Ait
766 1945 900 2028 eruim:
944 1943 1051 2025 Ante
1086 1941 1224 2023 orrrnio
1261 1945 1299 2020 et
1337 1964 1461 2044 super
1487 1939 1619 2020 orrrnin

205 2075 458 2180 infirmorum
497 2102 596 2158 euru
637 2054 870 2161 ‹erttimndo
908 2081 979 2157 est.
1050 2071 1358 2158 Attendendnm
1401 2079 1485 2153 est:
1528 2099 1618 2152 cnm

125 2265 128 2272 «
206 2237 289 2292 nou
341 2207 545 2316 reperitur
594 2207 636 2289 in
687 2207 851 2318 regnrlo,
902 2209 961 2290 ito
1010 2208 1278 2314 conjunctum
1329 2202 1501 2306 dixisse,
1550 2203 1620 2284 vsed

205 2339 463 2424 solummodo
502 2343 576 2421 unt
598 2346 707 2430 ,nerle
746 2341 905 2442 omnio,
948 2343 1023 2422 unt
1057 2364 1181 2442 supm
1217 2335 1375 2435 onnrio,
1418 2332 1485 2417 hic
1529 2364 1622 2416 uero

79 2545 83 2552 .
207 2472 461 2582 conjunctim
498 2471 650 2556 dicitur
688 2479 782 2554 orde
821 2473 957 2556 ornruio
992 2476 1030 2555 ct
1057 2496 1180 2574 snper
1216 2467 1374 2566 onemo,
1416 2465 1539 2548 dutnr
1572 2467 1622 2548 do

116 2603 120 2612 ’
208 2604 476 2702 intirmorum,
505 2629 604 2684 curu
643 2601 848 2712 intelligi,
890 2611 939 2686 ut
978 2607 1078 2686 unte
1120 2599 1258 2682 omnin
1296 2597 1420 2680 debet
1458 2625 1546 2678 esse
1581 2605 1623 2678 et

209 2736 339 2842 major
380 2762 501 2843 quom
542 2733 708 2836 omniu,
760 2735 858 2842 quin
903 2733 946 2816 in
996 2731 1061 2815 luis
1104 2729 1266 2814 dnobus
1307 2731 1483 2813 maxime
1524 2757 1624 2810 con·

144 2945 153 2962 ‚
209 2865 367 2947 tinctor
414 2863 581 2972 regula,
631 2863 659 2952 i.
700 2893 736 2949 e.
787 2865 830 2947 iu
871 2863 1058 2947 custodio
1106 2860 1313 2943 insontum
1357 2865 1401 2942 et
1443 2861 1485 2939 in
1529 2885 1625 2939 curu

208 2997 480 3083 infirmorum.
537 2993 643 3077 Num
683 3002 857 3106 possunt
896 3023 983 3078 esse
1021 2998 1115 3076 orele
1151 2991 1289 3072 miseric
1317 2996 1361 3074 et
1388 3017 1473 3072 non
1501 3014 1624 3092 snper

207 3127 364 3227 onmia,
406 3131 450 3208 et
485 3151 610 3230 super
647 3128 785 3210 onemo
824 3130 998 3235 possunt
1036 3151 1123 3208 esse
1162 3127 1206 3206 et
1243 3151 1325 3206 non
1354 3127 1448 3203 uerte
1475 3119 1625 3205 moreio.

211 3257 265 3340 lit
292 3263 463 3366 possunt
496 3259 619 3340 etiam
662 3285 748 3342 esse
782 3264 876 3342 urite
917 3259 1079 3360 orrunin,
1116 3282 1167 3338 co
1204 3253 1315 3363 quod
1351 3256 1526 3362 possunt
1552 3249 1623 3334 ulii

208 3390 390 3498 incipere
430 3388 585 3498 aliquid
627 3390 785 3497 operis,
825 3393 1035 3472 ettamen
1065 3387 1358 3470 intermittitur
1386 3383 1487 3466 illud
1516 3411 1621 3491 opus

206 3520 395 3632 inprimis
422 3526 613 3630 coeptum
643 3527 685 3607 et
712 3520 860 3630 incipit
885 3520 998 3606 uliud
1027 3528 1072 3605 et
1105 3517 1354 3628 perficitur?
1390 3515 1496 3600 lllud
1527 3543 1622 3598 vero

208 3653 318 3759 qnod
348 3652 390 3734 in
420 3651 560 3760 primis
588 3659 779 3763 coeptum
809 3658 884 3757 est,
912 3653 1125 3764 perficitur
1143 3658 1286 3762 posteo
1315 3655 1389 3734 unt
1408 3655 1520 3734 certe
1541 3675 1624 3730 uon

173 3899 177 3906 Ι
209 3784 434 3896 perficitur.
478 3781 534 3864 m
562 3789 735 3892 possunt
763 3813 849 3868 esse
877 3811 1002 3890 semer
1025 3783 1161 3867 orrerrio
1184 3787 1228 3866 et
1256 3810 1341 3866 uon
1361 3788 1455 3864 orele
1476 3779 1625 3879 ornnin,

208 3944 247 3999 v.
276 3942 340 4024 gr.
382 3915 490 3998 sicut
525 3914 703 4000 diximus
743 3917 940 4027 superins.
998 3913 1053 3998 Et
1081 3915 1254 4016 iterum,
1291 3915 1400 3998 sient
1436 3910 1626 4024 diximus,

207 4054 382 4156 possunt
408 4075 497 4129 esse
524 4073 650 4154 snper
676 4050 813 4133 meursio
841 4055 883 4132 et
910 4055 1004 4134 orrte
1030 4035 1189 4147 corrrio3
1219 4075 1257 4136 v.
1287 4074 1351 4158 gr.
1383 4033 1530 4155 incipit
1551 4042 1628 4125 ali·

56 4292 60 4301 ¹
209 4181 307 4288 quid
337 4179 474 4289 operis
501 4177 627 4264 homo
654 4207 778 4290 egere
804 4185 847 4264 et
876 4181 1053 4288 [mosen]
1071 4207 1154 4262 nou
1182 4177 1331 4288 incipit
1358 4175 1469 4260 uliud
1488 4201 1625 4286 ogere,

208 4311 379 4420 quam²)
407 4310 509 4394 illud
537 4311 717 4421 primum
745 4311 953 4421 perficiat,
989 4341 1039 4397 co
1067 4309 1180 4423 quod
1209 4309 1300 4420 plns
1328 4335 1453 4420 quum
1482 4305 1619 4389 omniu

208 4442 409 4550 diligitur.
470 4442 548 4525 Per
585 4442 662 4526 hoc
701 4442 811 4551 qnod
853 4443 955 4526 dicit
994 4442 1103 4545 duo,
1140 4443 1168 4529 i.
1207 4470 1243 4526 e.
1281 4449 1375 4526 oute
1410 4438 1548 4522 osenia
1584 4443 1627 4518 et

208 4599 332 4678 snper
378 4573 538 4676 omerio,
582 4573 674 4658 vult
712 4573 756 4661 S.
794 4573 1067 4680 Benedictus,
1115 4580 1164 4659 ut
1208 4577 1429 4684 antequem
1473 4578 1625 4670 cetero,

208 4733 308 4788 curu
344 4704 598 4788 infirmorum
641 4705 739 4808 fiat,
778 4714 822 4790 ct
856 4732 982 4812 super
1017 4709 1176 4811 mutreio,
1214 4707 1241 4792 i.
1270 4734 1307 4794 e.
1337 4733 1431 4788 cum
1470 4703 1625 4809 majore
1685 4725 1689 4732 ·

209 4836 427 4920 dilectione
466 4843 508 4920 et
545 4837 761 4947 diligentia
798 4843 923 4948 utque
960 4837 1119 4939 studio,
1147 4867 1271 4948 qnam
1301 4842 1450 4924 cetera.
1508 4831 1623 4916 Istml

211 5039 472 5050 ..κὰ-.-

297 5153 327 5228 ¹)
350 5145 395 5218 ci.
418 5144 551 5234 Migne,
573 5147 658 5218 tom.
680 5144 735 5220 26.
757 5145 824 5222 ml.
850 5148 923 5220 190.

296 5258 324 5346 ²)
347 5256 553 5345 priusquam
573 5256 631 5346 (t).
