3934 5762
853 263 1036 356 Prologus.
1535 263 1538 270 ’
1591 275 1645 354 45

238 491 430 576 dicuntur
459 485 619 570 lumbos
649 485 876 570 succinctos
906 484 1067 582 babere,
1097 483 1156 567 ita
1178 484 1303 570 etiacu
1333 490 1375 568 ot
1403 485 1445 569 lci
1474 515 1556 570 nou
1587 488 1648 572 di·
1735 493 1738 502 '

238 625 385 702 occutus·
424 618 652 700 sneeiuetos
695 617 856 700 incubos
895 614 1064 715 babere,
1108 614 1177 722 qni
1219 615 1269 697 de
1306 617 1505 723 superatis
1539 617 1647 700 vitiis

239 747 482 859 snpmbiunt
513 745 573 830 rel
617 749 908 831 intumescunt.
968 743 1117 828 Verum
1154 745 1274 827 oticmc
1312 745 1648 831 intuoccducn'ost

238 884 277 964 in
310 880 386 962 boo
417 878 519 977 loco,
551 877 727 986 qualiter
745 877 791 962 ll.
814 875 1061 960 Benedictus
1091 875 1196 958 dixit
1218 875 1470 984 praecinctos
1488 879 1647 961 lumbos

238 1011 407 1104 lcabcrc3
449 1007 509 1090 ait
536 1009 667 1091 ccciccc:
706 1007 918 1089 succinctis
951 1005 1034 1111 fede
1069 1005 1130 1088 cel
1167 1006 1419 1088 obsecr-ontio
1458 1008 1647 1092 bonorum

237 1149 391 1228 cccccccccc
422 1138 568 1224 lambis
596 1140 751 1224 cestra.
814 1137 922 1220 [tene
945 1137 1053 1219 enim
1078 1135 1182 1219 dixit
1207 1136 1289 1238 fide
1322 1145 1359 1252 et
1395 1139 1647 1222 obsecrantis

238 1275 423 1356 lconocccccc
452 1279 622 1369 arlacum,
653 1298 701 1352 eo
731 1269 840 1380 (cuod
862 1268 999 1352 ocnccia
1019 1267 1103 1368 illa,
1132 1273 1236 1378 quae
1255 1267 1308 1350 ab
1327 1269 1417 1351 aliis
1441 1269 1644 1354 intellecta

237 1410 350 1507 suut,
391 1403 431 1484 ia
463 1405 542 1486 inlc
578 1407 620 1485 et
656 1401 915 1484 observantia
955 1399 1152 1482 lcmcormn
1192 1405 1358 1486 actuum
1395 1403 1648 1500 consonans
1733 1425 1737 1435 ·
1808 1387 1811 1394 ’

238 1563 328 1617 ccaca
361 1533 543 1642 pulchre,
586 1539 804 1644 postquam
844 1530 947 1613 dixit
981 1532 1076 1634 fulc,
1117 1531 1330 1638 subjunxit
1357 1531 1544 1616 laccorum
1580 1560 1650 1617 ccc·

236 1673 358 1766 lccccm,
389 1667 485 1776 (cuia
514 1695 640 1749 uuum
671 1665 759 1748 sine
788 1665 919 1746 altero
950 1663 1007 1746 nil
1040 1661 1212 1772 proficit.
1265 1661 1377 1745 ¹Nunc
1408 1666 1518 1774 quod
1550 1667 1648 1748 fides

236 1799 321 1879 sicce
351 1795 542 1904 operibus
570 1797 629 1880 nil
659 1799 714 1880 sit
745 1795 864 1894 utile,
903 1799 1082 1877 testatur
1108 1791 1290 1888 Jaoabus
1318 1795 1548 1903 apostolus,
1578 1797 1647 1906 qni

238 1928 357 2010 dicit:
390 1927 517 2011 Fc'cles
545 1929 633 2012 sicce
662 1927 847 2033 operibus
877 1930 1033 2008 cccccccccc
1061 1931 1130 2012 est.
1189 1923 1244 2008 Et
1267 1927 1376 2035 quod
1407 1927 1650 2034 opossimi·
1722 1946 1724 1951 ’

239 2057 330 2138 liter
356 2057 445 2140 siae
476 2059 556 2143 lide
585 2061 687 2144 nilcil
721 2060 867 2159 ardeat,
903 2057 1006 2140 idom
1039 2057 1123 2166 ipse
1156 2055 1202 2142 B.
1231 2043 1412 2140 lacobus
1427 2055 1457 2165 ¹)
1486 2061 1539 2164 (l)
1569 2065 1649 2140 tes·

237 2195 348 2272 latm·
377 2190 538 2274 diceus:
582 2186 841 2295 Impossibile
876 2195 933 2272 cst
969 2188 1097 2290 ccciccc,
1138 2189 1226 2269 sicce
1251 2187 1334 2292 lide
1355 2189 1519 2292 placere
1547 2187 1646 2276 ilco,
1707 2231 1708 2236 Ν

236 2319 290 2403 ln
319 2321 544 2430 bucce-post
582 2319 903 2404 succinctionem
945 2301 1175 2402 lumborum
1214 2317 1409 2408 calciatos
1447 2319 1569 2426 pedes
1604 2321 1645 2402 in

186 2435 188 2446 ’
237 2453 550 2560 praeparatione
594 2449 808 2555 Evangelii
862 2452 970 2560 pacis
1017 2449 1208 2532 hortatur
1255 2478 1372 2532 suum
1416 2449 1646 2533 auditorem

127 2593 130 2599 ’
236 2582 397 2682 babere,
426 2583 535 2690 ucria,
565 2581 671 2665 sieut
702 2581 892 2695 diximus,
924 2609 1077 2664 morem
1108 2579 1221 2662 ducis
1250 2547 1385 2677 teudt3
1426 2577 1508 2662 dux
1538 2581 1646 2665 euim

237 2713 412 2821 primum
444 2711 634 2796 bortatur
669 2741 786 2795 sunm
828 2713 999 2796 militem
1038 2709 1266 2794 succinctos
1295 2711 1454 2794 lumbos
1485 2711 1646 2811 babere,

236 2843 381 2926 deiude
409 2841 603 2928 calciatos
632 2843 775 2952 pedes,
818 2874 869 2928 ne
900 2845 1108 2953 pungatur
1135 2840 1265 2950 spinis
1292 2848 1365 2927 aut
1394 2843 1577 2926 otleccdat
1606 2845 1645 2926 icc

155 3021 159 3030 .
236 2971 425 3082 lapidem,
455 2987 497 3060 et
525 3004 574 3058 es
595 2975 673 3058 boe
694 2974 909 3057 debilitato
928 2975 1017 3056 toto
1039 3001 1208 3082 corpore
1230 3001 1311 3056 nou
1343 2965 1495 3084 boterit
1511 2982 1654 3060 eontra
1752 3015 1755 3022 ·

221 3105 392 3188 bostem
423 3135 541 3190 saum
572 3107 764 3191 dimicare
796 3105 858 3188 uel
898 3105 950 3186 ab
989 3103 1060 3187 illo
1102 3103 1218 3213 eripi.
1269 3108 1347 3213 lta1
1373 3111 1415 3188 et
1444 3105 1490 3189 B.
1522 3105 1654 3189 Beue.-

236 3235 387 3334 dietns;
416 3236 486 3321 ille
514 3237 637 3340 ccciccc,
667 3237 736 3346 qui
766 3236 995 3321 auditorem
1025 3264 1141 3318 saaca
1167 3243 1311 3322 eontra
1337 3237 1581 3322 invisibilem
1611 3246 1653 3321 et

236 3369 502 3452 exercitatum
534 3369 693 3453 hostem
724 3368 880 3479 dirigit,
911 3367 1002 3450 ideo
1038 3366 1230 3450 bortatur
1259 3369 1372 3452 illum
1405 3371 1526 3480 pedes
1552 3400 1646 3454 snos
1749 3393 1752 3401 '

211 3500 438 3600 calciatos,
479 3501 504 3583 i.
535 3528 569 3586 e.
600 3499 779 3584 munitos
806 3498 979 3601 habere,
1016 3525 1071 3581 ue
1102 3497 1209 3582 lacte
1239 3500 1479 3583 debilitetur
1513 3529 1648 3585 eoram

237 3631 399 3715 inicccieo
429 3660 512 3716 suo.
573 3629 813 3714 Notandum
843 3636 905 3712 est
934 3631 1082 3732 etiam,
1121 3631 1218 3741 qnia
1249 3659 1332 3714 aon
1360 3633 1410 3714 de
1440 3633 1653 3718 exterioris

237 3760 412 3848 hominis
432 3762 605 3872 pedibus
628 3761 728 3844 dieit
757 3760 827 3844 sed
858 3761 1079 3863 interioris,
1108 3763 1205 3872 quia
1228 3761 1340 3846 sieut
1364 3770 1503 3848 noster
1522 3764 1646 3848 lcomo
1768 3797 1770 3802 ·

237 3893 414 3979 exterior
442 3893 567 3978 habet
595 3891 717 4002 pedes
745 3920 861 3996 suos,
905 3891 944 3974 icc
974 3893 1123 4003 qccibus
1153 3901 1361 3998 moretur,
1391 3895 1448 3979 ita
1478 3895 1651 3981 interior

236 4023 370 4112 lcouco.
430 4024 485 4110 Et
513 4023 623 4136 qnod
644 4023 768 4106 lcoccco
790 4028 929 4107 nostor
951 4024 1123 4110 interior
1143 4025 1293 4112 lrabeat
1308 4026 1444 4137 pedes,
1474 4032 1649 4112 testatur

237 4155 467 4266 psalmista,
505 4184 596 4240 cunc
627 4154 747 4240 dicit:
793 4155 980 4240 Lucerna
1001 4155 1179 4263 pedibus
1209 4158 1313 4241 meis
1337 4159 1496 4244 uectum
1524 4167 1646 4244 tumn.
1773 4255 1775 4262 ,
1839 4239 1843 4250 .

237 4287 331 4372 Nou
362 4287 469 4372 ccciccc
490 4287 540 4372 de
568 4285 779 4372 exterioris
802 4286 981 4373 bominis
1004 4287 1176 4398 pedibus
1201 4290 1301 4373 dicit
1329 4291 1398 4373 sed
1429 4291 1647 4393 interioris,

46 4499 48 4530 Γ
107 4532 109 4538 y
236 4420 516 4532 quianullum
556 4419 695 4504 luccceu
732 4418 946 4530 praebent,
971 4419 1134 4505 diuinae
1175 4423 1400 4532 scripturae
1436 4424 1648 4524 citerioris
1699 4433 1735 4448 ”

46 4577 47 4586 ¹
237 4549 412 4638 hominis
441 4551 614 4666 pedibus
642 4550 948 4638 ambulantibus
977 4551 1235 4652 intenebris
1265 4552 1334 4639 sed
1359 4553 1489 4665 magis
1518 4557 1647 4639 offen·
1664 4551 1762 4650 ,η’-θ
1888 4604 1893 4613 ·

237 4684 436 4788 dicatum,
476 4683 519 4770 iu
560 4683 671 4794 quod
712 4681 950 4770 olt'eudout..
998 4639 1138 4792 (Unde
1178 4683 1285 4772 sieut
1324 4684 1486 4797 indiget
1522 4669 1646 4772 borno
1667 4670 1678 4741 '¹'

230 4821 375 4904 nostor
402 4815 581 4924 exterior
609 4815 762 4904 lumine
781 4816 998 4931 temporati
1022 4814 1236 4904 ambulans
1266 4816 1309 4902 in
1329 4817 1520 4920 tenebris,
1550 4819 1645 4929 quia

188 4933 193 4956 ⁸
226 4946 320 5090 ¹sius
347 4947 421 5036 illo
450 4963 535 5037 uon
564 4947 674 5038 volet
700 4947 780 5038 iter
808 4978 927 5038 suum
943 4975 1140 5065 peragere
1159 4946 1202 5034 iu
1221 4947 1412 5056 teccebris,
1442 4949 1501 5038 ita
1520 4951 1643 5038 etiam
1697 5037 1700 5043 .

183 5315 185 5319 ,
283 5239 350 5332 ·¹)
372 5239 410 5314 s.
435 5189 573 5314 coco
595 5240 641 5312 aa
666 5239 774 5314 cnm.
801 5241 864 5326 n,
887 5241 919 5312 o.
981 5307 983 5313 ,
1109 5215 1110 5218 ‘
