3994 5770
208 99 572 276 ·21'o'·⁵‚
890 158 1084 258 cusu
1196 242 1204 250 .

110 405 149 476 .·
257 385 613 495 quemadmodum,
657 387 729 496 oni
754 386 982 474 ablactatum
1006 392 1067 474 est
1092 385 1251 492 clerte
1278 409 1401 492 uper
1426 391 1557 490 melre
1581 416 1671 500 sua,
1792 393 1798 412 ⁸

254 517 315 600 sic
341 516 553 618 retributio
579 519 625 604 in
645 517 827 604 animam
846 545 991 604 meane.
1048 515 1105 601 lut
1121 515 1201 605 hoc
1218 517 1451 608 reundum
1472 527 1549 622 est,
1575 526 1671 637 quie
1692 605 1696 616 ,

158 633 175 709 ἔ
199 661 203 670 ’
251 676 335 740 nou
358 647 465 734 dixit
493 647 599 736 illie:
625 648 677 736 st
688 649 854 736 reddidi
870 647 1115 767 sacimtibus
1135 648 1238 734 mibi
1249 647 1375 756 mala,
1392 649 1487 735 sed:
1509 652 1671 740 reddidi

254 777 566 866 retribuentibus
590 779 691 864 arilei
725 782 868 872 rnala.·
909 781 987 879 Qui
1016 779 1127 894 enim
1154 779 1364 883 retribuit,
1398 781 1487 891 jam
1514 784 1695 894 aliquid,

192 899 195 906 ’
253 913 490 1020 ueccpemt;
519 913 686 1024 majoris
712 919 851 998 autem
873 913 1098 1023 patientiae
1125 915 1202 1015 cst,
1229 939 1308 998 nea
1331 911 1373 996 'ei
1403 907 1511 998 mals
1526 942 1669 1026 repen·

121 1104 126 1120 ,
221 1039 368 1142 γ(Ιοτει,
410 1039 482 1150 qui
510 1044 689 1154 acceptis
718 1043 928 1129 beneficiis
967 1040 1102 1127 reddit
1128 1041 1236 1126 mula
1264 1069 1339 1152 pro
1367 1041 1508 1146 bouis,
1546 1070 1672 1152 quum·

252 1169 322 1275 qui
356 1171 470 1256 nullo
503 1177 602 1257 aute
629 1166 799 1284 accepto
833 1171 1032 1260 benefida
1061 1198 1210 1259 nocere
1238 1172 1446 1258 voluisset.
1486 1172 1555 1256 ..st
1580 1201 1672 1282 erpa

50 1316 57 1330 ·
230 1299 435 1402 reddidi,
461 1303 634 1412 iuquit,
674 1301 982 1390 retribuentibus
1020 1301 1120 1386 noibi
1156 1299 1289 1405 rorata,
1330 1302 1357 1387 i.
1386 1329 1423 1386 e.
1451 1301 1485 1388 si
1515 1330 1596 1387 non
1613 1311 1669 1388 ,te
1772 1398 1778 1409 ,

192 1510 196 1524 ,
251 1429 439 1513 imitatus
468 1460 558 1516 sum
586 1434 630 1518 iu
658 1432 863 1545 patientia
890 1439 975 1534 tus,
1006 1461 1087 1542 qus
1114 1459 1190 1542 pro
1213 1459 1280 1516 me
1295 1437 1489 1541 operatus
1506 1459 1562 1532 es,
1591 1433 1667 1516 hoc

127 1641 140 1660 ,
253 1564 328 1662 est,
357 1589 449 1644 cum
479 1567 525 1646 tn
555 1563 637 1646 iilis
666 1561 834 1648 noluisti
863 1564 1088 1648 retribuere
1110 1562 1231 1665 mals,
1261 1563 1333 1673 qui
1348 1561 1529 1671 acceptis
1548 1563 1669 1646 berre·

110 1762 113 1770 .
218 1687 355 1802 ¹liciis
384 1691 466 1774 tuis
495 1691 572 1774 tibi
601 1694 868 1801 retribuerint
899 1695 1005 1778 mula
1033 1721 1110 1804 pro
1150 1692 1269 1776 bouis
1308 1693 1413 1795 tuis,
1452 1720 1558 1802 quae
1588 1693 1669 1776 iltis

127 1852 130 1858 ¹
189 1903 194 1916 ,
235 1819 396 1924 iecisti,
426 1826 470 1906 et
497 1829 646 1914 cetera.

260 1955 264 1963 ’
362 1953 578 2064 Sequitur:
615 1956 744 2058 Unde,
763 1957 932 2062 tratres,
959 1958 999 2040 si
1025 1982 1207 2044 sunrourue
1228 1952 1470 2040 lurunsildotis
1491 1954 1670 2039 ralnnnrs

252 2083 405 2170 enelrnen
436 2088 633 2198 aitinpere
657 2093 694 2172 et
718 2087 776 2172 ad
796 2087 908 2174 illurn
927 2089 1209 2188 coemtionem
1231 2087 1444 2190 coelestem,
1472 2088 1531 2170 nd
1545 2112 1665 2192 putens

244 2246 326 2325 per
344 2222 578 2326 praesentis
598 2221 702 2304 sitae
726 2219 990 2308 luuurnildatern
1017 2224 1264 2326 aseauditur,
1290 2221 1473 2306 colunnas
1488 2217 1669 2302 uelociter

243 2351 485 2458 peruenire,
529 2349 683 2439 actibus
710 2352 863 2446 nostris
889 2352 1196 2438 ascendentibus
1232 2351 1345 2436 scala
1373 2349 1450 2434 illa
1476 2349 1667 2458 eripeouda

235 2489 322 2596 pst,
351 2509 453 2590 putare
479 2485 525 2567 in
546 2508 686 2568 sensuro
704 2465 1062 2588 Jacobappanuit,
1083 2508 1305 2589 purpurans
1326 2481 1365 2564 ei
1387 2479 1669 2565 descendentes
1736 2589 1742 2604 1

87 2677 95 2696 .
249 2618 285 2694 et
315 2599 575 2698 ascendeutes
597 2611 748 2723 Arupeli
774 2613 1117 2700 neorestrubantnr.
1160 2611 1257 2698 Non
1285 2611 1403 2697 aliud
1429 2612 1520 2694 more
1545 2607 1665 2692 (lesbio

106 2737 111 2748 ’
249 2741 465 2829 descensus
492 2742 562 2829 illc
589 2749 626 2829 et
653 2768 847 2829 aseensus
867 2772 893 2829 a
910 2743 1029 2830 euobis
1046 2741 1297 2858 intellipilar,
1325 2736 1665 2826 nisieuoltatione

189 2873 198 2895 '
248 2874 488 2960 ‹tessenderc
522 2879 559 2959 et
592 2872 816 2962 lanruailitata
854 2875 1083 2962 aseeordere.
1142 2871 1267 2962 Scala
1295 2893 1388 2958 narn
1415 2870 1511 2976 ipso
1537 2874 1663 2952 uecta

34 3013 37 3020 ’
160 3100 164 3108 ,
194 3015 196 3022 ’
247 3011 388 3092 suestra
416 3009 476 3091 est
502 3005 586 3090 nita
614 3006 659 3092 in
686 3005 866 3111 suessula,
900 3033 1003 3114 perne
1036 3005 1249 3092 bitarilialo
1285 3001 1459 3090 cardea
1488 2999 1664 3086 Donrim

121 3157 124 3164 ·
247 3139 418 3247 eripitur
435 3141 493 3225 ud
508 3136 670 3248 corloon,
693 3137 822 3224 latere
839 3164 932 3224 aero
949 3138 1127 3246 ejuusdenu
1142 3136 1279 3224 saulae
1296 3129 1470 3222 dieinnus
1483 3139 1661 3220 ruoslnun

246 3296 334 3355 essa
361 3297 507 3378 corpus
534 3278 573 3355 et
598 3251 793 3376 aretinam,
821 3271 863 3356 in
889 3297 993 3378 purae
1015 3271 1145 3356 latera
1161 3273 1343 3356 diuersos
1356 3269 1516 3379 pradum
1537 3265 1690 3350 trunt-

151 3417 155 3425 '
246 3401 376 3484 litatis
402 3401 465 3486 eel
492 3402 737 3509 disciplinae
763 3403 935 3489 evocatio
951 3403 987 3513 ι)
1010 3403 1158 3489 ,diuina
1182 3403 1457 3488 ascmrdendos
1480 3399 1662 3485 insenuit.

247 3533 363 3617 Istud
392 3535 501 3618 enim
531 3539 638 3622 osrede
665 3537 851 3648 superins
879 3536 1066 3646 respicit,
1104 3535 1134 3622 i.
1161 3564 1197 3622 e.
1234 3533 1307 3618 ubi
1334 3533 1457 3617 dicit:
1504 3523 1685 3631 Orionis,'
1710 3563 1732 3662 ’ί

246 3669 316 3774 pai
344 3693 388 3752 se
415 3666 579 3770 exaltat,
607 3667 907 3772 transiliamus,
936 3675 974 3755 et
1000 3667 1070 3775 aeui
1096 3693 1140 3753 se
1165 3664 1374 3770 deuuroilint,
1406 3663 1660 3750 exsultabitur.
1690 3769 1694 3778 Ι

250 3801 429 3907 Calama,
458 3799 484 3885 i.
515 3828 551 3887 e.
579 3801 875 3890 celsitudinem.
922 3789 1053 3886 Jacob
1081 3800 1330 3910 intelligitur
1353 3795 1679 3905 nnuplantelorc·

243 3934 533 4045 supplantetur
562 3935 724 4044 proprie
753 3934 904 4028 dicitur
933 3935 1024 4040 ille,
1065 3932 1258 4044 quicum
1288 3930 1581 4018 ulioluctutur
1619 3931 1686 4008 et·
1740 3995 1744 4004 .
1834 3995 1838 4002 .
1986 3945 1987 3978 a

243 4066 416 4178 utiqnod¹
439 4063 653 4176 ingenium
683 4063 871 4150 iaciendo
899 4066 959 4149 ilii
989 4065 1127 4174 dejicit
1155 4064 1272 4147 illum
1302 4063 1345 4146 iu
1374 4065 1540 4162 terrum,
1575 4057 1659 4141 sire

241 4183 507 4302 supplantare
546 4193 698 4277 dicitur
736 4195 790 4279 nb
829 4224 902 4298 eo,
946 4197 1057 4309 quod
1097 4193 1175 4278 sub
1211 4193 1377 4304 plautus
1416 4189 1658 4301 subjicitur3

142 4388 148 4400 .
236 4321 524 4436 supplantare,
565 4323 593 4412 i.
621 4353 658 4414 e.
698 4326 775 4408 sub
812 4328 979 4438 pluatis,
994 4351 1178 4436 premere
1217 4328 1260 4406 et
1295 4349 1339 4405 se
1373 4345 1657 4433 superponere,

137 4568 138 4572 Ν
241 4459 268 4548 i.
298 4487 331 4544 e.
372 4458 637 4569 supplantare
666 4457 767 4540 uitia
805 4463 930 4566 utque
965 4483 1169 4567 superare.
1226 4450 1331 4536 Item
1372 4451 1659 4562 supplantator
1712 4549 1719 4560 ι

180 4697 183 4704 Δ
241 4587 392 4673 dicitur
418 4587 566 4692 omnis,
595 4587 667 4698 qni
687 4615 761 4699 per
782 4586 949 4697 aliquod
973 4587 1186 4698 ingenium
1215 4585 1279 4671 nel
1300 4583 1484 4670 fraudem
1505 4579 1658 4692 decipit

221 4927 224 4934 ’
328 4926 357 5010 ¹)
384 4919 582 4993 biertanico
613 4921 706 5012 (cap.
734 4920 810 4993 th.
846 4942 929 5011 pag.
949 4865 1045 5009 ζ203)
1076 4919 1241 5003 durbitut,
1276 4923 1395 4989 utrum
1432 4913 1656 4986 llitdemarns
1744 4981 1750 4998 ‚

93 5029 115 5118 J
238 5029 420 5120 scripserit
451 5033 628 5119 evocatio,
650 5053 698 5104 un
729 5034 887 5115 notatim
916 5035 957 5104 ut
991 5031 1028 5101 iu
1054 5031 1220 5102 omuibus
1242 5027 1453 5102 sennanim
1468 5023 1655 5140 *codicibus

239 5143 374 5234 legitur
398 5144 564 5217 eucratio.
