4002 5792
11 167 20 186 Γ
125 175 141 208 ”
300 222 383 314 608
465 311 469 328 ‚
645 157 714 170 λ’
886 218 1142 316 οιμιιιιι.
1224 317 1228 324 Ι

282 521 285 526 .
297 469 476 551 monum
509 441 601 552 prio
633 441 864 552 pimeicnt.
939 435 1057 532 Unde
1093 452 1133 529 et
1169 443 1391 555 Wryilicsr
1427 443 1552 532 Narro
1575 449 1718 531 ronse

296 574 385 684 iperi
401 579 557 685 fruges,
583 601 691 660 nanc
712 575 895 686 storrpitc
919 600 1036 664 coco.
1051 575 1085 684 ¹)
1140 571 1299 664 Hostus
1327 577 1576 678 nominator,
1606 578 1716 686 quod

200 730 204 737 ·
296 735 459 816 semper
491 705 552 790 ibi
589 707 747 818 aliquid
783 709 961 809 oriatur,
1000 735 1096 790 nam
1136 737 1229 794 cum
1263 709 1347 794 alia
1382 713 1494 794 tem
1520 708 1645 795 cernei
1671 710 1716 792 in

147 845 148 848 ‘
299 841 409 921 ann'o
438 835 595 947 aliquid
624 837 720 938 ieri,
748 819 893 924 hortus
921 867 1144 949 numquam
1172 840 1261 924 sine
1288 845 1427 926 fructu
1454 835 1551 926 ont(

844 1051 945 1166 Cap.
974 1053 1173 1148 LXVII.

409 1301 413 1310 .
491 1239 496 1250 ·
571 1239 641 1316 nn
668 1197 962 1320 nrrrnrnnns
991 1239 1050 1318 nr
1073 1241 1169 1322 rra
1197 1239 1451 1324 ornnons.

308 1399 310 1404 ’
406 1388 643 1498 congruum
682 1386 865 1473 ordinem
901 1389 1037 1472 tenuit
1063 1391 1108 1474 in
1137 1389 1216 1476 hoc
1252 1391 1346 1476 loco
1374 1389 1423 1480 B.
1454 1390 1713 1495 Benedictus,

295 1549 347 1613 co
374 1520 485 1632 qnod
513 1521 627 1631 prins
655 1520 762 1605 dixit
788 1521 840 1606 de
862 1520 1114 1604 intrantibus
1137 1521 1180 1604 in
1204 1523 1512 1624 monasterinm,
1542 1528 1586 1608 ct
1606 1551 1713 1608 unno

242 1645 247 1658 '
295 1654 404 1774 dicit,
430 1653 483 1737 de
520 1653 787 1753 exeuntibns3
827 1653 887 1737 uit
907 1655 1057 1739 enim:
1118 1653 1338 1763 Diriqcndi
1367 1659 1525 1764 fratres
1561 1657 1606 1741 in
1645 1657 1714 1739 nio

227 1797 230 1804 '
295 1787 474 1871 orunirrm
487 1785 667 1888 lrotrum
684 1780 746 1868 nei
760 1784 921 1894 odiatis
935 1811 981 1870 sc
998 1787 1174 1871 crationi
1188 1788 1473 1916 commpudeut,
1501 1795 1542 1872 ct
1554 1814 1713 1896 occuper

295 1915 353 2002 od
396 1917 617 2010 orationem
656 1911 840 1999 ultimam
878 1915 1014 2022 operis
1049 1915 1134 2014 Dei
1175 1920 1492 2004 courmonoratio
1534 1924 1711 2006 omuimn

164 2095 169 2105 ·
294 2045 519 2148 absentium
551 2047 640 2150 fini.
681 2096 732 2112 -
770 2046 876 2146 Quia
916 2047 1116 2156 cognovit
1156 2047 1213 2146 B,
1243 2045 1513 2152 Benedictus,
1555 2056 1604 2133 nt
1642 2052 1714 2135 ilie

296 2179 436 2279 irater,
465 2176 536 2287 qui
566 2177 618 2260 de'
646 2177 895 2262 monasterio
922 2179 1010 2261 exit
1036 2179 1089 2260 ad
1117 2179 1200 2262 alia
1228 2179 1332 2283 loca,
1353 2180 1406 2264 ad
1435 2180 1594 2265 lubrica
1623 2182 1714 2266 loca
1826 2259 1829 2264 .

279 2335 478 2416 pergere,
489 2307 526 2408 ²)
554 2309 635 2418 [et]
675 2307 769 2390 ideo
802 2307 947 2415 jubet,
976 2316 1023 2391 nt
1050 2338 1095 2393 se
1134 2311 1312 2396 orationi
1350 2313 1612 2396 commendet
1637 2313 1713 2396 ab·

298 2437 405 2518 batis
445 2437 508 2518 vel
548 2441 745 2535 instrum,
774 2441 843 2536 nt,
882 2465 973 2522 curn
1010 2448 1252 2548 prosecutus
1292 2442 1418 2524 inerit
1457 2445 1712 2528 orationibus
1887 2453 1890 2458 '

295 2565 482 2666 fratrum,
510 2567 665 2675 absque
693 2567 919 2650 offensione
946 2568 1049 2651 illud
1078 2570 1157 2652 iter
1186 2575 1418 2678 perageret.
1459 2571 1540 2656 Sed
1560 2579 1710 2656 notun·

27 2695 32 2706 '
108 2697 111 2706 '
162 2792 166 2800 ,
295 2695 391 2782 dnm
421 2705 496 2802 est,
525 2725 651 2806 qnam
678 2695 899 2782 sollicitum
920 2698 1052 2783 voluit
1070 2699 1240 2783 reddere
1263 2699 1525 2806 monachum,
1555 2708 1604 2787 nt
1623 2733 1707 2791 non

115 2927 124 2946 ι
293 2829 425 2916 solum
456 2831 498 2913 in
527 2828 776 2912 monasterio
806 2828 937 2914 voluit
963 2856 1056 2913 enm
1085 2838 1251 2915 cantum
1281 2861 1380 2934 esse,
1408 2835 1479 2918 sed
1508 2837 1633 2920 etiarn
1665 2837 1705 2919 iu

9 3059 15 3068 ,
117 3065 121 3076 Ι
296 2963 374 3046 ria.
433 2959 488 3044 nt
515 2960 614 3071 quia
641 2961 859 3068 cognovit,
890 2988 974 3045 non
1003 2989 1123 3070 possa
1151 2989 1244 3044 enm
1271 2962 1375 3047 illud
1404 2965 1600 3074 perficere
1630 2969 1708 3050 iter

293 3095 383 3176 sine
420 3092 666 3193 offensione,
694 3091 788 3176 ideo
819 3092 944 3199 jussit
980 3090 1097 3175 illum
1136 3092 1314 3176 orationi
1354 3097 1537 3204 corporis
1565 3126 1707 3182 mona·

293 3224 409 3307 sterii
442 3222 734 3309 commendari.
791 3223 933 3328 Unde,
962 3225 1059 3334 quia
1096 3225 1318 3331 cognorit,
1347 3225 1466 3310 vaide
1506 3227 1708 3312 lubricum

159 3371 161 3376 ’
244 3427 250 3442 ,
297 3385 385 3440 esse
419 3357 500 3440 iter
530 3356 590 3438 ud
631 3355 906 3466 peccandum,
936 3354 1089 3440 idcirco
1123 3355 1357 3463 specialiter
1394 3356 1518 3442 etiarn
1546 3361 1706 3469 corpori

297 3487 533 3573 monasterii
568 3488 693 3598 jussit
734 3515 811 3598 pro
852 3485 944 3597 ipso
982 3484 1205 3593 monacho,
1245 3489 1316 3597 qni
1360 3485 1461 3572 ioris
1503 3489 1708 3600 dirigitur,

229 3643 233 3650 '
295 3649 424 3710 orare.
483 3617 601 3703 Unde
628 3623 696 3721 tn,
726 3620 797 3728 qui
825 3620 976 3728 pergis,
1005 3625 1192 3728 ternpore
1219 3617 1463 3730 egressionis
1490 3625 1588 3706 tuae
1616 3650 1706 3704 corn

273 3757 339 3838 ,te
367 3751 411 3835 in
439 3749 529 3835 solo
552 3750 721 3835 oratorii
749 3746 1090 3860 prosternendum
1112 3748 1238 3851 radis,
1266 3753 1435 3860 oportet
1463 3751 1522 3834 ita
1549 3751 1703 3836 dicere:

295 3881 472 3967 Domine
497 3881 602 3977 Jesre
633 3881 821 3967 Cirristc!
875 3877 936 3962 Tu
973 3881 1055 3963 scic
1079 3877 1346 3988 fragilitatem
1355 3907 1529 3967 wenna:
1557 3881 1707 3987 udjrcn

293 4041 358 4098 mc
383 4015 429 4097 in
456 4011 528 4096 iroc
553 4013 709 4112 itincre,
736 4018 932 4116 nunionis
958 4010 1031 4094 doc
1056 4010 1395 4095 iicrodcdicntioe
1416 4013 1703 4096 ciuncioleno

249 4141 250 4144 ‘
293 4145 545 4231 orationibus
584 4141 763 4247 fratrum
804 4142 894 4226 sine
934 4141 1152 4247 offensione
1186 4169 1396 4252 peragere.
1466 4142 1522 4224 Et
1565 4149 1706 4252 postea

295 4282 496 4390 qnantum
526 4280 676 4386 potest,
704 4271 828 4358 debet
854 4302 897 4358 se
924 4273 1147 4362 sollicitum
1176 4275 1359 4362 reddere.

405 4407 622 4518 Sequitur:
660 4403 916 4521 Rccertcnics
952 4415 1085 4493 cratem
1120 4409 1171 4494 dc
1205 4409 1272 4496 nio
1305 4408 1460 4511 lroircs
1501 4409 1592 4514 ipso
1629 4406 1706 4509 dic,

293 4568 372 4652 quo
402 4541 579 4644 redeunt,
600 4565 682 4646 per
709 4564 846 4623 coines
873 4543 1091 4627 corronicoc
1117 4539 1255 4645 Ιιονιιι,
1284 4539 1380 4628 drrm
1402 4539 1585 4648 cupetur
1605 4563 1705 4646 opos

150 4762 155 4771 ,
253 4681 256 4689 ’
294 4674 378 4764 Dei
389 4739 401 4781 ,
423 4672 626 4784 prostrati
661 4669 746 4756 solo
783 4673 954 4758 crurorii
990 4675 1043 4758 od
1084 4677 1269 4760 orionibus
1302 4679 1446 4779 petoni
1485 4675 1704 4758 orationem

215 4791 219 4798 ⁴
286 4816 459 4920 propior
485 4831 698 4912 acessus,
724 4831 777 4890 irc
801 4803 901 4911 quid
917 4807 1025 4912 sorte
1050 4805 1300 4911 orriripucsii
1325 4807 1371 4890 in
1397 4808 1470 4892 oio
1494 4808 1609 4892 cirris
1635 4810 1705 4889 oui

383 5097 412 5188 ¹)
432 5093 587 5186 Etymol.
609 5093 677 5173 lib.
703 5093 755 5167 15.
777 5113 808 5166 c.
830 5095 863 5166 d
886 5113 922 5164 n.
944 5093 978 5162 ⁴.

210 5207 241 5270 -’
381 5209 666 5304 intimidi
944 5241 949 5250 ·
