3968 5774
246 288 329 378 sen
819 271 1092 382 aarum.

246 505 519 614 delinquentes
545 507 696 594 dixerit
722 512 767 594 et
792 537 878 596 nou
905 509 1016 598 cirea
1038 511 1196 616 tratres
1203 569 1218 614 ,
1254 507 1417 596 dicem:
1454 509 1551 616 pria
1578 538 1656 598 nou

250 621 309 722 esi
330 663 431 744 opus
449 637 565 722 saeris
583 639 773 742 uredines,
794 643 869 726 sed
889 640 994 726 anule
1009 641 1258 731 tuteeutitue.
1299 638 1382 724 Sed
1398 639 1478 726 hoc
1498 643 1658 754 tertul,

249 769 360 877 quod
389 769 509 878 dicit:
547 797 626 854 nou
663 777 722 873 est
755 797 856 878 opus
891 775 1008 858 surus
1044 773 1243 872 terminus,
1280 770 1354 858 sed
1379 769 1486 858 mute
1511 772 1660 856 aaut.

245 904 372 1003 titus,
401 902 454 985 de
482 899 661 986 Domino
696 903 807 993 tulit.
863 903 970 988 Nam
1001 901 1223 1006 Dominus,
1263 933 1358 988 cum
1394 904 1659 990 manducaret

246 1060 340 1115 cum
369 1031 598 1142 publicanis
635 1047 679 1116 et
707 1017 1014 1142 peccatoriiius,
1054 1031 1431 1142 reprehendebatur
1456 1065 1483 1116 a
1514 1034 1684 1124 Phari.

138 1225 143 1246 .
245 1168 374 1262 creis,
415 1193 542 1274 quare
575 1193 670 1250 cum
697 1166 779 1250 iilis
807 1164 1085 1249 manducaret.
1141 1163 1235 1274 lpse
1273 1193 1370 1248 nero
1407 1167 1657 1275 respondeus

246 1297 366 1380 dixit:
402 1296 511 1400 ,Non
539 1301 631 1379 veut
657 1323 799 1384 rorare
823 1295 979 1398 justus,
1018 1294 1092 1378 sed
1114 1301 1368 1400 peecatores3
1408 1303 1446 1378 et
1482 1323 1560 1379 erun
1600 1307 1658 1382 est

246 1428 491 1530 o1nussauis
517 1428 717 1526 erudiens,
751 1425 825 1510 sed
852 1425 957 1508 auerte
983 1425 1230 1510 habentibus.
1289 1426 1411 1512 Naue
1440 1427 1657 1514 ridendum

247 1563 323 1657 est,
350 1557 548 1667 quidest,
577 1557 686 1666 quod
712 1556 835 1640 dicit:
866 1555 960 1641 Non
989 1559 1078 1640 aerei
1100 1582 1242 1640 rorare
1259 1556 1408 1660 jas-us,
1428 1557 1502 1642 sed
1516 1585 1659 1662 peccu-

245 1696 365 1801 tores.
424 1687 546 1773 Varie
574 1686 838 1794 intelligitur.
894 1686 1022 1786 Sunt,
1051 1689 1121 1797 qui
1151 1687 1412 1798 intelligente
1453 1716 1536 1770 nou
1568 1692 1659 1773 veui

250 1847 397 1904 vocare
419 1821 567 1928 justos,
596 1819 667 1901 sed
696 1827 953 1927 peccatores,
981 1819 1009 1904 i.
1038 1847 1073 1906 e.
1102 1847 1187 1920 vos,
1214 1820 1284 1929 qui
1313 1819 1448 1902 dicitis
1474 1849 1561 1902 esse
1589 1819 1697 1902 ros'
1791 1915 1795 1922 ⁴
1868 1879 1872 1890 -

242 1950 379 2056 justos
407 1959 450 2034 et
480 1979 561 2034 nou
590 1956 847 2058 peccatores,
885 1979 968 2036 non
999 1951 1091 2034 verri
1122 1978 1287 2050 uocare,
1326 1949 1398 2032 sed
1428 1959 1660 2058 peccatores

192 2119 198 2130 ·
248 2080 354 2181 ilios,
382 2081 453 2188 qui
475 2111 520 2164 se
542 2083 725 2165 intentur
753 2109 840 2164 csse
871 2087 1114 2189 [necatores.
1157 2079 1278 2181 Sunt,
1306 2080 1375 2188 qui
1396 2079 1658 2188 intelligunt:

248 2240 331 2294 nou
367 2210 460 2294 reni
499 2239 645 2296 vocure
674 2211 831 2318 justos,
872 2212 944 2294 sed
985 2219 1218 2322 peccatores
1256 2212 1308 2293 eui
1348 2212 1660 2320 poenitentiam,

248 2344 276 2432 i.
304 2372 338 2426 e.
367 2371 416 2428 ac
441 2343 478 2426 si
506 2343 681 2426 diceret:
711 2371 793 2426 nou
826 2345 919 2427 veui
948 2371 1094 2426 romre
1112 2344 1247 2450 justos
1264 2343 1326 2426 ‘ad
1351 2324 1661 2451 poeniteutiam,

248 2473 352 2581 quin¹
372 2471 433 2555 iiii
463 2501 545 2557 nou
573 2473 777 2584 indigent,
805 2475 875 2558 sed
906 2479 1152 2586 peccatores,
1181 2474 1253 2584 q'ni
1278 2475 1533 2582 poenitentia
1556 2474 1661 2559 indi·

247 2610 370 2713 gent3
410 2603 450 2691 h.
480 2605 705 2688 edicere:
741 2607 877 2713 justus
919 2635 1002 2688 nou
1040 2605 1219 2714 despicio
1261 2603 1393 2714 neque'
1428 2613 1662 2706 contemno,
1726 2683 1731 2694 .

248 2741 482 2844 peccatores
512 2766 608 2820 vero
634 2737 686 2820 nd
717 2737 1012 2848 poeniteutiam
1044 2765 1169 2836 voco,
1209 2736 1307 2844 quia
1345 2766 1428 2820 nou
1467 2748 1530 2822 cst
1560 2767 1663 2847 opus

248 2870 357 2952 uiuis
396 2869 597 2974 medicus,
636 2869 707 2954 sed
747 2869 933 2960 iniirnris.
992 2867 1046 2952 Et
1085 2869 1307 2954 securrdnm
1351 2869 1461 2955 huuc
1499 2897 1659 2954 mersum

153 2979 161 2997 ⁸
248 3001 290 3086 S.
319 2999 569 3084 Benedictus
597 3002 721 3085 etiam
750 3001 829 3086 icoc
858 3003 972 3103 dicit,
1000 3031 1049 3086 ac
1070 3001 1104 3082 si
1129 3000 1305 3086 diceret:
1333 3029 1456 3110 snper
1476 3002 1662 3085 infirmos

248 3143 291 3210 et
310 3129 566 3237 negligentes
585 3156 722 3212 curum
749 3137 870 3236 gerat
892 3136 936 3210 et
951 3128 1268 3212 solticitudinem
1285 3129 1436 3224 abbans
1459 3129 1663 3212 studiosos

248 3263 291 3336 et
317 3256 501 3356 devotos,
531 3256 557 3339 i.
586 3284 624 3339 e.
652 3285 772 3338 snuos
803 3285 886 3339 non
916 3255 1116 3362 despiciat
1145 3284 1277 3363 rreqne
1305 3263 1558 3342 contemnat.
1612 3256 1664 3336 lit

250 3383 330 3468 hoc
357 3386 567 3469 sciendum
595 3391 679 3485 est,
707 3385 824 3492 qnia,
863 3414 955 3469 cum
986 3385 1091 3468 dixit
1127 3410 1267 3468 cerr-nen
1296 3387 1519 3489 suscepisse
1547 3387 1663 3490 infir·
1773 3399 1790 3428 '-

247 3541 407 3598 suerrum
436 3518 692 3618 andrunnun,
733 3516 915 3598 ostendit
953 3517 996 3598 in
1026 3514 1230 3598 isiacum
1269 3514 1536 3624 multiplicem
1567 3516 1664 3598 nuc·

213 3647 424 3751 trinam,
465 3648 491 3731 i.
521 3677 555 3734 c.
596 3647 819 3756 aiiquuudo
848 3647 1017 3743 leniter,
1055 3647 1277 3756 aliquando
1305 3647 1547 3746 crudeliter,
1586 3646 1663 3730 ali·

249 3777 414 3886 quuudo
439 3779 593 3877 stetim,
622 3777 844 3888 aliquando
868 3783 964 3885 post
984 3787 1146 3886 tempus
1174 3785 1218 3862 et
1241 3779 1395 3888 reliqua
1418 3777 1482 3860 his
1501 3777 1662 3872 similia,

172 3965 174 3970 -
249 3908 355 3992 sieut
380 3911 565 4018 superius
584 3909 686 3993 dicit
710 3939 733 3992 e
758 3909 966 3992 contrario
993 3909 1130 3991 direeen
1160 3911 1360 4017 erupistrr',
1379 3911 1497 4012 pinea
1525 3911 1663 4011 purtris

177 4099 182 4108 -
250 4040 434 4124 ostendat
460 4037 657 4143 affectum.
1643 4053 1647 4074 ¹

364 4168 581 4279 Sequitur:
609 4169 667 4252 Et
693 4170 784 4254 ideo
811 4169 923 4254 debet
950 4169 1176 4254 mererienodo
1198 4173 1257 4253 uti
1283 4177 1328 4253 nt
1347 4171 1516 4274 sapiens
1538 4168 1661 4254 uredi-

229 4330 333 4405 ·ens,
345 4303 380 4412 ¹)
417 4305 537 4408 perusi
564 4296 734 4388 oeeedtos
761 4299 1030 4398 coresotatores
1055 4303 1336 4410 serrepeetas,²)
1366 4303 1393 4387 i.
1421 4329 1456 4385 e.
1485 4303 1672 4385 seniores.

250 4439 454 4542 respuentes
476 4435 642 4540 putres,
673 4433 743 4540 pai
770 4435 888 4538 qnasi
916 4439 1063 4518 secrete
1090 4433 1342 4519 ceresoteutnr
1365 4435 1540 4537 tratrem
1560 4432 1663 4535 ltere·
1718 4477 1721 4486 ‚
1869 4439 1876 4452 ’

247 4576 424 4653 terentem
468 4573 506 4652 et
548 4569 764 4672 provocent
802 4557 893 4648 erem
946 4567 1003 4650 ud
1051 4565 1293 4649 teeereiiitutis
1333 4565 1662 4668 satisfactionem.

249 4697 371 4784 Nunc
402 4727 516 4796 vero,
557 4699 654 4806 quia
682 4695 935 4780 mentionem
965 4696 1113 4780 medici
1143 4697 1261 4798 iecit,
1300 4693 1433 4779 uoluit
1459 4723 1663 4803 exponere

248 4831 450 4911 rationem
482 4827 625 4911 ruuedici
658 4827 793 4925 latius,
821 4854 914 4910 cnm
943 4827 1068 4910 dicit:
1099 4823 1155 4908 Et
1184 4827 1273 4908 ideo
1300 4826 1412 4909 (tebet
1439 4825 1663 4908 mereriurodo

250 4961 321 5057 nti,
352 4967 392 5041 ut
420 4961 587 5062 sapiens
614 4955 805 5044 veredicus.
847 4955 1031 5040 Medicus
1054 4956 1162 5038 euim
1187 4957 1470 5065 snpieus'aute
1492 4955 1665 5064 languo-

374 5149 509 5162 ...nm-..-

246 5295 249 5300 ,
338 5249 365 5334 ¹)
389 5243 579 5311 immittere
625 5253 653 5331 ἓ)
674 5244 893 5330 senpeuetas.
939 5240 1024 5310 cod.
1049 5239 1242 5310 Meiliceue.
1291 5308 1294 5316 ,
