3994 5770
852 333 944 426 ,cra
969 333 1050 409 vn.
1584 343 1664 426 229

255 562 296 642 et
323 561 459 637 tamen
493 554 738 657 aranachae,
760 551 877 666 ‚quia
904 556 1090 640 mortuus
1119 553 1243 641 debet
1270 585 1386 670 esse.
1419 559 1512 646 idco
1541 560 1667 646 velanti

254 687 438 773 mortuus
467 684 527 770 ita
555 683 678 770 debet
705 684 748 768 in
774 685 1023 771 monasterio
1045 684 1207 771 versari.
1264 685 1370 774 Vide
1394 690 1530 793 modo,
1558 718 1667 776 mor-

255 823 346 902 tuus
374 813 538 924 quidem
567 815 611 900 in
640 843 762 926 quam
792 821 951 926 partem
982 816 1173 919 volvitur,
1207 845 1293 902 non
1323 823 1562 924 murmurat,
1593 827 1666 907 aut

254 945 450 1060 quidquid
481 948 517 1034 ei
546 946 702 1053 leceris,
732 975 813 1032 non
845 947 1102 1034 contradicit.
1160 947 1269 1034 Nam
1298 949 1425 1036 abbas
1455 981 1664 1064 uunquam

253 1081 373 1166 debet
393 1079 588 1190 injuriare
615 1078 875 1186 monacham,
903 1096 979 1164 naec
1001 1081 1174 1166 stultum
1194 1081 1309 1166 illum
1329 1108 1476 1169 vocare
1500 1093 1667 1196 propter
1752 1151 1755 1160 .

253 1210 366 1315 illud,
396 1211 505 1324 quod
538 1211 738 1298 Dominus
760 1212 881 1296 dicit:
914 1209 963 1326 Si
988 1211 1079 1318 ocris
1100 1213 1250 1297 diacrit
1268 1213 1397 1316 fratri
1418 1237 1512 1298 saro:
1542 1217 1667 1302 raclio

253 1349 293 1428 ct
321 1343 437 1454 reliq.
494 1343 539 1429 Si
568 1342 718 1428 dixerit
746 1347 896 1446 tamen,
929 1343 1131 1428 morracho
1159 1371 1243 1429 non
1274 1343 1560 1445 licet‚'abbati
1589 1347 1666 1432 ali·

253 1474 351 1586 quid
382 1473 528 1579 dicere,
566 1475 635 1560 sed
666 1471 842 1576 obedire,
884 1473 992 1558 sicat
1019 1473 1208 1560 diximus.
1263 1475 1340 1560 Sed
1370 1475 1413 1560 in
1442 1475 1505 1562 his
1533 1477 1666 1564 verbis

252 1611 388 1716 potest
414 1605 531 1692 illam
561 1631 733 1718 arguere
758 1605 943 1690 duneval
973 1605 1126 1707 alarius,
1157 1635 1194 1694 v.
1215 1633 1279 1714 gr.
1304 1605 1336 1689 si
1366 1608 1467 1692 dure
1494 1633 1667 1719 arguere

252 1739 366 1824 illum
396 1739 584 1840 voluerit,
615 1738 864 1824 istomodo:
895 1765 1021 1850 quare
1050 1737 1180 1822 fecisti
1210 1737 1318 1823 lraac
1346 1741 1465 1824 rem?
1499 1738 1547 1825 ,si
1572 1767 1665 1824 raro
1788 1839 1789 1844 .
1909 1746 1912 1752 ’

251 1869 401 1970 (lardus,
433 1870 524 1980 plus
553 1897 704 1980 angero
731 1870 876 1954 verba:
905 1868 1010 1952 male
1040 1869 1170 1954 iecisti
1196 1873 1239 1952 et
1267 1897 1352 1954 non
1381 1870 1515 1956 iecisti
1543 1875 1665 1967 recte,
1742 1923 1746 1934 ·

250 2007 291 2086 ct
320 1999 373 2084 ob
411 1999 489 2084 lmc
527 2000 677 2110 digmus
718 2026 760 2082 cs
801 1997 1143 2083 cxcoumnmicuri
1174 1998 1235 2081 vall
1277 1997 1484 2108 llugcllari.
1542 1997 1665 2084 Nunc

253 2129 468 2213 videndam
509 2135 586 2228 ost,
628 2125 725 2236 aurid
766 2131 864 2210 arrrrt
902 2125 1004 2210 dara
1048 2128 1109 2210 vol
1150 2127 1478 2214 corduanictatcs.
1551 2127 1665 2212 Dura

250 2271 345 2343 sunt
374 2258 467 2359 illu,
507 2285 611 2366 alnae
639 2257 689 2341 ad
721 2257 931 2340 materiem
962 2255 1143 2339 attinent
1172 2254 1253 2356 rei,
1294 2283 1331 2342 r.
1362 2281 1425 2364 gr.
1456 2255 1574 2340 sicuti
1602 2263 1665 2341 est

38 2396 42 2419 ²
204 2412 207 2416 ·
250 2394 405 2497 petram
435 2387 570 2474 levare
598 2392 671 2472 arat
713 2383 868 2494 aliquid
910 2385 1134 2468 immensae
1162 2384 1460 2494 magnitudinis
1499 2391 1665 2495 portum
1761 2419 1762 2423 ¹
1800 2408 1801 2412 ‘

250 2517 310 2600 rol
339 2542 474 2626 agere.
532 2513 750 2602 Contraria
787 2520 905 2620 srrnt,
947 2541 1051 2622 quac
1091 2513 1142 2598 ad
1174 2514 1429 2599 voluntatem
1470 2516 1664 2617 attinent,
1747 2519 1751 2528 “

248 2647 280 2730 si
310 2647 407 2747 hoc,
450 2646 561 2758 qaod
591 2645 668 2730 sibi
696 2645 941 2756 imperatur,
983 2672 1065 2728 non
1109 2644 1186 2728 sibi
1215 2644 1428 2754 placuerit.
1487 2645 1664 2730 Possunt

28 2775 29 2788 Ν
121 2799 126 2810 ·
248 2777 411 2888 quidem
440 2807 527 2863 esse
556 2775 774 2860 duracina
803 2773 1106 2879 contrarietate,
1150 2775 1554 2888 quiusuntmultae
1583 2804 1661 2879 res,
1750 2843 1754 2856 .
1823 2803 1827 2812 ·
1926 2779 1932 2794 '

248 2937 350 3016 (luae
379 2908 556 3019 grandes
584 2905 683 2992 s'unt
719 2913 761 2993 et
790 2932 964 3017 magnac
993 2905 1310 3016 arragnitudinis,
1354 2910 1564 2991 ettamen
1593 2905 1662 2989 illc

248 3037 472 3123 monachas
502 3040 634 3124 bonus
661 3043 704 3123 ct
731 3037 987 3149 voluntarius
1000 3035 1031 3146 ¹)
1060 3038 1103 3121 in
1134 3037 1378 3140 obedientia,
1408 3038 1488 3140 cui,
1518 3040 1661 3148 quam·

41 3122 44 3155 ÷
215 3171 460 3256 ¹risdurue
498 3180 717 3272 matres,
754 3175 894 3254 tamen
936 3167 1132 3254 amabiles
1170 3167 1231 3251 illi
1269 3167 1441 3254 luissent
1478 3167 1531 3252 ad
1572 3194 1663 3278 per·
1833 3257 1837 3264 ,

248 3299 451 3408 dolendas,
483 3303 517 3386 si
544 3304 650 3387 vires
678 3301 738 3385 illi
757 3301 959 3385 adessent.
1017 3301 1070 3384 m
1085 3299 1235 3384 iterum
1258 3305 1431 3410 possunt
1458 3296 1663 3386 contraria

245 3432 331 3518 sine
376 3433 483 3518 dura
527 3462 632 3538 esse,
684 3461 721 3518 v.
761 3459 823 3543 gr.
866 3431 1052 3543 quamvis
1094 3430 1182 3514 lere
1223 3435 1288 3515 est
1325 3457 1434 3538 opus
1475 3429 1528 3514 ad
1561 3457 1661 3546 pcr-

244 3564 461 3672 ugendum,
493 3571 629 3652 mareu
658 3564 755 3676 quia
784 3591 933 3673 pravae
961 3561 1185 3646 voluntatis
1215 3560 1278 3646 rel
1307 3559 1660 3672 pusillanimitatis

248 3699 320 3802 cat,
350 3695 473 3780 etiam
503 3696 602 3781 levia
632 3695 864 3781 obedientia
892 3692 1099 3779 contraria
1128 3691 1187 3775 illi
1219 3695 1294 3777 est.

310 3881 313 3886 -
356 3825 575 3934 Irroyutia
605 3826 633 3912 i.
662 3855 696 3912 e.
727 3825 853 3910 illatis
883 3824 947 3913 rel
976 3822 1108 3909 laclia.

354 3957 573 4068 Sequltnrr
614 3954 712 4042 Nou
747 3955 943 4068 lassescat
969 3950 1029 4037 vel
1066 3951 1258 4039 discedot.
1316 3949 1429 4036 Istud
1467 3947 1697 4036 lassescat.

243 4089 275 4173 si
305 4089 355 4173 ad
386 4113 534 4197 corpas
562 4089 757 4189 refertur,
796 4084 934 4172 nullus
963 4082 1043 4166 luit
1071 4081 1321 4181 nrormclms.
1359 4108 1434 4166 uec
1461 4087 1546 4184 est,
1585 4111 1660 4170 nec

242 4220 341 4324 erit,
381 4217 454 4330 qui
494 4219 572 4305 lroc
610 4215 833 4303 secundnm
869 4242 1018 4326 corpus
1060 4212 1190 4325 possit
1230 4213 1419 4322 implere,
1461 4239 1510 4296 eo
1549 4213 1658 4322 quod
1786 4285 1791 4297 .

244 4350 380 4435 nullus
408 4355 470 4435 est
497 4349 636 4452 homo,
664 4347 734 4460 qni
764 4347 809 4432 in
839 4346 927 4457 ipsa
948 4345 1195 4450 obedientia,
1224 4344 1257 4428 si
1288 4343 1492 4428 laboriosa
1520 4341 1655 4443 faerit,
1712 4355 1715 4361 ’
1779 4419 1789 4440 ,.

247 4507 328 4564 non
357 4481 550 4566 lassescat
589 4485 631 4564 et
658 4479 713 4564 ad
751 4482 914 4589 tempus
942 4477 1043 4563 uelit
1080 4475 1349 4588 requiescam
1391 4499 1440 4560 ac
1476 4501 1550 4585 per
1577 4473 1656 4559 hoc

244 4639 404 4698 uacasse
433 4617 507 4714 est,
535 4615 583 4694 ut
611 4606 720 4694 istud
750 4606 945 4696 lassescat
962 4607 1025 4722 acl
1044 4607 1220 4692 animam
1244 4605 1457 4722 referatur,
1490 4631 1571 4690 non
1602 4603 1655 4688 nd

34 4694 38 4749 ι’
144 4813 157 4831 ,
242 4768 402 4852 corpus,
431 4740 529 4853 quia
556 4739 764 4851 perlectus
792 4737 1027 4843 monachus,
1056 4738 1155 4823 licet
1177 4737 1351 4823 lassatur
1378 4761 1549 4846 corP⁰i⁰
1578 4763 1654 4844 Pl⁰
1722 4829 1724 4834 -
1806 4809 1819 4833 .
1890 4717 1894 4728 i

241 4871 480 4983 fragilitate,
502 4877 639 4957 tamen
659 4899 820 4984 semper
837 4875 975 4956 mente
995 4868 1199 4956 desiderat
1215 4868 1400 4979 implere.
1456 4863 1657 4952 Discedut

240 5031 335 5091 vcro
364 5009 407 5090 at
436 5004 487 5090 ad
518 5030 666 5116 corpus
695 5003 848 5090 attinet
875 5008 919 5090 et
946 4999 1145 5104 animam
1175 5023 1269 5088 narn
1295 5003 1433 5112 potest
1460 4997 1656 5122 lassescat

245 5193 327 5206 mn
339 5193 505 5209 “OQ-—

245 5313 249 5328 ·
331 5289 359 5384 ¹)
380 5285 603 5366 uoluntarius
625 5289 681 5363 ast
702 5271 763 5380 (l).¹
