3994 5770
265 251 345 340 196
393 379 398 389 Ι
931 248 1020 346 capt
1040 247 1087 326 V.

172 463 176 470 ·
260 467 411 571 amesa,
453 461 551 579 qun
580 421 623 554 ’.ι
661 467 887 582 crannus
912 467 1189 562 obedientiam
1227 472 1452 586 majorem·
1493 475 1699 586 praeno,

123 673 125 678 .
228 662 232 674 .
266 599 356 687 Deo
384 598 500 722 illam
528 599 716 700 exhibet3
757 605 802 688 et
834 601 930 690 ideo
958 630 1042 688 non
1082 601 1206 690 debet
1242 604 1479 694 accredere
1518 603 1676 692 homiui

64 843 68 852 Ι
169 783 171 788 -
260 732 427 818 obedire
448 730 520 818 sed
548 729 651 846 Deo,
675 739 723 818 ut
748 762 832 823 nou
853 733 993 848 tepide
1009 738 1084 820 aut
1101 734 1218 822 tarde
1237 740 1313 823 aut
1329 736 1491 850 trepide
1504 738 1569 824 nol
1582 765 1674 825 curu

262 892 474 952 murmure
501 863 587 957 sire
614 891 707 952 cnm
729 895 933 978 responso
971 867 1154 952 uolentis
1192 867 1231 954 ei
1258 867 1446 974 obediat,
1484 871 1556 958 sed
1583 897 1676 958 cnm

93 1048 97 1056 -
260 995 405 1082 obedit
431 997 614 1101 bomini,
657 997 748 1084 Deo
775 1027 820 1085 se
859 998 1002 1084 credat
1040 998 1228 1106 obedire,
1266 1005 1311 1085 et
1345 1005 1565 1113 propterea
1592 1030 1677 1089 non
1763 1065 1768 1074 .

212 1219 215 1226 ,
259 1127 384 1214 debet
411 1157 498 1242 esse
525 1131 646 1241 piger
685 1132 739 1216 ud
777 1130 1071 1236 obediendum,
1112 1127 1224 1242 quin¹
1248 1135 1380 1245 major
1418 1162 1573 1220 merces
1600 1141 1676 1226 est.

51 1271 57 1284 ·
109 1263 113 1272 '
212 1335 215 1338 .
260 1257 316 1342 Et
352 1254 455 1346 adeo
494 1261 618 1348 debet
661 1262 779 1346 illum
818 1261 967 1348 leniter
1006 1261 1241 1350 admonere.
1312 1265 1538 1379 Postquam
1579 1296 1680 1372 nero⁴
1724 1303 1727 1312 ¹

258 1419 338 1474 coo
308 1391 523 1502 garoverit,
566 1391 677 1502 ejus
695 1393 875 1478 animum
921 1399 1010 1479 csse
1050 1393 1268 1538 devotum,
1309 1401 1410 1484 tunc
1450 1399 1574 1484 debet
1611 1399 1693 1484 illi·

261 1525 477 1638 imperare,
505 1529 553 1608 ut
581 1525 812 1610 lucrifaciat
839 1553 944 1612 eum

370 1653 587 1765 Sequitur.
628 1634 729 1762 anac
755 1651 863 1742 enim
890 1656 1020 1742 dicit:
1063 1656 1142 1764 Qui
1169 1683 1240 1744 coc
1279 1660 1418 1762 anau,
1456 1685 1521 1744 me
1546 1662 1676 1750 credit.

261 1785 344 1872 Istc
373 1815 513 1871 versus
541 1789 727 1898 superius
756 1791 957 1872 tractatus
984 1792 1060 1872 est.
1220 1781 1228 1794 ⁸

370 1917 588 2026 Sequitur.
631 1915 688 2000 Et
714 1941 819 2002 ιιιιιι
858 1915 960 2000 borao
997 1917 1135 2004 animo
1172 1945 1201 2002 o
1235 1919 1451 2024 discipulis
1481 1919 1677 2026 melam

256 2055 420 2154 oportet.
480 2048 633 2134 lteddit
660 2076 845 2152 causam,
888 2051 1050 2156 qnare?
1088 2077 1182 2135 cum
1218 2049 1343 2135 dicit:
1381 2051 1479 2160 quia
1504 2049 1703 2136 ditarem

259 2178 367 2264 enim
394 2179 576 2266 doctorem
602 2180 739 2290 ditiyit
761 2176 889 2264 Dens.
948 2179 1052 2264 (lum
1076 2179 1178 2268 dicit
1197 2179 1403 2288 meoet,
1430 2182 1678 2266 subaudieui

122 2397 126 2404 ,
260 2313 358 2395 dum
380 2314 463 2396 est:
493 2311 740 2397 obedientia.
799 2309 914 2395 lstud
934 2312 1057 2415 enirn,
1086 2312 1198 2423 quod
1221 2311 1347 2397 dicit:
1373 2312 1547 2398 iailurem
1568 2313 1676 2398 enaim

259 2443 439 2528 «lotorem
468 2440 602 2552 diiiqit
636 2441 775 2546 Deus,
821 2441 970 2526 Paulus
1003 2443 1215 2552 apostolus
1253 2441 1359 2528 dixit
1392 2441 1444 2526 dc
1469 2441 1564 2544 illo,
1603 2444 1675 2552 qui

259 2572 562 2682 eleemosynam
603 2572 751 2656 tribuit
790 2576 876 2655 taur
916 2571 1122 2656 carnalem
1158 2572 1244 2658 siro
1279 2571 1404 2656 etiam
1431 2571 1674 2682 spiritalem.

259 2703 340 2789 Sed
368 2703 417 2792 B.
456 2703 705 2788 Benedictus
743 2703 860 2813 quasi
900 2701 1103 2789 violenter
1140 2703 1221 2789 boc
1258 2703 1312 2788 ad
1350 2730 1469 2790 suum
1509 2731 1674 2788 sensum

156 2927 166 2946 ,
257 2835 401 2938 trahit,
430 2863 524 2920 cnm
552 2833 604 2919 de
634 2833 835 2944 discipulo
859 2833 962 2918 dicit
986 2833 1161 2920 hilarem
1193 2835 1387 2938 datmcrm
1416 2834 1496 2924 ie.
1517 2833 1671 2920 laetum

159 3067 162 3074 Δ
257 2965 529 3055 obedientem
570 2963 822 3056 Secundum
850 2993 947 3052 vero
975 2993 1140 3051 sensum
1170 2966 1288 3052 Pauli
1315 2967 1493 3078 apostoli
1520 2965 1673 3051 attinet

257 3096 310 3179 ud
338 3096 595 3200 abbatems
583 3125 610 3182 1.
640 3125 675 3182 c.
705 3101 753 3180 nt
779 3096 967 3183 hilariter
993 3097 1143 3182 debeat
1168 3098 1316 3214 docere
1343 3125 1439 3183 suos
1464 3097 1674 3185 auditores
1727 3175 1733 3190 .

257 3234 301 3312 et
341 3228 399 3312 eis
438 3255 511 3312 sua
549 3255 668 3313 neces
670 3227 777 3313 saria
812 3226 1017 3314 laetanter
1052 3227 1246 3314 tribuere.
1301 3203 1534 3312 &undum
1573 3256 1691 3321 nero.

173 3423 180 3472 ·.
258 3357 468 3442 Benedicti
497 3353 658 3442 sensum
688 3359 842 3442 attinet
869 3358 922 3442 ad
960 3357 1204 3460 monachos,
1246 3357 1352 3442 sicut
1379 3358 1582 3462 diximus,
1623 3335 1672 3442 dt

256 3485 481 3571 unornachus
509 3487 619 3572 lueto
646 3487 785 3573 animo
824 3487 973 3572 debeat
1005 3486 1281 3572 obedientiam
1316 3487 1457 3572 abbati
1486 3516 1562 3574 suo
1600 3515 1672 3572 er·

256 3616 410 3702 hibere.
467 3615 576 3702 Sunt
601 3616 712 3703 enim
740 3617 873 3720 multi,
902 3617 988 3728 qui,
1017 3644 1109 3703 cum
1138 3615 1356 3719 obediunt,
1393 3616 1502 3703 tristi
1531 3617 1670 3702 auimo

196 3799 210 3810 -
257 3747 468 3850 obediunt,
500 3754 544 3833 et
569 3752 669 3832 snut
696 3747 780 3854 alii,
808 3749 894 3859 qui,
924 3775 1017 3832 cum
1035 3745 1248 3852 obediunt,
1277 3746 1387 3834 lacto
1415 3749 1554 3835 animo
1573 3749 1671 3837 obe·

256 3879 388 3968 diunt.
445 3879 525 3964 Sed
554 3879 740 3990 quamvis
769 3879 830 3964 illi
858 3910 951 3966 cum
973 3880 1097 3983 lucto,
1125 3886 1169 3966 et
1194 3879 1256 3964 illi
1277 3909 1370 3966 cum
1389 3881 1510 3964 tristo
1533 3880 1670 3965 animo
1727 3987 1733 3996 ι

257 4011 474 4116 obediant,
514 4016 654 4096 tumen
682 4040 828 4123 purum
857 4012 1052 4099 mercedis
1080 4011 1230 4098 exinde
1255 4013 1497 4124 acquiruut3
1538 4039 1575 4097 r.
1605 4039 1670 4120 gr.

254 4173 346 4230 cum
387 4147 486 4227 sunt
522 4144 647 4248 tales,
691 4145 762 4254 qui
801 4145 1021 4257 gaudendo
1059 4143 1112 4230 ad
1138 4143 1430 4258 ¹obedientium
1469 4143 1670 4255 coquinae
1816 4251 1818 4256 Ι

121 4325 126 4338 ·
256 4275 425 4378 uadunt,
455 4278 498 4358 et
527 4275 618 4362 ideo
647 4278 845 4390 gaudent,
873 4279 971 4389 quin
997 4281 1120 4362 antea
1148 4282 1268 4362 erant
1290 4275 1480 4376 districti,
1509 4283 1669 4362 utnon

23 4399 27 4408 ’
254 4407 533 4519 loquerentur,
556 4437 662 4517 quae
677 4409 983 4510 voluissent,‘et
1000 4437 1086 4495 non
1101 4408 1395 4516 ambulassent,
1421 4435 1504 4518 quo
1519 4409 1670 4494 voluis·

95 4519 98 4526 ⁴
253 4543 359 4642 sent,
381 4541 425 4622 et
437 4540 580 4647 postea
595 4539 809 4623 occasione
827 4537 1107 4625 hebdomadae
1121 4541 1348 4648 loquuntur
1361 4538 1668 4648 perclamtrum
1797 4527 1799 4531 ’

254 4672 297 4753 ct
324 4669 482 4754 vadunt
508 4668 553 4753 in
581 4667 761 4758 bortum.
811 4666 867 4752 Et
885 4675 984 4752 sunt
1010 4669 1094 4776 alii,
1122 4671 1305 4781 quicum
1335 4668 1546 4782 accipiunt
1571 4669 1670 4753 obe-

252 4801 453 4886 dientium
468 4801 666 4912 coquinae
681 4800 745 4886 vel
770 4806 881 4886 certe
900 4801 1054 4887 servire
1068 4803 1256 4907 infirmis,
1285 4803 1383 4916 quic
1406 4803 1669 4889 considerant
1715 4879 1717 4884 .

253 4931 436 5018 laborem
465 4931 587 5043 hujus
614 4933 886 5036 obedientiae,
915 4933 1009 5019 ideo
1037 4935 1304 5040 tribulantur,
1332 4940 1376 5018 et
1400 4934 1456 5020 ob
1480 4933 1560 5019 hoc
1584 4962 1666 5018 nou

186 5155 194 5172 ,
253 5066 316 5146 est
345 5065 526 5174 perfectu
555 5064 790 5152 obedientia
817 5064 998 5154 illorum.
1055 5065 1163 5150 Vide
1190 5067 1328 5172 ruodo,
1359 5067 1458 5177 quia
1484 5096 1559 5152 nec
1588 5067 1669 5151 illis

252 5201 315 5320 est
344 5197 539 5284 mercedis
567 5198 789 5310 perfectio,
829 5199 900 5308 qui
929 5199 1131 5312 gaudent,
1172 5229 1248 5288 uec
1286 5199 1396 5302 istis,
1437 5200 1508 5310 qni
1537 5199 1662 5284 tribu·

281 5357 286 5368 ·
773 5345 797 5400 e

1875 1645 1885 1779 ἕ

1871 1751 1992 1987 ἓ

1875 2523 1890 2726 i.

1875 2894 1886 2949 l
