3974 5778
804 213 807 220 ’
865 215 948 306 Cap.
973 213 1067 288 xxl.
1588 223 1668 306 325
1829 209 1831 212 ’

257 443 381 544 'ereptor
408 433 601 520 decanias
630 459 749 538 snas,
790 433 832 518 in
863 433 941 518 ista
969 431 1211 526 discretione
1243 437 1325 521 duo
1354 438 1669 546 intelliguntur:

261 569 448 652 voluntas
477 565 633 650 scilicet
660 569 704 650 et
725 564 918 650 discretio
945 563 1265 676 inprovidendo
1286 567 1392 656 aliis.
1436 567 1543 652 Naar
1571 559 1685 653 errat
1854 557 1857 563 ¹

262 699 341 802 alii,
371 699 442 808 qui
471 697 616 782 rolant
644 696 745 782 alios
769 684 934 807 jurare,
964 695 1212 800 sedamen,
1251 699 1347 810 qnia
1374 697 1562 784 nesciunt
1589 699 1669 784 dis·

260 829 492 928 cretionem,
521 827 626 912 nihil
654 826 890 936 proficiunt.
947 826 1003 912 Et
1030 834 1127 913 sunt
1153 829 1242 934 alii,
1282 831 1352 939 qni
1382 827 1667 914 discretionem
1711 859 1713 864 ·

261 964 407 1048 bonam
436 957 605 1060 habent,
634 961 703 1046 sed
729 967 867 1045 tamea
897 987 978 1044 non
999 959 1305 1046 sunt‘ardentea
1333 961 1377 1044 et
1393 959 1667 1060 desiderantes

258 1091 299 1176 in
328 1088 515 1200 proiecta
543 1089 731 1177 aliorum.

365 1220 576 1331 Sequitur:
618 1221 663 1306 in
692 1219 876 1305 orrerribns
903 1219 1121 1305 sectandam
1149 1219 1346 1306 nrorrdato
1376 1220 1459 1305 Dei
1486 1226 1522 1304 et
1542 1247 1667 1326 prrae-
1721 1281 1733 1338 3
1855 1319 1858 1326 .

258 1357 368 1460 cepto
404 1349 562 1436 obtatis
596 1351 675 1440 sni.
743 1351 855 1435 Bene
895 1349 1001 1436 dixit
1043 1348 1239 1434 sitanstetn
1274 1349 1375 1454 Dei,
1417 1379 1470 1434 ne
1504 1355 1665 1435 tantam
1803 1396 1807 1404 =

239 1483 371 1594 vjuxta
411 1478 603 1565 nrandata
641 1477 802 1564 abbatie
840 1485 1034 1586 sperant,
1077 1483 1120 1562 et
1158 1507 1241 1564 non
1277 1479 1367 1564 Dei.
1424 1479 1532 1565 Naar
1557 1488 1669 1570 ‚sunt
1803 1513 1808 1528 ·

258 1609 386 1713 multi,
417 1609 487 1719 qni
512 1609 588 1696 Dei
618 1609 813 1696 mandata
841 1607 1183 1720 parvipendentes
1212 1638 1286 1694 sua
1309 1610 1503 1694 :nandata
1522 1609 1668 1696 volunt

259 1740 462 1852 perficere.
521 1739 576 1824 nt
619 1739 768 1826 iterum
807 1727 910 1824 bo'ne
948 1740 1053 1823 dixit
1091 1745 1128 1824 et
1156 1747 1376 1848 pnaceoprtu
1404 1739 1562 1826 addatis
1590 1739 1666 1844 sni,

257 1899 307 1954 ne
333 1870 556 1955 secundnm
586 1869 748 1954 libitum
776 1898 895 1956 suum
931 1871 1155 1982 quidquam
1193 1872 1375 1981 agerent.
1434 1867 1541 1954 Nam
1571 1877 1669 1954 sunt

256 2001 336 2104 alii,
368 1998 437 2110 qni
467 2029 560 2086 cum
589 2001 786 2088 honorem
819 2002 881 2087 vel
909 2007 1156 2112 potestatem
1186 1999 1407 2110 accipiunt.
1437 2001 1587 2087 nolunt
1614 2001 1666 2085 ad

255 2129 468 2240 imperium
499 2131 671 2216 aliorum
709 2159 850 2242 agere,
883 2134 959 2218 'sed
996 2133 1221 2218 secundum
1252 2131 1507 2216 volantatem
1537 2158 1665 2218 snum.
1730 2207 1734 2219 .

258 2259 312 2344 Et
347 2265 587 2372 propterea,
629 2291 681 2347 ue
720 2261 1066 2374 parvipenderent
1107 2265 1300 2372 mandata
1330 2261 1405 2348 Dei
1436 2267 1478 2343 et
1507 2258 1666 2343 obtam-

256 2395 445 2500 perarent
474 2390 656 2501 imperiis
684 2389 747 2476 sui
785 2392 968 2499 abbatie,
1008 2393 1112 2478 dixit
1151 2393 1234 2478 Dei
1240 2423 1255 2498 ;
1295 2395 1337 2475 et
1365 2419 1417 2476 ne
1448 2388 1524 2473 Dei
1553 2415 1668 2473 nmn·
1778 2464 1783 2476 .

149 2597 151 2602 .
256 2519 358 2604 datis
399 2519 728 2633 obtemperantes
769 2526 1084 2609 contemnerent
1124 2527 1343 2634 praecepta
1385 2519 1546 2605 abbatis
1590 2519 1665 2623 sni,
1769 2629 1773 2636 Ι

114 2641 118 2652 ’
252 2649 464 2758 subjunxit
500 2657 536 2738 et
565 2659 784 2758 praecepta
813 2649 973 2737 obtutis
999 2655 1078 2740 snt
1134 2653 1228 2739 Jam
1261 2676 1356 2739 vero
1386 2651 1420 2736 si
1448 2655 1667 2760 praecepta

253 2781 413 2866 abbatis
450 2813 475 2868 a
513 2783 716 2867 mandatis
746 2781 822 2869 Dei
864 2783 1094 2870 discordare
1125 2783 1337 2888 ridentur,
1379 2788 1479 2868 tunc
1515 2780 1666 2866 debent

254 2913 576 3026 praeponderare
606 2943 790 3017 causam,
821 2914 927 3000 sicut
954 2915 1137 3026 superins
1164 2915 1340 3000 diximus
1366 2916 1410 3000 in
1437 2911 1531 3003 IV.⁰
1556 2913 1665 3022 capi·

150 3081 153 3089 ·
252 3042 352 3128 talo.
411 3043 457 3128 ln
496 3045 574 3129 hoe
611 3045 701 3130 ioco
730 3043 1134 3132 animadvertendam
1165 3051 1249 3149 eet,
1289 3045 1385 3156 quia
1413 3073 1483 3130 nex
1511 3043 1665 3154 species

253 3174 505 3283 quaerendae
535 3181 632 3261 sunt
661 3177 703 3260 ia
734 3175 896 3260 (tecuitis
919 3176 1041 3288 juxte
1070 3176 1148 3262 hoc
1177 3175 1422 3288 capitulum:
1457 3173 1589 3284 prima
1617 3178 1664 3256 ut

252 3303 349 3388 boni
379 3305 605 3392 testimonii
633 3306 728 3410 siut,
750 3305 784 3393 i.
810 3333 844 3391 e.
873 3304 1057 3393 aflbbiles
1086 3313 1128 3391 et
1154 3305 1371 3421 amabiles:
1397 3303 1587 3405 secanda,
1619 3306 1665 3386 nt
1821 3317 1832 3346 ⁵

252 3435 430 3521 habeant
444 3435 594 3522 bonam
611 3443 653 3523 et
667 3443 850 3522 sanctam
866 3438 1236 3538 consternationem
1262 3435 1397 3542 tertia,
1416 3438 1463 3519 nt
1475 3434 1663 3518 ardentes

249 3568 332 3651 sint
355 3569 399 3654 iu
421 3573 608 3680 profectu
631 3569 883 3666 animarum:
914 3573 1074 3676 quarta,
1105 3574 1151 3651 ut
1171 3567 1457 3653 discretionem
1485 3562 1665 3648 habeant

249 3699 290 3781 ia
319 3699 578 3808 corripiendo
606 3705 650 3786 et
677 3697 954 3816 admonendo:
985 3699 1142 3808 quinta,
1173 3704 1221 3783 nt
1250 3697 1326 3782 Dei
1355 3693 1562 3781 mandetis
1590 3693 1662 3778 ob·
1761 3779 1770 3801 Δ,

248 3832 514 3940 temperando
542 3834 761 3942 praecepta
788 3829 950 3914 abbatie
977 3830 1038 3915 sui
1066 3858 1151 3914 noa
1177 3829 1457 3932 contemnant,
1487 3824 1528 3910 h.
1559 3852 1595 3915 e.
1617 3831 1664 3906 ut

249 3987 331 4046 non
361 3989 580 4072 persuum
609 3963 775 4048 libitum
804 3961 960 4074 aliquid
989 3962 1161 4062 faciant,
1191 3961 1268 4044 nisi
1297 3959 1404 4044 sient
1431 3959 1484 4043 ab
1512 3955 1662 4042 abbate
1798 4075 1801 4081 Δ
1909 3977 1915 3988 ·

249 4091 304 4174 eis
327 4091 558 4202 injunctum
581 4093 728 4194 fuerit:
758 4098 885 4196 sexta,
915 4100 961 4176 ut
989 4092 1227 4178 obedientes
1248 4081 1415 4176 abbatis
1433 4089 1663 4200 praeceptis

139 4205 142 4212 ¹
249 4219 324 4307 Dei
354 4223 552 4310 mandata
571 4255 654 4311 non
677 4225 905 4336 negligant.
963 4219 1028 4308 illi
1048 4224 1158 4308 enim
1179 4222 1323 4310 decani
1344 4211 1524 4331 eligendi
1551 4223 1660 4319 surm,
1790 4285 1793 4290 .

175 4359 178 4366 '
247 4354 315 4463 qni
345 4353 445 4441 haee
474 4384 543 4442 sex
573 4359 683 4443 bona
712 4355 888 4458 habent:
927 4361 970 4441 et
997 4353 1032 4441 ei
1062 4385 1145 4442 non
1175 4355 1364 4440 inventus
1400 4351 1547 4453 fuerit,
1592 4349 1660 4462 qui
1705 4340 1709 4347 ’

246 4485 346 4572 haec
373 4491 513 4574 omnia
540 4488 752 4592 hebuerit,
795 4479 901 4574 sicut
935 4487 1013 4572 boc
1042 4487 1267 4597 capitatam
1297 4483 1420 4587 dicit,
1462 4481 1661 4569 creandus
1690 4573 1702 4606 .‚

247 4619 322 4729 est,¹
347 4619 374 4704 i.
406 4647 441 4709 e.
471 4621 524 4706 ab
552 4620 706 4708 abbate
734 4617 942 4706 docendas
971 4623 1013 4704 et
1042 4617 1322 4705 admonendus
1351 4621 1425 4703 est.
1677 4633 1694 4688 ι·

312 4763 313 4768 '
355 4747 571 4864 Sequitur:
604 4752 682 4860 ani
709 4751 852 4838 decant
880 4749 983 4836 tutes
1010 4748 1223 4861 eliquatur,
1251 4748 1294 4833 in
1324 4745 1467 4855 quibas
1495 4735 1661 4831 scedras

244 4882 370 4970 ottae
395 4883 608 4990 partiatur
634 4905 758 4970 cana
785 4908 883 4992 sna,
923 4888 960 4968 et
994 4905 1082 4991 nort
1115 4878 1316 4990 etipnrrtnr
1346 4902 1427 4984 per
1459 4875 1654 4981 ordirnnr,
1871 4966 1875 4975 ,

243 5012 317 5100 sed
336 5017 554 5102 scenendune
576 5011 681 5100 vitoe
696 5013 882 5100 :inritum
903 5019 941 5102 et
964 5011 1191 5119 sapientiae
1215 5007 1455 5097 doctrinam.
1497 5005 1661 5095 Notan-
1741 5025 1751 5038 '
1888 5013 1893 5022 '

231 5143 339 5229 'dum
369 5148 433 5231 est
460 5143 594 5250 enirn,¹
629 5143 726 5258 qnia
753 5145 798 5231 in
827 5175 875 5233 eo
904 5143 1015 5256 qnod
1045 5143 1169 5229 dixit:
1212 5141 1413 5252 stipantur
1439 5137 1584 5227 decurri
1611 5138 1661 5224 de
1765 5163 1769 5174 ’
