3934 5762
48 279 57 292 ’
225 307 255 394 8
473 357 479 368 ·
792 255 1061 397 ‘'mrm'
1209 351 1212 360 ·

86 524 98 541 “
227 519 363 624 multi,
399 520 472 632 qui
500 548 605 632 opus
634 519 714 610 sibi
741 521 976 634 injunctum
1006 507 1091 609 nou
1119 521 1355 626 efficaciter,
1392 519 1529 611 idest
1553 528 1645 611 rtu-

230 650 344 750 diosu
368 650 436 736 rel
463 651 644 762 perfecte
670 652 892 772 complent,
930 655 1151 764 propterea
1176 653 1265 740 dixi
1289 654 1382 760 tibi,
1423 652 1647 742 efficaciter

136 795 140 803 '
162 851 166 858 .
230 778 449 893 complere,
474 784 529 884 -ut
549 809 633 867 nou
652 781 791 891 tepide
808 783 884 867 eut
901 779 1165 894 negligenter
1181 783 1402 895 compleas.
1441 781 1647 894 Egregius

230 912 341 996 enim
369 910 506 998 estin
534 908 736 998 hocloco
764 910 891 1010 ordo;
932 909 1027 996 idea
1061 913 1173 996 enim
1206 917 1271 998 est
1306 917 1510 1026 egregius,
1548 915 1665 1026 quis.

232 1041 348 1153 prino
390 1041 530 1135 docuit
567 1039 747 1126 libenter
784 1039 997 1150 excipere,
1039 1048 1085 1127 et
1122 1043 1388 1154 postmodnm
1426 1045 1647 1130 efficaciter

228 1171 447 1285 complere
1589 1205 1596 1216 ·

157 1335 159 1340 ·
341 1299 466 1387 Nunc
493 1299 615 1417 quusi
638 1304 687 1386 tu
713 1306 790 1386 eut
815 1250 977 1410 uliduis
1005 1305 1074 1387 eui
1096 1245 1198 1388 baec
1225 1302 1493 1415 imperentur,
1519 1303 1648 1390 inter·
1737 1379 1738 1382 a
1862 1324 1867 1329 ”
1956 1273 1957 1366 Ὗ

170 1539 173 1546 Ι
231 1437 419 1542 rogasset
457 1430 572 1516 illum
611 1429 777 1518 dicens:
820 1431 910 1530 Qua
939 1430 1076 1526 fructu
1102 1437 1177 1517 ent
1203 1463 1286 1546 que
1313 1435 1486 1536 ratione,
1529 1437 1649 1546 poter

108 1543 118 1564 ‘
232 1555 479 1664 Benedicte‚
513 1560 636 1671 jubes
664 1588 730 1646 me
756 1557 817 1645 ito
843 1587 976 1670 cgere,
1016 1561 1059 1645 id
1086 1567 1150 1646 est
1177 1562 1357 1649 libenter
1382 1567 1647 1676 praeceptum

230 1690 363 1801 patrio
390 1689 578 1810 excipere
605 1701 650 1778 et
676 1690 899 1776 efficaciter
926 1692 1161 1802 complere?
1199 1695 1336 1780 reddit
1361 1721 1539 1798 cenmm,
1567 1721 1649 1803 qua

231 1811 422 1909 hortetur
448 1822 550 1908 baec
577 1850 713 1934 agere,
741 1820 858 1934 quusi
887 1821 1020 1944 dicet:
1048 1825 1125 1909 Vis
1152 1825 1269 1931 scire,
1297 1854 1381 1935 quo
1409 1827 1549 1912 fructu
1577 1830 1651 1913 cut

230 1981 313 2067 qun
340 1954 516 2056 ratione,
545 1955 619 2060 fiii,
646 1955 708 2039 ite
734 1954 828 2039 dico
856 1952 935 2038 tibi
962 1959 1115 2068 egere?
1159 1956 1259 2045 Ideo
1287 1961 1331 2044 te
1358 1985 1522 2062 manea,
1549 1957 1650 2044 boec

232 2114 368 2199 agere,
387 2091 432 2170 nt
458 2085 516 2200 ad
542 2113 633 2172 enm
655 2113 734 2193 per
760 2083 1008 2170 obedientiae
1036 2086 1213 2176 laborem
1240 2090 1398 2194 redeas,
1427 2075 1559 2198 cono
1573 2116 1653 2196 per·

52 2321 62 2334 ,Ι
164 2201 168 2210 ’
231 2217 523 2305 inobedientiae
548 2219 752 2306 desidiam
779 2244 1019 2309 recesseras.
1060 2220 1169 2306 Sunt
1197 2222 1307 2308 enim
1334 2225 1468 2310 multe
1485 2224 1577 2309 loen
1605 2225 1650 2308 in

233 2352 382 2439 divinis
408 2352 637 2464 scripturis,
668 2352 712 2437 in
742 2351 891 2462 quibus
928 2357 1030 2438 nota
1057 2381 1233 2466 persons
1259 2355 1549 2441 manifestetur
1575 2384 1651 2468 per

56 2523 63 2536 ·
155 2549 157 2553 >
233 2512 462 2597 pronomen
490 2486 534 2568 et
551 2482 758 2586 officium,
788 2482 916 2566 vetuti
939 2488 1004 2568 est
1025 2483 1069 2568 in
1084 2484 1165 2571 hac
1182 2487 1287 2590 loeo,
1316 2515 1410 2572 cum
1424 2487 1525 2573 dicit
1546 2514 1699 2576 enno

235 2615 342 2702 Ecce
369 2640 459 2698 enm
484 2641 709 2722 pronomen
738 2617 801 2698 est
828 2612 1047 2699 relativum
1075 2621 1119 2700 et
1142 2621 1325 2729 positum
1350 2618 1521 2704 estsine
1538 2647 1657 2728 prae·

236 2743 429 2830 missione
467 2742 659 2832 nominis.
715 2743 795 2828 Sed
825 2745 1010 2852 quamvis
1038 2743 1088 2833 Β.
1120 2747 1367 2832 Benedictus
1405 2775 1490 2831 non
1519 2746 1655 2830 nomi·

235 2876 368 2960 nutim
401 2873 603 2958 indiceret
639 2899 866 2982 personum,
905 2877 958 2960 ed
986 2905 1111 2987 quum
1140 2877 1290 2964 debeas
1317 2877 1477 2980 redire,
1498 2881 1654 2962 tamen

234 3004 441 3118 quie-Dei
461 3032 636 3116 persana
660 3010 760 3090 nota
787 3010 850 3089 est
877 3007 1091 3112 omnibns,
1119 3006 1213 3092 ideo
1234 3008 1517 3093 manifestavit
1537 3008 1651 3092 iilum
1742 3031 1745 3040 ’

10 3153 20 3170 “
120 3221 127 3270 ·.
236 3138 314 3224 tibi
351 3166 427 3246 per
464 3162 692 3246 pronomen
730 3136 841 3220 istud
878 3139 1095 3223 relativum
1134 3143 1175 3224 et
1202 3167 1277 3250 per
1317 3139 1499 3224 officium
1538 3138 1655 3243 iliud,

122 3329 126 3348 .
240 3269 349 3380 quad
377 3267 612 3378 subjunxit:
641 3297 669 3352 a
695 3295 773 3374 poco
785 3295 865 3374 per
882 3267 1175 3356 inobedientiae
1202 3271 1403 3357 desidiam
1416 3296 1656 3379 recesseras.

238 3399 441 3488 Omnibus
479 3397 589 3484 enim
628 3404 773 3487 notum
812 3405 887 3504 est,
923 3401 1022 3512 qaia
1060 3430 1135 3513 per
1172 3401 1496 3490 inobedientium
1515 3431 1658 3502 ,reces-

238 3561 420 3617 seramus
448 3559 474 3614 c
503 3529 605 3615 Deo.

355 3663 480 3748 Nunc
522 3647 672 3746 iterum
709 3663 930 3749 videndum
958 3670 1043 3770 est,
1082 3695 1209 3779 quare
1236 3668 1278 3757 S.
1308 3666 1557 3754 Benedictus
1585 3667 1659 3752 ed·
1757 3771 1765 3792 ¹

241 3795 382 3908 junxit
409 3791 587 3878 laborent
614 3795 900 3882 obedientiae?
943 3797 1041 3882 ldeo
1066 3800 1177 3884 enim
1200 3797 1344 3911 junxit
1364 3798 1541 3884 laborem
1559 3799 1660 3884 obe-

247 3927 450 4030 dientiae,
494 3925 591 4036 quia
617 3928 837 4038 cognovit,
879 3959 963 4014 non
993 3960 1113 4042 posse
1140 3960 1229 4016 esse
1267 3931 1544 4015 obedientiam
1572 3930 1661 4014 sine

170 4075 175 4084 '
214 4059 397 4146 ‚lubere
457 4055 591 4142 Adam
629 4058 737 4143 enim
777 4065 896 4171 pater
932 4067 1073 4148 noster
1114 4089 1208 4146 eum
1237 4067 1344 4146 esset
1377 4061 1422 4145 iu
1458 4061 1662 4174 paradiso,

244 4190 382 4302 patuit
408 4190 497 4273 sine
533 4187 674 4274 labore
701 4189 977 4278 obedientiam
1007 4191 1095 4279 Deo
1136 4192 1355 4292 exhibere;
1398 4221 1473 4277 nos
1510 4218 1660 4276 veroa

127 4431 132 4440 Ι
246 4319 454 4405 contrario
490 4320 651 4429 expulsi
679 4322 731 4407 de
759 4324 947 4433 paradiso
987 4324 1103 4409 etin
1130 4323 1211 4410 bac
1238 4324 1405 4409 exilium
1434 4323 1547 4406 missi
1577 4349 1662 4405 nou

247 4478 465 4562 possumus
493 4452 751 4556 sine‘lubore
779 4453 1058 4539 obedientiam
1088 4454 1177 4542 Deo
1205 4453 1411 4544 exhibere.

131 4634 138 4657 .
176 4683 179 4690 Δ
274 4643 280 4656 .
361 4579 484 4666 Nunc
512 4579 661 4665 iterum
685 4583 903 4669 videndum
928 4590 1117 4696 est'qua
1136 4585 1298 4670 ratione
1312 4584 1453 4692 junxit
1473 4581 1516 4670 S.
1531 4581 1666 4666 Bene·

250 4715 385 4799 dietus
421 4712 724 4806 inobedientiae
764 4717 999 4804 desidiam?
1051 4717 1148 4802 Ideo
1180 4707 1324 4826 junxit
1359 4713 1666 4798 inobedientiae
1727 4707 1730 4712 ’

89 4837 119 4879 ’·
253 4845 462 4949 desidiam,
492 4847 591 4959 qnia
619 4851 827 4960 cognorit,
855 4848 1177 4937 inobedientiam
1205 4875 1290 4931 non
1316 4873 1435 4958 posse
1464 4873 1551 4932 esse
1578 4843 1691 4942 sine¹

176 4991 182 5001 ’
251 4981 419 5085 desidie,
448 5010 498 5067 eo
520 4982 631 5093 quod
660 4976 820 5069 desidia
850 4984 1004 5068 dictum
1035 4985 1098 5065 est
1125 4977 1241 5090 quasi
1270 4976 1472 5063 desinens.
1521 4976 1579 5059 Iit
1597 4973 1667 5058 ille

226 5119 312 5198 'est
346 5111 607 5215 inobediens,
650 5115 723 5227 qui
760 5115 912 5200 desinit
950 5114 1144 5226 implere,
1184 5109 1297 5222 quod
1324 5107 1403 5194 sibi
1430 5110 1664 5219 injunctum

248 5251 323 5334 est.
384 5245 487 5332 ltem
516 5246 814 5332 advertendum
838 5253 913 5349 est,
943 5245 1038 5356 quin
1062 5242 1105 5334 S.
1121 5241 1368 5376 Benedictus
1398 5243 1441 5326 in
1463 5241 1545 5325 boc
1572 5239 1666 5326 loco
