3994 5770
199 295 206 310 '
267 265 350 350 2³⁶
408 248 420 292 ¹
499 201 510 248 Ἀ
876 257 1068 350 capra

268 484 312 564 'ct
340 476 561 562 monadum
591 473 672 561 boc
692 476 907 569 saccatum
931 480 1070 585 potest
1087 485 1208 578 'esse,
1245 473 1581 586 investigandum
1609 483 1686 582 est,

268 635 374 718 cquae
410 605 487 690 sir·
503 605 697 692 nobilitas
735 603 813 690 Dei
855 611 900 689 et
937 603 1133 688 nobilitas
1178 585 1344 690 saeculi.
1361 605 1395 713 ¹)
1475 603 1685 691 Nobilitas

267 734 493 822 soeuudma
522 733 655 820 Deum
693 738 756 817 est
785 734 885 819 tides
913 732 1138 819 christiana
1172 740 1247 819 aut
1273 734 1453 844 aliquid,
1489 733 1601 846 quod
1629 735 1684 820 ud

136 911 146 932 ·
269 866 511 975 religionem
553 865 735 975 pertinet
773 864 980 964 dirinam;
1019 863 1214 950 nobilitas
1251 864 1402 950 saeculi
1441 869 1505 949 est
1542 863 1688 974 aliquis

202 1056 214 1064 ..
268 996 404 1084 honor
430 997 496 1079 vel
535 996 719 1103 officium
757 998 982 1097 saeculare,
1025 1024 1063 1085 r.
1092 1023 1157 1106 gr.
1185 996 1267 1080 utri
1289 995 1380 1107 quis
1408 996 1451 1078 in
1480 997 1523 1078 te
1551 1021 1688 1103 perse·

268 1126 412 1236 quitur
440 1125 665 1212 Christum,
680 1128 744 1212 vel
774 1129 895 1212 iidem
925 1133 1053 1228 taam,
1083 1129 1130 1211 tu
1158 1127 1283 1210 debes
1311 1124 1527 1210 ostendere
1553 1123 1688 1208 bono·'

268 1285 353 1341 rem
372 1257 542 1359 saeculi,
569 1286 692 1368 quem
712 1259 855 1360 habes,
882 1265 926 1342 et
944 1257 1052 1344 sicut
1074 1257 1118 1340 iu
1141 1261 1184 1341 te
1206 1255 1465 1366 persequitur
1477 1254 1685 1344 Christum

269 1388 333 1470 vcl
354 1387 482 1472 iidem·
502 1393 616 1472 taam
645 1393 720 1474 aut
737 1388 978 1498 religionem
999 1387 1233 1472 strictitatis
1250 1386 1371 1487 forte,
1401 1414 1523 1496 qaam
1549 1385 1685 1494 habes,

194 1509 200 1566 ·.
269 1545 374 1626 (qnae
402 1517 652 1628 intelligitur
679 1548 753 1629 per
777 1520 1041 1604 nobilitatem
1064 1517 1152 1621 Dei,
1182 1520 1227 1600 tn
1251 1517 1376 1600 debes
1404 1516 1464 1600 illi
1493 1518 1688 1627 praebere

268 1650 467 1732 bonorem
498 1652 562 1735 vel
591 1650 775 1736 oflicimu
804 1651 1023 1756 saeculare,
1052 1649 1163 1760 claud
1191 1645 1441 1756 intelligitur
1468 1676 1543 1758 per
1565 1649 1687 1734 uobi-
1732 1663 1735 1668 “

269 1779 428 1863 litatem
457 1781 632 1881 saeculi,
674 1783 746 1879 ut,
782 1781 889 1862 sicut
926 1783 968 1864 in
997 1787 1040 1864 te
1072 1778 1345 1863 corrmrnnitm
1363 1776 1590 1881 'Christum
1627 1779 1687 1864 ita

249 1911 394 1994 ⁴etiam
422 1910 618 1996 nobilitas
647 1917 719 1995 tna
747 1911 964 1996 saecularis
982 1910 1244 2022 despiciatur,
1271 1908 1378 1990 sicut
1403 1907 1553 1992 Paulus
1581 1909 1686 2020 legi·-

269 2045 341 2124 tur
381 2040 533 2128 iecisse.
601 2041 703 2126 cum
746 2044 854 2126 enim
896 2045 1178 2153 torqueretur,
1220 2040 1321 2122 ciris
1354 2064 1548 2122 rouromrs
1583 2067 1685 2144 serra,

108 2163 111 2170 ’
269 2169 386 2252 dixit.
431 2171 506 2256 Ille
534 2175 658 2272 euim,
688 2201 780 2256 cum
810 2172 927 2273 vidit,
955 2173 998 2254 in
1020 2199 1063 2254 se
1086 2172 1272 2280 persequi
1293 2170 1521 2272 Christum,
1549 2176 1686 2254 osteu-

144 2385 148 2392 ,
270 2299 332 2382 dit
361 2299 486 2383 etiarn
516 2301 763 2411 dignitatern
792 2302 963 2402 saccali,
1004 2306 1052 2387 ut
1088 2300 1196 2384 sicut
1229 2285 1290 2384 in'
1309 2329 1352 2384 se
1389 2300 1687 2410 despiciebatur

214 2533 220 2548 ·
269 2427 469 2533 Christus,
497 2430 569 2514 ita·
585 2437 628 2515 et
656 2431 873 2516 saecularis
900 2461 998 2515 snus
1026 2430 1173 2531 honor,
1201 2431 1273 2540 qui
1295 2458 1369 2539 per
1393 2431 1524 2514 civem
1554 2458 1687 2518 roma·

144 2634 148 2641 .
270 2585 368 2642 rrum
384 2558 645 2670 intelligitur,
674 2561 962 2671 despiceretur.
1005 2560 1101 2646 Non
1120 2562 1229 2645 euim
1249 2561 1418 2645 natione
1439 2564 1509 2646 sed
1530 2560 1688 2648 honore

267 2686 369 2772 civis
406 2718 599 2775 romanas
636 2695 747 2795 erat,
786 2719 836 2776 eo
875 2689 986 2802 qaod
1026 2695 1224 2800 captusa
1261 2693 1441 2776 romanis
1479 2687 1615 2776 iuerat
1642 2696 1687 2776 et

271 2820 450 2906 nutritus
478 2823 532 2906 ab
560 2822 643 2906 illis
670 2828 712 2907 ct
739 2821 794 2907 ab
822 2823 920 2932 ipsis
947 2821 1072 2908 etium
1102 2825 1282 2909 romanis
1307 2823 1456 2909 Paulas
1485 2821 1681 2909 honorem

200 2943 210 2963 ’
269 2958 510 3040 consecutus
551 2955 700 3049 furerat.
772 2953 1067 3041 Verumtamen
1111 2985 1195 3042 rron
1235 2984 1284 3041 ea
1321 2955 1556 3044 intentione
1593 2957 1685 3068 quis

44 3090 53 3111 ⁹
205 3089 207 3094 ’
269 3086 393 3172 debet
421 3115 496 3197 pro
525 3087 688 3176 Christo
715 3086 916 3174 bonorem
951 3117 1069 3174 suum
1106 3091 1160 3175 ad
1188 3088 1536 3175 contemnendum
1564 3081 1685 3202 pra'e·

269 3219 383 3324 bere,
422 3225 469 3304 ut
497 3221 661 3330 penitus
677 3220 907 3322 liberetur,
944 3223 1014 3305 sed
1043 3227 1113 3326 ut,
1152 3222 1186 3306 si
1214 3222 1267 3306 ad
1295 3226 1459 3334 tempus
1487 3222 1685 3308 liberatur

210 3430 215 3440 .
269 3379 344 3460 pro
371 3351 503 3436 salrrtc
543 3351 740 3452 aliorum,
785 3357 923 3436 tamen
961 3359 1129 3464 paratas
1170 3354 1228 3437 sit
1264 3381 1424 3462 semper
1465 3355 1569 3437 mori
1609 3383 1686 3467 pro

268 3484 450 3590 Christo,
492 3487 599 3571 sicut
625 3487 750 3570 etium
786 3485 872 3593 ipse
902 3481 1052 3569 Paulus
1089 3486 1208 3590 fecit,
1245 3487 1339 3597 qai,
1379 3486 1414 3570 si
1441 3487 1493 3570 ad
1517 3489 1686 3598 'tempus

268 3617 464 3700 liberatas
479 3623 542 3702 est
556 3646 678 3703 cansa
701 3615 845 3701 salutis
866 3616 1054 3720 aliorum,
1078 3621 1217 3702 tamen
1237 3647 1312 3727 pro
1326 3617 1490 3703 Christo
1510 3623 1684 3703 mortem

169 3787 174 3796 ·
268 3748 405 3837 subiit.
449 3747 557 3834 Nam
574 3752 738 3858 poterat
761 3753 862 3832 tunc
885 3748 1020 3832 dicere
1035 3747 1209 3834 Paulus:
1241 3749 1441 3834 Paratum
1456 3773 1525 3832 cor
1540 3773 1683 3850 urucae,
1732 3741 1743 3765 ⁶

269 3874 614 3984 Declamauerat
643 3903 712 3963 cor·
738 3900 878 3962 urrerem.
937 3878 1057 3978 Quod
1084 3879 1120 3961 si
1141 3877 1365 3962 secuudum
1394 3879 1557 3962 literam
1584 3877 1683 3963 velis

173 3991 180 4014 ¹
269 4009 513 4119 intelligere,
543 4013 570 4096 i.
598 4039 633 4096 e.
662 4009 714 4094 ad
743 4012 1064 4096 ostentationem
1095 4010 1242 4118 operis,
1277 4015 1321 4094 ct
1348 4036 1431 4094 non
1459 4007 1685 4093 secuudum

156 4224 161 4236 ,
267 4137 494 4246 spiritalem
523 4140 862 4252 intelligentiam,
906 4143 932 4229 i.
962 4170 998 4226 e.
1039 4141 1090 4226 ad
1129 4144 1485 4251 praeparationem
1524 4142 1685 4244 mentis,

269 4269 431 4353 ridetur
482 4271 634 4358 Paulus
683 4273 896 4384 apostolus
948 4273 1070 4385 hujus
1122 4272 1330 4383 praecepti
1381 4273 1686 4385 praevaricator

268 4405 464 4507 existere,
504 4405 574 4515 qui
614 4403 811 4517 tempore
842 4405 1134 4516 persecutionis
1173 4434 1270 4491 snae
1302 4435 1385 4492 non
1416 4407 1578 4492 videtur
1605 4405 1686 4490 lroc

87 4633 91 4644 ¹
270 4537 436 4622 Domini
465 4519 726 4650 piueceptam
756 4539 999 4650 implevisse.
1057 4535 1123 4623 Ita
1161 4539 1271 4624 enim
1300 4539 1520 4654 legitum’)
1562 4538 1687 4624 Prin·

139 4755 143 4766 ,
267 4696 361 4779 cepis
398 4678 530 4758 teretem
569 4671 821 4758 stromclotum
858 4672 1053 4759 Arrenius
1087 4672 1295 4781 pnucocpit
1331 4671 1560 4759 naturatibus
1601 4669 1684 4756 sibi

259 4814 541 4915 percuterem
571 4806 707 4916 Pauli.
769 4803 883 4890 Turro
913 4803 1077 4890 Ponlns'
1103 4806 1161 4891 od
1197 4833 1285 4890 cnm
1314 4805 1440 4892 dicit:
1485 4785 1686 4892 Per'cnticl
1733 4855 1745 4870 -

106 5046 111 5056 ⁸
267 4947 305 5025 tc
324 4937 450 5043 Dens,
472 4941 620 5047 parics
646 4937 853 5026 dealbatos
888 4937 947 5024 Et
973 4943 1016 5024 lu
1038 4937 1182 5025 sedens
1191 4937 1361 5046 judicus
1384 4965 1447 5024 me
1463 4939 1683 5025 acciendum
1713 4941 1727 4954 “’

356 5201 384 5328 'q
407 5225 441 5298 S·
466 5227 618 5320 Arguat,
641 5226 709 5300 ¹00.
731 5225 793 5299 cit.
839 5229 868 5320 ²)
888 5225 966 5298 Aut.
990 5228 1107 5316 ultast.
1129 5248 1159 5300 ο,
1183 5225 1240 5298 23,
