3960 5774
295 221 379 318 498
436 225 467 350 Ρ,
918 221 1007 322 (lap.
1026 219 1104 304 m
1142 321 1148 330 ⁸

291 444 335 532 in
364 389 486 560 cnlpn
512 444 663 534 minori
690 447 1034 536 excommunicati
1065 399 1167 550 erae,
1193 447 1222 538 i.
1249 475 1287 538 e.
1314 449 1349 534 ri
1374 447 1524 536 fratrea
1542 448 1597 536 ccl
1618 477 1709 534 aex·

110 587 116 598 '
289 581 397 683 tarn,
426 575 488 664 illi
515 575 568 672 ml
596 575 773 690 nonam,
802 576 837 664 ri
866 579 1013 667 fratrer
1041 579 1093 668 ml
1121 605 1287 683 nonem,
1315 577 1458 668 illinrl
1487 607 1707 694 ruperam,

293 713 337 794 et
362 707 406 794 in
436 709 618 798 oratorio
645 709 914 802 satisfaciant.
950 711 996 798 Si
1023 717 1162 800 antem
1184 712 1229 800 in
1252 709 1396 798 labore
1415 711 1709 826 radnntgene·

289 841 432 928 raliter
469 868 612 930 omnes
649 849 693 927 et
728 869 813 928 non
841 848 1015 958 poseant
1052 845 1192 930 venire
1225 842 1278 929 acl
1307 843 1637 930 manducandum
1665 829 1736 968 in,

275 972 608 1077 monasterinm,
649 977 748 1084 tnnc
789 963 971 1082 poasnnt'
1001 973 1154 1060 ibidem
1191 973 1445 1060 manducare
1472 1003 1522 1062 eo
1550 976 1708 1080 ordine,

291 1133 374 1213 qno
401 1103 445 1204 in
475 1104 738 1190 monasterio.
795 1101 901 1188 Nam
931 1107 964 1190 ai
993 1105 1245 1218 generalitas
1273 1104 1333 1190 ibi
1362 1135 1445 1192 non
1474 1095 1709 1209 manducat,
1755 1096 1762 1114 ’

161 1233 164 1240 '
290 1264 376 1320 non
412 1236 538 1330 debet
572 1235 631 1320 ibi
670 1234 919 1322 manducare
956 1237 1022 1322 vel
1060 1237 1223 1338 bibere,
1251 1237 1323 1322 ned
1366 1238 1409 1321 in
1447 1239 1708 1328 monasterio.

289 1367 335 1452 si
360 1394 470 1452 veron
495 1367 749 1478 generaliter
774 1366 835 1451 ibi
872 1369 1149 1472 manducant,
1178 1397 1262 1454 non
1298 1369 1423 1453 debet
1458 1375 1534 1454 ant
1570 1371 1710 1455 bibere
1758 1357 1765 1372 ⁸

288 1507 362 1584 ant
390 1499 650 1599 manducare,
678 1498 757 1580 nisi
785 1498 957 1608 grandia
984 1498 1103 1584 labor
1129 1502 1262 1585 iactus
1288 1501 1444 1607 inerit3
1472 1500 1619 1584 melius
1646 1509 1709 1600 ert

67 1651 70 1659 ·
161 1685 214 1736 ¹.
289 1630 412 1730 enim,
442 1643 489 1712 nt
517 1655 660 1714 ornnes
686 1628 914 1737 aequaliter
939 1629 1154 1737 laborent,
1188 1661 1311 1742 qnam
1342 1661 1446 1715 unna
1473 1631 1640 1736 ¹fortiter
1667 1640 1709 1716 et
1852 1741 1856 1746 Ι

288 1758 394 1843 alter
416 1757 593 1860 leniter,
620 1766 664 1842 et
691 1757 746 1841 ob
774 1757 867 1858 hoc,
905 1743 1096 1869 quotiens
1124 1762 1227 1864 vult,
1256 1761 1387 1849 bibat.
1443 1760 1538 1870 lpse
1568 1771 1706 1846 tamen

288 1889 416 1974 abbas
445 1915 528 1973 non
558 1887 682 1972 debet
709 1888 769 1971 ita
797 1883 1058 1996 permittere,
1087 1895 1135 1974 nt
1162 1892 1222 1975 ita
1250 1892 1348 1994 liat,
1378 1892 1476 1999 qnia
1502 1891 1546 1978 S.
1578 1891 1708 1974 Bene·

189 2025 225 2079 ·'
289 2019 423 2106 dictna
451 2018 574 2104 dicite
617 2019 666 2104 si
686 2045 822 2103 enarer
840 2045 981 2128 oreore
1000 2019 1227 2126 menapios
1249 2023 1291 2106 r'n
1309 2019 1556 2106 arrrbnlnnrio
1576 2023 1707 2126 secero
1735 2071 1759 2130 ·.

287 2147 484 2254 laborare,
513 2175 634 2255 orcam
662 2157 825 2256 oportet,
854 2153 1077 2236 errorientnr
1103 2151 1234 2236 crrncti
1257 2179 1341 2237 nna
1359 2151 1438 2240 die.
1493 2153 1536 2236 Si
1569 2157 1706 2235 antem

287 2263 464 2365 exierint
500 2281 552 2365 de
592 2282 841 2366 monasterio
877 2280 1005 2391 longe
1031 2309 1154 2366 cansa
1181 2283 1360 2386 labon'e,
1389 2289 1561 2395 possunt
1591 2310 1706 2364 man·

287 2411 449 2517 (lucare,
478 2413 638 2497 etiamsi
669 2441 751 2498 non
782 2413 836 2496 sit
855 2411 1104 2521 generalitas
1133 2414 1204 2515 ibi,
1232 2443 1282 2498 eo
1298 2415 1409 2524 qnod
1430 2443 1514 2498 non
1534 2417 1706 2523 possunt

288 2543 340 2626 ad
369 2544 665 2628 monasterium
694 2545 833 2628 venire
862 2543 965 2628 hora
993 2545 1282 2630 manducandi.
1332 2545 1456 2630 Nunc
1482 2551 1621 2629 antem
1644 2543 1709 2627 in·

145 2671 191 2786 ,¹
287 2673 487 2758 tuendum
516 2680 599 2776 eat,
628 2675 837 2784 quomodo
865 2674 1045 2786 intelligi
1074 2675 1198 2760 debet
1225 2675 1358 2777 ietnd,
1400 2675 1512 2785 qnod
1540 2675 1707 2759 dicitsr'

286 2806 423 2902 eadem
453 2806 520 2891 elie
546 2812 765 2912 onerantur
792 2807 938 2895 reverti
957 2813 1001 2892 et
1029 2806 1159 2919 reliq,
1187 2833 1280 2892 curn
1311 2811 1448 2917 potest
1463 2806 1524 2892 ire
1551 2806 1704 2919 viginti

177 2955 185 2974 ·
288 2939 463 3023 miliaria
489 2939 616 3052 longe
637 2939 679 3023 in
709 2939 847 3025 dicet
875 2941 1024 3025 iterum
1053 2940 1217 3044 reverti,
1246 2938 1366 3024 sicuti
1395 2945 1459 3024 est
1478 2939 1521 3024 in
1550 2939 1707 3024 aestivo

234 3076 239 3083 ’
286 3075 483 3182 ternpore.
544 3071 627 3155 lste
653 3071 760 3174 talis,
789 3073 823 3157 ai
849 3074 1121 3185 jejunaverit,
1148 3072 1270 3157 valde
1298 3071 1518 3174 laborarit,
1546 3083 1590 3158 et
1616 3073 1708 3184 plna

288 3203 383 3304 iste,
424 3188 495 3308 nni
524 3193 801 3287 obedientiam
831 3205 951 3309 lacit,
992 3208 1196 3293 laboravit
1224 3207 1266 3290 in
1292 3207 1543 3319 jejunando,
1583 3233 1708 3315 quam

286 3333 371 3434 ille,
399 3337 470 3444 qni
498 3336 541 3418 in
571 3335 719 3417 minori
762 3337 883 3444 culpa
919 3340 1309 3424 excommunicatur.
1368 3339 1423 3423 lit
1450 3338 1507 3422 ob
1542 3337 1621 3420 hoc
1648 3338 1709 3422 ita
1784 3436 1787 3444 ἲ

288 3465 410 3549 debet
428 3464 621 3572 intelligi,
643 3470 692 3549 nt
706 3464 788 3567 illc,
810 3469 881 3577 qni
905 3481 1079 3579 praeest,
1103 3472 1211 3556 aient
1231 3471 1494 3555 considerans
1508 3469 1710 3569 discernit

288 3594 332 3677 in
373 3597 585 3705 personis,
628 3599 687 3678 ita
724 3596 846 3678 etiarn
889 3599 1012 3684 ‹lebet
1055 3602 1314 3686 considerare
1355 3602 1398 3683 in
1443 3600 1709 3710 longitndine

285 3725 468 3832 itineris,-
498 3724 541 3809 h.
569 3753 606 3811 e.
635 3726 742 3808 aient
772 3724 979 3812 licentiam
1009 3730 1082 3813 aar
1121 3731 1396 3816 manducandi
1425 3758 1502 3841 pro
1529 3757 1705 3838 persona

287 3855 415 3966 (ligna
442 3862 540 3939 ante
568 3856 739 3959 horam,
767 3858 828 3940 ita
855 3860 981 3944 etiarn
1009 3860 1134 3945 (lebet
1160 3863 1259 3945 dare
1299 3861 1506 3946 licentiam
1532 3861 1708 3943 mando·

286 3984 483 4086 carneli-ei
512 3987 565 4071 ad
594 3987 735 4073 horam
766 3990 1043 4076 manducandi
1072 3994 1135 4077 vel
1165 3997 1414 4104 paulopost
1448 4022 1532 4078 non
1556 3990 1711 4103 poterit

285 4118 338 4202 ad
370 4120 664 4203 monasterium
692 4122 856 4209 reverti.
914 4121 970 4204 nt
999 4123 1079 4208 hoc
1107 4124 1316 4210 ecienrlnm
1346 4128 1432 4227 eat,
1460 4125 1570 4233 qnia,
1600 4122 1709 4206 sient

288 4248 331 4332 ni
367 4255 522 4358 agunt,
560 4251 703 4358 quiin
733 4254 991 4337 monasteriis
1028 4260 1147 4354 aunt,
1184 4255 1244 4338 ita
1272 4254 1397 4340 (lebet
1432 4257 1557 4339 etiarn
1585 4279 1710 4363 agere

287 4379 372 4482 ille,
401 4379 473 4490 qni
498 4379 544 4462 in
573 4379 680 4464 cella
708 4386 772 4465 eat
800 4383 1061 4469 constitutur.

832 4529 837 4540 ’
876 4581 976 4688 cap.
1007 4579 1115 4670 arr.

630 4759 701 4839 DE
730 4760 993 4840 onnnonlo
1021 4762 1362 4844 monn-arnan.
1634 4859 1640 4870 ι

398 4900 503 5000 Quia
532 4905 719 5014 superine
747 4905 872 5004 dixit,
895 4904 1075 5016 qualiter
1100 4907 1175 5009 illi,
1203 4910 1274 5019 qni
1302 4908 1348 4993 in
1367 4937 1491 5020 opere
1517 4920 1615 4994 runt
1642 4911 1708 4996 rel

293 5033 338 5116 in
366 5032 456 5132 via,
484 5059 602 5118 annm
641 5033 826 5119 officinm
853 5035 1030 5121 reddant
1058 5035 1147 5122 Deo
1177 5039 1480 5148 omnipotenti,
1508 5045 1632 5122 nacta
1657 5040 1708 5122 ex
1781 5109 1791 5129 .

287 5159 365 5246 lroc
406 5162 619 5248 occasione
657 5191 911 5276 correeqnens
948 5171 1060 5272 erat,
1088 5173 1137 5251 nt
1172 5169 1437 5254 nuncetiam
1472 5169 1630 5256 (liceret
1657 5169 1711 5262 tle
