4002 5792
64 225 71 238 ·
299 187 449 280 624·
882 183 1116 284 casnm
1264 310 1271 318 ι

300 409 455 498 debent
473 409 652 512 obedire.
705 407 757 496 In
784 409 864 498 boc
886 409 978 496 loco
1000 341 1111 524 quod
1138 410 1241 499 dicit
1259 415 1599 522 praeparem
1627 443 1710 501 nou

163 635 167 642 ,
219 625 224 636 ,
301 546 364 626 est
390 548 553 630 tantum
582 543 896 655 intelligendum
927 543 980 632 de
1006 545 1080 630 illo
1108 545 1364 658 praeposito,
1391 547 1463 659 qai
1490 576 1614 660 saper
1638 546 1711 631 de·

255 751 259 758 .
300 703 424 759 canos
452 681 516 758 est
542 683 586 759 et
614 675 816 762 secandus
838 675 894 761 ab
911 676 1078 777 abbate,
1104 677 1175 762 sed
1197 679 1249 764 de
1272 681 1477 779 omuibus,
1504 677 1576 787 qui
1595 704 1711 787 prae·

14 751 47 824 i'
257 803 373 889 'lati
389 806 635 908 consistant,
653 804 831 914 intelligi
848 807 1002 892 debent
1015 810 1254 918 praepositi,
1273 811 1464 896 uidelicet
1478 809 1530 893 de
1548 809 1712 892 decanis

169 991 174 1003 .
277 933 365 1024 ¹rel
393 936 659 1020 circatoribus
686 937 730 1020 in
759 935 958 1022 hocloco
987 931 1152 1020 nomine
1180 941 1507 1042 praepositorum
1536 938 1715 1044 intelligi

171 1121 174 1130 ,
299 1063 454 1146 debent
479 1070 523 1146 et
550 1065 601 1146 de
631 1065 843 1164 omuibus,
874 1067 943 1174 qui
974 1065 1273 1173 praeferuntur.
1331 1065 1453 1150 Nunc
1489 1066 1708 1150 videndum

220 1307 221 1312 Ν
300 1197 375 1292 est,
404 1188 530 1301 qnare
558 1189 600 1278 S.
630 1194 876 1278 Benedictus
907 1195 1009 1279 dicit
1036 1194 1178 1278 borrrrm
1200 1195 1446 1280 obedientiae
1471 1221 1549 1277 nou
1581 1191 1709 1276 solnm

148 1363 151 1374 ·
298 1310 436 1424 abluti
449 1325 713 1412 secludendum
728 1331 801 1427 cst,
829 1327 903 1411 sed
920 1328 1040 1408 etium
1056 1325 1136 1408 sibi
1159 1327 1325 1410 invicem
1346 1327 1532 1410 obediunt
1542 1327 1710 1427 tratres,

55 1451 61 1460 ’
217 1486 228 1502 ·
299 1453 364 1538 rel
393 1455 558 1564 qnando
586 1455 762 1541 debeant
792 1457 936 1541 tratres
972 1456 1050 1540 sibi
1078 1456 1251 1541 invicem
1290 1457 1475 1555 obedire,
1504 1485 1596 1541 curu
1626 1455 1711 1562 ipse

299 1585 342 1676 S.
373 1588 621 1673 Benedictus
654 1588 813 1674 nullum
852 1589 1028 1700 spatium
1068 1591 1197 1672 donat
1226 1589 1474 1673 obediendi?
1513 1586 1564 1671 v.
1595 1615 1657 1696 gr.
1686 1618 1711 1670 s

198 1727 203 1737 ’
299 1747 420 1804 ruane
457 1749 584 1830 usqne
624 1719 678 1804 ad
718 1719 862 1804 boram
899 1722 1120 1806 secandum
1159 1719 1222 1802 vel
1262 1723 1427 1805 tertiam
1467 1729 1540 1804 unt
1582 1749 1709 1829 paene

201 1909 235 1970 .·
298 1857 487 1961 quartam
521 1858 595 1938 aut
632 1853 735 1939 dicit
776 1851 964 1938 laborare
1005 1853 1067 1938 vel
1108 1853 1267 1964 legeres
1305 1855 1453 1941 deinde
1496 1881 1625 1964 nsque
1659 1853 1709 1937 sd

300 1984 442 2069 horam
481 1985 543 2070 vel
580 1993 738 2072 sextam
767 1992 841 2070 snt
870 1965 1068 2070 decimam
1109 1985 1211 2072 dicit
1241 1987 1304 2072 rel
1333 1989 1470 2097 legere
1497 1999 1571 2070 ant
1599 1985 1711 2069 lebo-

298 2145 389 2200 rare
411 2119 534 2225 juxta
561 2118 764 2204 tutionem
797 2118 1006 2228 temporis,
1035 2120 1140 2205 sicat
1162 2121 1251 2230 ipse
1270 2120 1469 2220 delinivit,
1498 2129 1542 2202 et
1570 2125 1709 2230 postes

299 2248 400 2331 dicit
448 2248 705 2348 melitinense.
772 2250 857 2335 lsta
908 2251 1096 2360 quaestio
1137 2251 1297 2334 dnobus
1344 2253 1477 2334 modis
1515 2252 1707 2334 solvitur:

300 2377 417 2461 Tunc
445 2380 555 2462 enim
585 2381 823 2464 obedientes
852 2383 928 2463 sibi
958 2381 1132 2464 invicem
1161 2390 1260 2463 sunt
1288 2385 1445 2480 tratres,
1476 2412 1559 2465 nno
1589 2382 1709 2464 modo

299 2535 391 2591 curn
423 2537 528 2592 unns
556 2509 699 2592 obedit
725 2511 768 2593 in
805 2511 1004 2621 coquina,
1032 2511 1135 2593 alter
1171 2509 1402 2619 hospitibus
1431 2512 1580 2610 servit,
1608 2512 1710 2594 alius

299 2664 396 2720 vero
424 2636 623 2738 infirmis,
653 2651 726 2722 aut
754 2667 847 2724 curn
876 2647 923 2722 tu
949 2640 1183 2723 cellararius
1211 2668 1274 2737 es,
1303 2641 1492 2723 omuibus
1520 2641 1710 2722 obedien·

154 2795 159 2803 ·
299 2767 401 2850 tiam
430 2767 643 2876 impendis.
699 2767 896 2852 Similiter
924 2767 1238 2878 intelligendum
1268 2785 1332 2851 est
1359 2771 1409 2852 de
1437 2771 1584 2852 ceteris
1611 2769 1708 2851 obe·

298 2898 489 3000 dientiis,
531 2906 605 2984 aut
644 2909 753 2982 certe
791 2899 1042 3008 intelligitur
1068 2901 1119 2981 de
1148 2899 1361 2983 voluntate
1388 2901 1511 2984 etiarn
1542 2902 1708 2986 fratrist

105 3088 110 3100 ·
163 3055 194 3150 ⁵.
299 3059 337 3119 v.
366 3057 428 3138 gr.
457 3031 491 3112 si
522 3030 670 3144 videris
699 3033 867 3114 tratrem
897 3031 1154 3115 laborantem
1183 3036 1226 3113 et
1253 3031 1405 3115 dixerit
1431 3032 1509 3116 tibi
1532 3034 1708 3133 obedire,

298 3171 342 3245 ct
369 3171 415 3245 tn
447 3191 527 3245 aon
555 3164 682 3246 andes
710 3161 918 3245 dimittere
946 3160 1220 3268 obedientiam
1250 3189 1275 3244 a
1305 3161 1510 3269 prioribus
1543 3164 1618 3246 tibi
1646 3165 1707 3246 in·

203 3317 209 3328 ’
293 3296 496 3424 junctam,
525 3301 568 3377 et
582 3293 757 3400 nolueris
777 3291 836 3375 illi
860 3292 1040 3393 obedire,
1067 3292 1102 3374 si
1123 3291 1304 3394 auderes,
1334 3341 1388 3353 -
1415 3294 1604 3401 quamvis
1628 3321 1707 3375 μοι,

97 3497 100 3504 .
172 3447 176 3456 ·
219 3432 263 3534 ‚1'
299 3424 442 3532 possis,
470 3433 608 3506 tannen
638 3451 773 3506 coram
805 3423 891 3506 Deo
922 3422 982 3505 illi
1012 3421 1167 3525 obedis,
1197 3424 1289 3506 licet
1321 3451 1405 3508 non
1432 3424 1599 3506 obedias
1618 3451 1708 3508 cor·

53 3551 58 3562 ’
135 3609 137 3616 s
298 3583 396 3664 pore
426 3561 594 3664 propter
622 3554 900 3638 obedientiam
930 3553 1115 3660 majoris,
1146 3582 1268 3662 quam
1297 3583 1381 3636 nou
1410 3555 1536 3638 andes
1573 3554 1710 3638 diuit-

48 3767 52 3774 .
223 3775 227 3782 ,
297 3695 397 3789 tere,
427 3687 522 3796 quio
546 3684 747 3768 Dominus
772 3685 1025 3768 voluntatem
1054 3691 1167 3766 tuum
1191 3684 1384 3770 attendit.
1422 3683 1568 3770 Altero
1587 3684 1709 3766 modo

250 3889 254 3898 .
297 3818 471 3900 soluitur
511 3816 611 3900 hoec
651 3816 861 3926 quaestio,
889 3825 936 3898 ut
973 3816 1081 3898 intra
1123 3815 1402 3900 obedientiam
1435 3815 1598 3898 abbatis
1637 3823 1710 3899 aut

297 3947 637 4056 praepositorum,
666 3945 699 4027 si
729 3953 879 4054 potest,
908 3946 1059 4027 debent
1081 3945 1157 4026 sibi
1178 3943 1352 4028 invicem
1370 3944 1555 4042 obedire3
1586 3975 1623 4034 r.
1646 3973 1706 4053 gr.

37 4103 64 4172 ,·
181 4079 183 4084 ’
210 4127 233 4142 ··
298 4104 389 4160 curu
428 4077 556 4160 donat
590 4075 796 4158 licentium
835 4075 998 4202 lauandi
1041 4057 1199 4182 paunus
1233 4075 1372 4157 decern
1414 4075 1611 4157 iratribus
1646 4077 1708 4157 vel

152 4217 159 4236 '
254 4317 259 4328 Ι
296 4213 501 4314 quotquot
542 4205 715 4300 iruerint,
746 4213 787 4285 et.
823 4211 964 4311 postea
999 4211 1062 4284 est
1097 4202 1193 4284 talis
1220 4211 1293 4284 ant
1319 4204 1518 4286 delicutns
1547 4202 1610 4283 vel
1638 4203 1709 4310 de·

152 4333 159 4348 '
297 4333 403 4434 bilis,
433 4333 502 4442 qui
533 4333 610 4415 lroc
639 4326 932 4415 olflcirrur'non
963 4340 1098 4440 potest
1128 4333 1273 4430 lacem,
1302 4339 1346 4413 tn
1366 4340 1504 4414 nutem
1526 4331 1559 4410 si
1586 4331 1708 4429 rides,

58 4446 64 4462 ⁵
165 4545 170 4554 ,
207 4472 212 4484 ’
295 4465 392 4572 quiu
432 4475 548 4572 potes
580 4475 697 4544 tumn
734 4462 972 4570 obsequium
1012 4489 1233 4572 peragere,
1275 4460 1409 4545 ¹debes
1440 4464 1562 4546 etium
1601 4465 1709 4545 iutra
1878 4564 1880 4567 ι

143 4591 178 4630 ’·
295 4595 426 4703 ipsam
464 4594 739 4678 obedientiam
780 4593 854 4677 tibi
899 4593 1153 4700 injunctam,
1191 4595 1225 4676 si
1261 4601 1318 4678 tu'
1344 4578 1610 4701 cognocetis,
1641 4593 1710 4675 rel

136 4737 141 4748 '
173 4713 215 4796 ⁹·
245 4721 249 4728 “
296 4727 384 4834 ipse
406 4725 589 4809 innuerit
607 4730 681 4810 aut
708 4725 872 4829 dixerit,
899 4728 986 4834 ejus
1014 4753 1173 4835 pannos
1201 4726 1350 4819 lavare.
1390 4724 1588 4810 Similiter
1615 4754 1707 4812 cum

295 4856 507 4942 calciarios
547 4855 782 4965 injungitur
819 4859 895 4941 tibi
937 4858 1096 4960 lavore,
1126 4865 1169 4942 et
1206 4862 1308 4941 tnnc
1343 4857 1453 4940 iutra
1479 4857 1587 4940 banc
1615 4859 1709 4940 ube-

295 4989 490 5072 dieutianr
521 4987 642 5070 debes
673 4989 820 5092 lauare,
848 4990 881 5070 si
911 4990 1152 5096 cognoveris
1184 4987 1300 5070 illum
1324 4989 1515 5095 priorem,
1543 4991 1613 5099 qui
1632 4989 1708 5070 tibi
1879 5072 1884 5077 ι

295 5122 500 5232 injunxit,
530 5119 645 5222 velle,
672 5125 746 5205 unt
773 5121 808 5204 si
836 5121 923 5230 ipse
950 5121 1087 5204 senior
1114 5124 1294 5206 innuerit
1321 5124 1394 5204 sut
1421 5129 1532 5242 certe
1560 5121 1709 5204 dixerit
