3930 5788
75 61 103 82 Ι.
312 119 394 210 584
912 115 1001 212 cop.
1021 39 1148 192 titt.
1264 193 1269 204 ,

310 367 401 452 qum
431 336 557 456 dicite
587 335 703 446 Quod
728 337 769 424 ci
793 335 916 424 etiem
942 337 1074 424 nuruis
1094 295 1476 448 mnnrcnntio'ottiie
1496 337 1601 442 cerie,
1620 341 1727 444 qnod

135 459 168 562 ,’
309 468 470 578 quidem
495 467 626 574 nteit,
653 469 957 568 consentientem
977 493 1199 576 ικιιιιιιιιιι
1223 469 1323 576 nori
1357 465 1529 555 concilio
1556 469 1726 578 clegerit,

310 605 347 684 ct
384 597 484 683 nitin
522 597 615 706 uben
652 596 946 708 aliquantulum
987 601 1032 684 in
1072 599 1257 688 notitiam
1277 598 1495 707 -cpiscoqd,
1522 598 1581 683 nd
1612 600 1747 708 cnjus·
1867 650 1871 662 ·

310 725 521 818 dincccainl
541 733 718 838 pertinet
744 727 855 818 ncnc
880 731 992 838 nnuc,
1019 725 1081 816 nel
1107 729 1173 816 nd
1192 731 1357 816 nbbntcc
1384 737 1456 816 nect
1483 729 1726 816 cbristinnoc
1863 753 1870 778 ¹

62 953 66 960 ,
231 967 232 970 Ν
309 861 461 948 uicinos
482 863 704 947 clamer-int
703 859 972 969 ,protitcunt
981 885 1208 966 Ῑιιιιιιοιιιιιι
1219 861 1460 970 procudere
1480 887 1726 966 consensum,

243 1043 246 1050 ·
309 995 383 1079 scd
416 994 555 1078 dnuni
582 991 665 1079 Dci
700 992 865 1102 dignorem
894 992 1138 1078 constituant
1174 993 1516 1099 dispensatorem,
1559 993 1727 1077 scindes

56 1065 69 1178 i·
121 1203 127 1218 ,
180 1167 194 1231 fl
305 1151 387 1233 pro
414 1125 487 1212 lroc
514 1150 559 1211 ec
580 1129 806 1228 recepturos
833 1122 1050 1208 mercedem
1078 1121 1238 1229 ὒοιιιιιιι,
1266 1151 1304 1208 ιι
1296 1123 1437 1208 illnd
1462 1129 1571 1207 coste
1592 1129 1630 1206 ct
1644 1121 1727 1207 celo

311 1253 393 1338 Dci
415 1255 588 1372 sudaret,
616 1254 718 1340 siccut
746 1253 971 1338 ccnnntrurio
990 1261 1214 1360 pcccnteun,
1243 1256 1282 1366 ci
1313 1254 1533 1364 rreglignnt.
1573 1252 1727 1337 Secun-

311 1383 405 1467 doun
439 1365 744 1469 distinctionem
771 1379 880 1481 lecit,
907 1411 1000 1467 cunr
1034 1384 1135 1468 dicit
1161 1385 1246 1470 sinc
1273 1389 1393 1470 ctiurn
1415 1409 1523 1491 nors
1546 1382 1727 1490 guaruuic
1863 1456 1870 1489 ,

306 1539 441 1618 pennu
470 1512 634 1618 unctiore
661 1511 828 1598 conscilio
855 1511 1026 1618 elegerit.
1084 1513 1266 1599 Tertiam
1297 1543 1392 1598 uero
1420 1514 1726 1597 distinctionem

225 1670 230 1680 ·
314 1640 410 1726 lecit
452 1643 586 1750 illanc,
627 1669 752 1754 quam
793 1639 1094 1751 praediximus,
1133 1672 1227 1730 cnm
1262 1643 1506 1749 dicitquod
1543 1643 1584 1728 ei
1610 1643 1727 1726 ctiorn

313 1778 445 1858 nunde
473 1772 724 1884 congregotio
751 1773 862 1857 vitiis
889 1772 990 1877 ercis,
1018 1775 1126 1882 quod
1152 1775 1311 1884 quidem
1337 1773 1456 1876 retroit,
1485 1776 1728 1860 corusctdien·

145 2011 149 2018 ὓ
311 1911 388 1988 tent
409 1929 630 2008 personent
651 1906 755 2010 puni
788 1904 954 1990 conesilio
981 1907 1143 2018 clegerit
1155 1973 1166 2013 ,
1195 1911 1238 1991 et
1277 1906 1393 2014 reliq.
1450 1905 1542 1990 lloe
1582 1913 1727 1990 nobu-
1865 2006 1870 2023 ι

312 2036 408 2120 dnm
432 2038 508 2138 est,
537 2035 634 2146 quin
662 2037 706 2121 in
735 2034 814 2122 hoc
847 2037 952 2140 loco,
981 2040 1093 2147 quod
1118 2041 1230 2133 ,dicit
1255 2037 1441 2148 quernuie
1460 2065 1609 2144 nureo,
1637 2036 1729 2120 oub-

310 2165 581 2278 intelligitur:
620 2167 655 2251 si
687 2168 820 2252 medin
847 2197 942 2280 pers
971 2173 1308 2283 congregationis
1345 2171 1509 2256 saniore
1543 2167 1726 2268 consilio,
1864 2160 1869 2191 ²

311 2297 395 2382 uiue
424 2299 548 2382 etism
577 2326 673 2410 pars
702 2301 835 2411 major
872 2301 1211 2412 congregationis
1250 2304 1412 2388 saniore
1447 2303 1620 2388 consilio
1647 2301 1725 2386 ele·

105 2462 161 2554 r·
310 2432 431 2542 gerit,
458 2431 541 2515 illis
568 2430 903 2518 consentiendum
934 2441 1009 2539 est,
1038 2433 1111 2544 qui
1138 2436 1305 2539 saniori,
1333 2435 1360 2522 i.
1387 2465 1425 2520 e.
1455 2433 1613 2519 meliori
1631 2462 1727 2518 con·
1864 2437 1869 2527 l

311 2562 404 2650 silio
431 2562 605 2674 eligunt.
662 2561 770 2664 Quid
810 2567 872 2648 est
912 2567 1368 2680 pervacongregatio?
1429 2565 1554 2652 Verbi
1582 2565 1725 2677 gratia,
1865 2530 1870 2565 ⁵

313 2693 345 2778 si
375 2695 677 2805 qulnquaginta
706 2695 895 2780 monachi
923 2703 1034 2799 suut,
1060 2699 1131 2808 qui
1153 2700 1304 2784 mulum
1336 2699 1530 2784 abbatem
1554 2697 1725 2806 eligunt,

171 2858 183 2914 ’.
313 2832 356 2910 et
383 2831 480 2908 snut
508 2825 590 2910 duo
620 2826 718 2912 boui
760 2827 928 2930 tratres,
957 2827 1030 2938 qni
1072 2831 1282 2916 meliorem
1323 2829 1515 2914 abbatem
1555 2829 1726 2938 eligunt,

312 2956 401 3040 istis
436 2955 595 3042 duobus
637 2957 975 3043 consentiendum
1004 2965 1068 3046 eet
1094 2967 1138 3045 et
1173 2990 1258 3046 non
1296 2959 1379 3044 illis
1414 2958 1724 3072 qninquaginta.

313 3087 514 3172 Similiter
541 3087 576 3171 si
604 3093 769 3172 centum
798 3093 908 3194 sunt,
938 3091 1010 3201 qni
1034 3091 1316 3204 negligentem
1338 3093 1531 3176 abbatem
1556 3090 1726 3201 eligunt,
1865 3072 1869 3163 ἶ

313 3225 356 3303 ot
392 3224 476 3304 tres
513 3225 631 3324 sunt,
671 3219 743 3330 qui
781 3221 992 3308 meliorem
1032 3224 1223 3308 abbatem
1265 3222 1450 3334 eligunt,
1481 3221 1563 3304 illis
1598 3220 1725 3303 tribus
1863 3248 1869 3354 ξ

311 3351 650 3438 consentiendum
679 3356 813 3437 estet
841 3382 926 3440 non
955 3353 1035 3438 illis
1062 3362 1240 3446 centum.
1292 3353 1493 3439 Similiter
1516 3355 1550 3436 si
1565 3349 1726 3436 ducenti
1861 3362 1868 3425 t

313 3483 378 3567 vel
408 3486 598 3569 trecenti.
620 3489 694 3570 ant
723 3484 846 3572 etiam
876 3487 1119 3599 quingenti,
1162 3494 1207 3572 et
1234 3488 1389 3572 luerint
1418 3492 1501 3571 tres
1529 3491 1602 3570 unt
1630 3515 1759 3609 qun·
1861 3488 1868 3581 ἓ

314 3623 411 3702 tuor
440 3617 503 3702 uel
520 3617 701 3728 quinque
721 3617 833 3721 boni,
863 3619 934 3731 qni
952 3620 1162 3706 meliorem
1190 3622 1365 3734 eligunt,
1391 3619 1479 3704 istis
1505 3617 1639 3704 tribus
1669 3615 1726 3701 rel
1860 3588 1867 3745 l

257 3847 262 3856 ,
298 3755 502 3862 quatuor
527 3754 601 3835 aut
635 3752 817 3863 quinquo
857 3752 1055 3839 tratribus
1095 3751 1437 3854 consentiendum
1477 3757 1542 3838 est
1576 3756 1621 3834 et
1648 3777 1724 3834 non
1860 3824 1866 3851 ,

313 3883 394 3972 illis
424 3883 611 3970 ducentis
639 3885 703 3970 uel
743 3884 938 3972 trecentis
965 3893 1039 3971 ant
1077 3885 1329 3998 quingentis.
1388 3884 1444 3970 llt
1481 3883 1587 3970 bene
1626 3883 1727 3970 dixit

158 4079 163 4090 ·
312 4017 474 4103 ctiuunet
509 4015 675 4103 ultimus
708 4021 835 4128 [uerit
871 4023 915 4104 in
957 4019 1284 4129 conquestione,
1325 4018 1494 4129 quintu
1523 4017 1598 4102 teli
1627 4018 1727 4102 elce·
1792 4091 1796 4108 ,
1859 4069 1865 4112 u

246 4190 259 4260 ‚-
312 4150 691 4254 tionenullnteuns
720 4151 822 4238 ordo
850 4151 1001 4238 servari
1030 4151 1167 4238 debet.
1210 4149 1338 4234 Verbi
1364 4150 1514 4262 gratie,
1542 4150 1577 4233 si
1606 4146 1727 4233 luerit
1857 4122 1865 4200 3

313 4281 430 4386 talis,
473 4283 544 4392 qni
584 4311 658 4393 per
694 4282 869 4394 triginta
896 4311 1027 4368 annos
1060 4285 1186 4370 fucrit
1226 4282 1268 4365 in
1298 4282 1547 4366 monasterio
1575 4285 1619 4364 et
1648 4305 1726 4363 non

238 4457 239 4460 ι
312 4412 435 4499 suerit
476 4414 667 4526 dignus,
679 4423 723 4500 et
760 4415 866 4501 alter
903 4415 1048 4514 luerit,
1079 4415 1148 4525 qui
1188 4443 1273 4497 nuo
1310 4441 1421 4498 anno
1455 4410 1698 4496 habitavit
1687 4438 1725 4492 ιιι
1857 4460 1864 4506 2

132 4555 135 4564 ’
285 4547 563 4630 monasterio
603 4553 645 4632 et
682 4546 809 4633 luerit
844 4547 1021 4659 dignus,
1059 4545 1138 4631 isto
1174 4553 1240 4630 est
1275 4543 1509 4654 eligendus,
1545 4542 1618 4654 qni
1648 4569 1725 4626 nuo
1856 4507 1863 4633 l
1907 4641 1908 4654 Ν

307 4702 424 4762 anno
452 4677 696 4763 habitavit
684 4707 727 4764 ιιι
756 4678 1005 4764 monasterio
1034 4677 1216 4764 studiose
1243 4680 1287 4762 et
1309 4675 1553 4788 diligenter,
1574 4679 1619 4760 et
1648 4701 1725 4759 non
1854 4660 1862 4787 ξ

159 4815 170 4826 “
313 4799 395 4915 nte,
434 4810 507 4921 qui
537 4841 610 4923 per
638 4810 815 4923 triginta
842 4839 972 4896 annos
1000 4809 1138 4922 tepide
1165 4815 1209 4898 et
1238 4809 1499 4922 negligenter
1525 4805 1726 4894 habitauit

157 4937 161 4952 '
311 4941 355 5028 in
385 4945 646 5034 monasterio.
705 4941 914 5029 Hactenus
944 4945 992 5034 Β.
1023 4943 1271 5030 Benedictus
1300 4944 1420 5046 dixit,
1450 4945 1629 5056 qualiter
1656 4942 1723 5028 eli·

313 5079 439 5185 gatus
466 5075 606 5162 abbae.
666 5059 789 5164 Nu'no
817 5105 915 5162 uero
941 5079 1175 5188 subjunxit,
1203 5106 1309 5188 quae
1337 5107 1510 5188 persona
1538 5076 1722 5187 eligatur,
1853 5041 1862 5151 i
1905 5077 1906 5086 '
