3930 5788
286 315 369 406 sn
562 413 576 436 „
880 313 1149 412 seur..

130 607 134 616 .
283 528 382 620 dein.
439 527 490 615 In
516 530 596 618 troc
623 532 735 655 quod
761 533 864 620 dicit
887 535 1140 642 adamas,
1182 539 1284 645 nihii
1312 541 1613 650 praetermisitr
1655 548 1701 630 et

129 751 137 770 ,
285 689 378 748 eum
407 660 510 750 dicit
541 687 614 746 uec
651 689 679 746 a
711 667 956 770 perentibus
992 696 1065 756 uec
1090 695 1342 780 equaquam
1370 677 1495 781 nequ
1520 672 1602 758 siti
1616 675 1696 802 ,ιἰι-

283 793 418 898 niccm,
447 793 587 910 omnia
613 795 947 906 comprehendit,
975 807 1134 889 utnon
1164 804 1296 913 possit
1328 831 1524 890 exeumre
1551 833 1700 890 mona·

285 923 399 1013 chus.
455 923 696 1024 Notandum
724 933 805 1032 est,
833 929 942 1040 quia,
968 932 1078 1017 sicut
1104 941 1199 1054 tres
1216 921 1409 1045 personne
1430 933 1701 1043 comprehen-

285 1055 371 1158 dit,
400 1056 461 1137 ita
488 1055 610 1140 etiam
640 1059 722 1142 tria
750 1061 1063 1169 comprehendit
1089 1091 1280 1170 munera,
1309 1064 1499 1149 videlicet
1526 1064 1700 1169 litteras,

156 1219 160 1228 ι
286 1188 313 1268 i.
342 1214 378 1276 e.
414 1187 637 1296 epistolas,
664 1195 708 1272 et
732 1189 916 1294 cedices,
945 1191 989 1281 h.
1019 1221 1054 1278 e.
1083 1222 1254 1292 munera
1290 1195 1471 1295 minore,
1500 1196 1701 1306 eulogias,

286 1346 392 1430 quae
418 1325 517 1402 snnt
537 1347 708 1404 munera
732 1322 901 1432 majora,
931 1325 1056 1410 veluti
1075 1334 1173 1410 sunt
1193 1353 1336 1436 cappa,
1365 1327 1494 1412 serica
1522 1333 1565 1412 et
1588 1327 1699 1413 aliud

286 1451 399 1559 quid,
417 1478 523 1561 quae
538 1453 704 1564 majoris
727 1456 847 1564 pretii
876 1462 987 1546 sunt.
1026 1456 1271 1542 Munnscnla
1291 1486 1388 1543 vero
1409 1464 1508 1542 sunt
1531 1489 1700 1546 munera

176 1589 178 1595 ’
286 1583 524 1695 parvissima
563 1585 649 1670 sire
687 1587 878 1698 alicujus¹
898 1591 1022 1700 pretii
1049 1588 1303 1700 parvissimi,
1333 1588 1460 1673 relati
1488 1598 1551 1674 est
1577 1619 1699 1700 acns;

288 1741 372 1796 non
408 1712 518 1798 enim
558 1716 682 1802 debet
715 1719 899 1829 accipere
937 1721 1002 1805 rel
1041 1722 1139 1806 dure
1177 1748 1310 1831 neque
1337 1722 1460 1804 etiam
1489 1749 1587 1806 acus
1613 1723 1702 1809 sine
1863 1754 1865 1759 ’

288 1853 508 1956 praecepto
535 1848 710 1938 abbatis.
772 1847 823 1934 In
852 1851 942 1955 hoc,
970 1851 1087 1961 qued'
1110 1855 1216 1936 dixit
1242 1877 1322 1935 ιιοιι
1343 1862 1585 1956 praesumat
1609 1881 1701 1937 sces-
1867 1935 1870 1939 ,

288 1977 422 2081 cipere
447 1977 564 2082 iliud,
592 1983 677 2066 uisi
698 1981 822 2087 prins
848 1983 1071 2067 {radicatum
1087 1982 1215 2087 [escrit
1230 1983 1379 2084 uirtuti,
1411 1984 1468 2066 ita
1493 1985 1697 2094 agendum
1743 2025 1747 2030 ·

286 2116 373 2194 est:
403 2111 604 2221 quidquid
642 2115 766 2198 alicui
807 2114 1011 2198 monache
1049 2115 1249 2197 directum
1279 2113 1428 2213 tuerit,
1465 2144 1549 2199 ιιοιι
1577 2116 1702 2199 debet

96 2293 104 2338 ,-
211 2361 214 2366 Ι
285 2240 357 2326 iile
396 2245 601 2353 portarius
640 2245 832 2330 nuntiare
871 2244 933 2328 iili
973 2243 1114 2346 fratri,
1152 2245 1230 2328 nisi
1268 2244 1423 2328 abbati.
1482 2245 1640 2330 Deinde
1667 2248 1701 2330 si

286 2373 414 2458 abbas
434 2375 614 2484 jusserit,
639 2381 738 2461 tunc
764 2375 888 2461 debet
912 2377 1116 2485 portarius
1131 2378 1323 2459 nuntiare
1339 2376 1398 2460 itti
1423 2375 1553 2478 fratri,
1579 2406 1700 2488 quem

149 2545 152 2550 ·
245 2591 249 2598 ,
289 2503 436 2615 hospes
465 2507 640 2615 quaerit,
668 2513 712 2593 ct
740 2508 937 2619 postire.
993 2503 1038 2590 Si
1068 2534 1166 2592 vero
1194 2535 1277 2592 non
1302 2509 1473 2618 jusserit
1499 2509 1573 2611 ire,
1601 2516 1701 2594 tune

139 2697 140 2702 a
289 2665 372 2722 nen
401 2635 526 2723 debet
548 2638 752 2749 portarias
781 2639 973 2724 nuntiare
1000 2638 1132 2726 fratri.
1177 2637 1338 2725 lithos
1366 2639 1593 2724 notandum
1616 2647 1701 2727 est:

257 2768 324 2854 -si
358 2797 505 2855 munus
542 2773 624 2874 est,
664 2798 748 2856 uon
787 2772 910 2857 debet
949 2771 1072 2857 etiarn
1109 2773 1314 2882 portarius
1354 2774 1558 2882 suscipere
1587 2772 1702 2875 iliud,

246 3023 256 3038 ⁹
290 2902 369 2985 nisi
397 2902 510 3014 prins
543 2901 788 2990 indicaverit
823 2903 986 3006 abbati3
1021 2906 1056 2991 si
1086 2907 1175 3016 jain
1212 2907 1338 2991 abinus
1373 2907 1564 3024 jusserit,
1602 2913 1703 2990 tunc
1884 2981 1887 2986 ,

145 3070 154 3088 ·
289 3035 537 3145 suscipiatur
570 3045 614 3120 et
651 3035 776 3120 debet
813 3038 939 3121 etiam
967 3039 1169 3124 adducere
1203 3039 1306 3122 iilud
1334 3038 1377 3121 in
1407 3038 1633 3147 capitulum
1661 3048 1705 3121 et

148 3211 151 3218 ⁴
289 3194 446 3277 ponere.
483 3171 580 3250 ante
619 3167 743 3276 pedes
780 3168 966 3272 abbatis,
1005 3169 1123 3279 quia,
1161 3170 1198 3253 si
1225 3170 1334 3254 forte
1361 3198 1518 3279 pauper
1546 3179 1609 3254 cst
1636 3169 1706 3253 iiie

290 3296 463 3407 hospes,
492 3299 572 3405 [et]
602 3296 657 3381 ob
695 3296 774 3382 hoc
803 3327 889 3382 non
919 3300 1007 3383 uult
1034 3300 1164 3385 abbas
1199 3300 1380 3409 recipere
1414 3300 1531 3388 illud.
1588 3301 1706 3400 Quod

290 3432 426 3512 autem
465 3425 567 3510 dicit
604 3431 712 3532 qnod
744 3431 785 3512 si
812 3429 986 3536 jusserit
1020 3431 1195 3535 scrupi,
1236 3431 1282 3514 in
1316 3431 1476 3516 utdutis
1511 3432 1566 3516 sit
1592 3439 1707 3538 pete·

290 3565 404 3660 state,
431 3559 497 3643 cni
523 3556 628 3642 dicad
646 3556 789 3664 jonar
816 3563 924 3662 duri,
954 3561 1181 3646 noandum
1208 3569 1296 3649 est:
1329 3591 1414 3647 nen
1443 3563 1569 3646 talem
1587 3569 1706 3672 pote-
1733 3593 1739 3604 ·

290 3693 440 3774 statem
469 3688 584 3772 dedit
611 3688 672 3773 ilii
700 3688 743 3778 S.
766 3690 1027 3790 Benedictus,
1057 3699 1105 3772 ut
1133 3691 1202 3777 itte
1228 3695 1360 3778 abbae
1387 3695 1542 3804 injuste
1569 3693 1708 3802 dispo·
1817 3777 1820 3782 ,

292 3827 377 3924 nat,
407 3820 478 3906 sed
507 3820 562 3905 ob
589 3820 669 3905 hoe
697 3820 811 3906 dedit
840 3820 899 3904 illi
929 3821 971 3904 in
1001 3819 1208 3930 patestatc
1228 3855 1314 3926 sus,
1343 3827 1440 3935 quia
1466 3852 1551 3908 nen
1570 3829 1709 3935 potest
1864 3832 1868 3847 ²

292 3981 367 4038 nec
395 3953 536 4064 potnit
561 3951 739 4062 pleniter
758 3951 940 4036 diffinire
956 3953 999 4037 in
1029 3953 1167 4038 dubiis
1193 3957 1330 4056 rebus,
1365 3960 1585 4067 propterea
1610 3979 1711 4037 con·
1760 3965 1764 3973 ’

294 4085 432 4170 stituit
469 4084 514 4168 in
555 4083 718 4168 abbatis
759 4089 987 4194 potestate,
1017 4114 1101 4171 non
1129 4092 1178 4172 ut
1203 4086 1275 4171 ille
1301 4088 1354 4172 ad
1389 4114 1508 4184 suum
1546 4087 1708 4172 libitum

292 4215 449 4326 aliquid
489 4220 613 4326 egat,
657 4217 727 4299 sed
766 4224 813 4302 nt
838 4218 951 4327 juste
994 4216 1221 4322 discernat,
1270 4219 1378 4304 deut
1417 4219 1462 4304 in
1493 4218 1572 4304 hoe
1606 4219 1711 4303 luco.
1865 4206 1869 4210 ⁵

293 4345 430 4432 Debet
456 4346 585 4433 abbas
611 4373 882 4458 cognoscere,
921 4355 970 4433 nt
1003 4350 1076 4460 qui
1104 4351 1197 4461 plus
1224 4350 1470 4461 indiguerit,
1509 4351 1582 4434 ilie
1607 4349 1712 4434 acci·
1864 4404 1868 4409 x

208 4582 211 4588 Ι
293 4481 382 4589 piat
416 4478 554 4579 illude
586 4506 625 4566 v.
665 4506 728 4590 gr.
768 4480 803 4563 si
829 4482 991 4566 venerit
1022 4483 1167 4588 vestii,
1209 4487 1253 4568 et
1291 4481 1462 4601 viderit,
1505 4481 1603 4591 quia
1642 4480 1713 4564 ille

293 4614 422 4697 frater
460 4610 552 4721 plns
574 4609 771 4720 indiget,
804 4637 935 4721 quarn
966 4613 1062 4719 ulii,
1100 4612 1163 4696 illi
1199 4612 1324 4698 debet
1361 4614 1482 4716 dare,
1521 4611 1639 4721 qnia,
1677 4611 1712 4693 si

295 4771 379 4828 non
421 4741 599 4843 dederit,
642 4751 852 4851 peceatum
896 4744 1009 4830 facit
1078 4743 1135 4830 nt
1174 4745 1363 4830 similiter
1401 4745 1437 4829 si
1474 4745 1609 4830 minus
1649 4743 1713 4827 in·
1872 4832 1875 4835 ,

160 4917 162 4920 ·
295 4874 433 4985 diget,
477 4879 520 4958 et
557 4872 627 4956 alii
671 4873 785 4982 plus,
830 4880 873 4958 et
913 4876 975 4960 illi
1019 4876 1137 4960 fratri
1180 4876 1318 4979 dedit,
1358 4877 1431 4988 qni
1472 4876 1608 4960 minin
1648 4875 1713 4958 in·

127 5123 131 5132 ψ
294 5005 436 5116 diget,
475 5008 692 5115 peecatum
719 5004 841 5105 fecit;
883 5035 979 5090 uam
1018 5007 1054 5091 si
1095 5011 1205 5092 recte
1246 5008 1463 5117 disponere
1503 5007 1614 5108 vult,
1654 5004 1713 5088 itli
1871 5100 1872 5103 Ν

295 5135 419 5220 debet
445 5135 555 5240 dare,
583 5136 653 5246 qui
684 5134 863 5244 indiget,
898 5140 984 5223 sive
1009 5138 1089 5237 iili,
1126 5138 1194 5222 eui
1221 5139 1345 5222 missa
1371 5144 1436 5224 est
1462 5139 1552 5249 ipsa
1579 5136 1714 5238 vestis,
1844 5118 1878 5223 s

224 5260 228 5268 ’
294 5265 379 5349 sive
407 5264 490 5354 alii.
