<?xml version="1.0" encoding="UTF-8"?>
<!DOCTYPE html PUBLIC "-//W3C//DTD XHTML 1.0 Transitional//EN"
    "http://www.w3.org/TR/xhtml1/DTD/xhtml1-transitional.dtd">
<html xmlns="http://www.w3.org/1999/xhtml" xml:lang="en" lang="en">
 <head>
  <title>
</title>
<meta http-equiv="Content-Type" content="text/html;charset=utf-8" />
  <meta name='ocr-system' content='tesseract 3.04.00' />
  <meta name='ocr-capabilities' content='ocr_page ocr_carea ocr_par ocr_line ocrx_word'/>
</head>
<body>
  <div class='ocr_page' id='page_1' title='image "./vitaetregulassp01benegoog_0505.png"; bbox 0 0 3960 5774; ppageno 0'>
   <div class='ocr_carea' id='block_1_1' title="bbox 234 149 1126 284">
    <p class='ocr_par' dir='ltr' id='par_1_1' title="bbox 234 149 1126 284">
     <span class='ocr_line' id='line_1_1' title="bbox 234 149 1126 284; baseline -0.013 -5"><span class='ocrx_word' id='word_1_1' title='bbox 234 191 317 279; x_wconf 74' lang='lat'><strong>476</strong></span> <span class='ocrx_word' id='word_1_2' title='bbox 467 179 503 238; x_wconf 85' lang='grc'><strong>’·</strong></span> <span class='ocrx_word' id='word_1_3' title='bbox 622 253 625 260; x_wconf 95' lang='grc'><em>.</em></span> <span class='ocrx_word' id='word_1_4' title='bbox 779 149 1126 284; x_wconf 44' lang='lat' dir='ltr'><strong>&amp;xerxem</strong></span> 
     </span>
    </p>
   </div>
   <div class='ocr_carea' id='block_1_2' title="bbox 29 396 1763 3686">
    <p class='ocr_par' dir='ltr' id='par_1_2' title="bbox 186 396 1728 1192">
     <span class='ocr_line' id='line_1_2' title="bbox 186 396 1728 528; baseline -0.003 -26"><span class='ocrx_word' id='word_1_5' title='bbox 186 469 189 476; x_wconf 32' lang='grc' dir='ltr'><strong><em>ι</em></strong></span> <span class='ocrx_word' id='word_1_6' title='bbox 237 421 324 512; x_wconf 80' lang='lat' dir='ltr'><strong>lca,</strong></span> <span class='ocrx_word' id='word_1_7' title='bbox 361 413 623 526; x_wconf 72' lang='lat' dir='ltr'><strong>stipassent,</strong></span> <span class='ocrx_word' id='word_1_8' title='bbox 656 415 793 502; x_wconf 75' lang='lat' dir='ltr'><strong>diem</strong></span> <span class='ocrx_word' id='word_1_9' title='bbox 829 412 996 504; x_wconf 87' lang='lat' dir='ltr'><strong>debent.</strong></span> <span class='ocrx_word' id='word_1_10' title='bbox 1051 413 1245 518; x_wconf 82' lang='lat' dir='ltr'><strong>Dahae,</strong></span> <span class='ocrx_word' id='word_1_11' title='bbox 1281 417 1394 526; x_wconf 86' lang='lat' dir='ltr'><strong>quod</strong></span> <span class='ocrx_word' id='word_1_12' title='bbox 1429 415 1533 500; x_wconf 87' lang='lat' dir='ltr'><strong>dicit</strong></span> <span class='ocrx_word' id='word_1_13' title='bbox 1557 396 1655 528; x_wconf 75' lang='lat' dir='ltr'><strong>pact</strong></span> <span class='ocrx_word' id='word_1_14' title='bbox 1724 447 1728 454; x_wconf 92' lang='lat'>·</span> 
     </span>
     <span class='ocr_line' id='line_1_3' title="bbox 238 541 1654 655; baseline -0.001 -23"><span class='ocrx_word' id='word_1_15' title='bbox 238 545 423 632; x_wconf 63' lang='lat' dir='ltr'><strong>eddom</strong></span> <span class='ocrx_word' id='word_1_16' title='bbox 449 545 713 655; x_wconf 80' lang='lat' dir='ltr'><strong>intelligitur,</strong></span> <span class='ocrx_word' id='word_1_17' title='bbox 738 546 825 633; x_wconf 84' lang='lat' dir='ltr'><strong>sire</strong></span> <span class='ocrx_word' id='word_1_18' title='bbox 844 547 902 630; x_wconf 83' lang='lat' dir='ltr'><strong>ait</strong></span> <span class='ocrx_word' id='word_1_19' title='bbox 917 548 1041 655; x_wconf 82' lang='lat' dir='ltr'><strong>juxta</strong></span> <span class='ocrx_word' id='word_1_20' title='bbox 1063 547 1272 648; x_wconf 80' lang='lat' dir='ltr'><strong>abbatem,</strong></span> <span class='ocrx_word' id='word_1_21' title='bbox 1297 541 1328 634; x_wconf 80' lang='grc' dir='ltr'><strong>ἰ.Ι</strong></span> <span class='ocrx_word' id='word_1_22' title='bbox 1343 575 1380 632; x_wconf 90' lang='lat' dir='ltr'><strong>e.</strong></span> <span class='ocrx_word' id='word_1_23' title='bbox 1407 549 1454 632; x_wconf 92' lang='lat' dir='ltr'><strong>iu</strong></span> <span class='ocrx_word' id='word_1_24' title='bbox 1473 547 1654 630; x_wconf 71' lang='lat' dir='ltr'><strong>soeundo</strong></span> 
     </span>
     <span class='ocr_line' id='line_1_4' title="bbox 236 675 1654 788; baseline -0.001 -27"><span class='ocrx_word' id='word_1_25' title='bbox 236 678 331 762; x_wconf 89' lang='lat' dir='ltr'><strong>loco</strong></span> <span class='ocrx_word' id='word_1_26' title='bbox 364 675 420 762; x_wconf 84' lang='lat' dir='ltr'><strong>ab</strong></span> <span class='ocrx_word' id='word_1_27' title='bbox 453 677 630 778; x_wconf 73' lang='lat' dir='ltr'><strong>ablate,</strong></span> <span class='ocrx_word' id='word_1_28' title='bbox 659 675 745 761; x_wconf 82' lang='lat' dir='ltr'><strong>sire</strong></span> <span class='ocrx_word' id='word_1_29' title='bbox 771 675 900 786; x_wconf 78' lang='lat' dir='ltr'><strong>tertio</strong></span> <span class='ocrx_word' id='word_1_30' title='bbox 927 678 1014 762; x_wconf 84' lang='lat' dir='ltr'><strong>sive</strong></span> <span class='ocrx_word' id='word_1_31' title='bbox 1041 679 1167 762; x_wconf 87' lang='lat' dir='ltr'><strong>etium</strong></span> <span class='ocrx_word' id='word_1_32' title='bbox 1201 675 1246 760; x_wconf 90' lang='lat' dir='ltr'><strong>in</strong></span> <span class='ocrx_word' id='word_1_33' title='bbox 1273 682 1424 788; x_wconf 67' lang='lat' dir='ltr'><strong>quarte»</strong></span> <span class='ocrx_word' id='word_1_34' title='bbox 1449 676 1543 762; x_wconf 88' lang='lat' dir='ltr'><strong>luco</strong></span> <span class='ocrx_word' id='word_1_35' title='bbox 1568 681 1654 760; x_wconf 67' lang='lat' dir='ltr'><strong>ste»</strong></span> 
     </span>
     <span class='ocr_line' id='line_1_5' title="bbox 239 806 1654 920; baseline -0.001 -28"><span class='ocrx_word' id='word_1_36' title='bbox 239 807 340 892; x_wconf 89' lang='lat' dir='ltr'><strong>terit</strong></span> <span class='ocrx_word' id='word_1_37' title='bbox 365 813 461 918; x_wconf 84' lang='lat' dir='ltr'><strong>post</strong></span> <span class='ocrx_word' id='word_1_38' title='bbox 486 807 677 893; x_wconf 84' lang='lat' dir='ltr'><strong>abbatem</strong></span> <span class='ocrx_word' id='word_1_39' title='bbox 708 807 978 920; x_wconf 76' lang='lat' dir='ltr'><strong>[intelligitur</strong></span> <span class='ocrx_word' id='word_1_40' title='bbox 1003 810 1123 920; x_wconf 85' lang='lat' dir='ltr'><strong>ease].</strong></span> <span class='ocrx_word' id='word_1_41' title='bbox 1180 806 1237 894; x_wconf 74' lang='lat' dir='ltr'><strong>Et</strong></span> <span class='ocrx_word' id='word_1_42' title='bbox 1268 809 1369 910; x_wconf 85' lang='lat' dir='ltr'><strong>hoc,</strong></span> <span class='ocrx_word' id='word_1_43' title='bbox 1405 807 1518 918; x_wconf 86' lang='lat' dir='ltr'><strong>quod</strong></span> <span class='ocrx_word' id='word_1_44' title='bbox 1554 807 1654 892; x_wconf 88' lang='lat' dir='ltr'><strong>dicit-</strong></span> 
     </span>
     <span class='ocr_line' id='line_1_6' title="bbox 228 937 1656 1052; baseline -0.002 -27"><span class='ocrx_word' id='word_1_45' title='bbox 228 937 418 1052; x_wconf 72' lang='lat' dir='ltr'><strong>paulinos</strong></span> <span class='ocrx_word' id='word_1_46' title='bbox 443 937 508 1024; x_wconf 84' lang='lat' dir='ltr'><strong>orl</strong></span> <span class='ocrx_word' id='word_1_47' title='bbox 533 939 780 1046; x_wconf 74' lang='lat' dir='ltr'><strong>antiphonas</strong></span> <span class='ocrx_word' id='word_1_48' title='bbox 798 947 897 1046; x_wconf 85' lang='lat' dir='ltr'><strong>post</strong></span> <span class='ocrx_word' id='word_1_49' title='bbox 915 939 1098 1026; x_wconf 62' lang='lat' dir='ltr'><strong>adiutem</strong></span> <span class='ocrx_word' id='word_1_50' title='bbox 1118 939 1372 1046; x_wconf 71' lang='lat' dir='ltr'><strong>noioeane,</strong></span> <span class='ocrx_word' id='word_1_51' title='bbox 1398 939 1543 1048; x_wconf 70' lang='lat' dir='ltr'><strong>poem</strong></span> <span class='ocrx_word' id='word_1_52' title='bbox 1560 938 1656 1044; x_wconf 74' lang='lat' dir='ltr'><strong>jos·</strong></span> 
     </span>
     <span class='ocr_line' id='line_1_7' title="bbox 237 1069 1656 1192; baseline -0.002 -35"><span class='ocrx_word' id='word_1_53' title='bbox 237 1097 329 1192; x_wconf 80' lang='lat' dir='ltr'><strong>sans</strong></span> <span class='ocrx_word' id='word_1_54' title='bbox 342 1073 503 1180; x_wconf 49' lang='lat' dir='ltr'><strong>,luerim</strong></span> <span class='ocrx_word' id='word_1_55' title='bbox 531 1075 764 1178; x_wconf 84' lang='lat' dir='ltr'><strong>imponant,</strong></span> <span class='ocrx_word' id='word_1_56' title='bbox 787 1074 874 1182; x_wconf 88' lang='lat' dir='ltr'><strong>jam</strong></span> <span class='ocrx_word' id='word_1_57' title='bbox 903 1070 1106 1175; x_wconf 75' lang='lat' dir='ltr'><strong>diximus,</strong></span> <span class='ocrx_word' id='word_1_58' title='bbox 1132 1073 1205 1158; x_wconf 87' lang='lat' dir='ltr'><strong>sed</strong></span> <span class='ocrx_word' id='word_1_59' title='bbox 1233 1073 1384 1160; x_wconf 89' lang='lat' dir='ltr'><strong>itemm</strong></span> <span class='ocrx_word' id='word_1_60' title='bbox 1410 1069 1656 1184; x_wconf 76' lang='lat' dir='ltr'><strong>recapitula-</strong></span> 
     </span>
    </p>

    <p class='ocr_par' dir='ltr' id='par_1_3' title="bbox 100 1203 1658 1586">
     <span class='ocr_line' id='line_1_8' title="bbox 100 1203 1656 1316; baseline -0.002 -27"><span class='ocrx_word' id='word_1_61' title='bbox 100 1215 105 1226; x_wconf 90' lang='lat'><em>&#39;</em></span> <span class='ocrx_word' id='word_1_62' title='bbox 241 1233 331 1289; x_wconf 84' lang='lat' dir='ltr'><strong>mua</strong></span> <span class='ocrx_word' id='word_1_63' title='bbox 358 1231 434 1315; x_wconf 88' lang='lat' dir='ltr'><strong>pro</strong></span> <span class='ocrx_word' id='word_1_64' title='bbox 461 1232 526 1308; x_wconf 79' lang='lat' dir='ltr'><strong>co,</strong></span> <span class='ocrx_word' id='word_1_65' title='bbox 553 1203 665 1316; x_wconf 84' lang='lat' dir='ltr'><strong>quod</strong></span> <span class='ocrx_word' id='word_1_66' title='bbox 692 1203 1281 1291; x_wconf 81' lang='lat' dir='ltr'><strong>secundumconsuetudinem</strong></span> <span class='ocrx_word' id='word_1_67' title='bbox 1305 1204 1656 1316; x_wconf 82' lang='lat' dir='ltr'><strong>provinciaesuae</strong></span> 
     </span>
     <span class='ocr_line' id='line_1_9' title="bbox 238 1334 1657 1450; baseline -0.001 -30"><span class='ocrx_word' id='word_1_68' title='bbox 238 1334 357 1422; x_wconf 85' lang='lat' dir='ltr'><strong>dixit.</strong></span> <span class='ocrx_word' id='word_1_69' title='bbox 416 1335 540 1422; x_wconf 71' lang='lat' dir='ltr'><strong>Forte</strong></span> <span class='ocrx_word' id='word_1_70' title='bbox 574 1335 677 1421; x_wconf 88' lang='lat' dir='ltr'><strong>dicit</strong></span> <span class='ocrx_word' id='word_1_71' title='bbox 711 1335 882 1448; x_wconf 83' lang='lat' dir='ltr'><strong>aliquis:</strong></span> <span class='ocrx_word' id='word_1_72' title='bbox 920 1335 1015 1423; x_wconf 91' lang='lat' dir='ltr'><strong>ideo</strong></span> <span class='ocrx_word' id='word_1_73' title='bbox 1051 1339 1111 1424; x_wconf 86' lang='lat' dir='ltr'><strong>ita</strong></span> <span class='ocrx_word' id='word_1_74' title='bbox 1136 1337 1265 1441; x_wconf 82' lang='lat' dir='ltr'><strong>dixit,</strong></span> <span class='ocrx_word' id='word_1_75' title='bbox 1293 1338 1393 1450; x_wconf 90' lang='lat' dir='ltr'><strong>quia</strong></span> <span class='ocrx_word' id='word_1_76' title='bbox 1428 1338 1538 1422; x_wconf 83' lang='lat' dir='ltr'><strong>forte</strong></span> <span class='ocrx_word' id='word_1_77' title='bbox 1576 1334 1657 1419; x_wconf 90' lang='lat' dir='ltr'><strong>luit</strong></span> 
     </span>
     <span class='ocr_line' id='line_1_10' title="bbox 238 1453 1658 1586; baseline -0.004 -30"><span class='ocrx_word' id='word_1_78' title='bbox 238 1467 492 1556; x_wconf 89' lang='lat' dir='ltr'><strong>consuetudo</strong></span> <span class='ocrx_word' id='word_1_79' title='bbox 518 1453 633 1554; x_wconf 54' lang='lat' dir='ltr'><strong>&#39;suae</strong></span> <span class='ocrx_word' id='word_1_80' title='bbox 673 1469 933 1581; x_wconf 81' lang='lat' dir='ltr'><strong>provinciae,</strong></span> <span class='ocrx_word' id='word_1_81' title='bbox 972 1473 1184 1586; x_wconf 76' lang='lat' dir='ltr'><strong>imponere</strong></span> <span class='ocrx_word' id='word_1_82' title='bbox 1226 1499 1355 1557; x_wconf 91' lang='lat' dir='ltr'><strong>uuum</strong></span> <span class='ocrx_word' id='word_1_83' title='bbox 1394 1468 1658 1581; x_wconf 73' lang='lat' dir='ltr'><strong>antiphonas,</strong></span> 
     </span>
    </p>

    <p class='ocr_par' dir='ltr' id='par_1_4' title="bbox 144 1601 1657 1722">
     <span class='ocr_line' id='line_1_11' title="bbox 144 1601 1657 1722; baseline -0.003 -34"><span class='ocrx_word' id='word_1_84' title='bbox 144 1671 148 1678; x_wconf 92' lang='lat'><em>.</em></span> <span class='ocrx_word' id='word_1_85' title='bbox 239 1602 345 1688; x_wconf 89' lang='lat' dir='ltr'><strong>sicut</strong></span> <span class='ocrx_word' id='word_1_86' title='bbox 386 1601 432 1686; x_wconf 90' lang='lat' dir='ltr'><strong>in</strong></span> <span class='ocrx_word' id='word_1_87' title='bbox 474 1601 644 1690; x_wconf 86' lang='lat' dir='ltr'><strong>ccclesia</strong></span> <span class='ocrx_word' id='word_1_88' title='bbox 687 1601 982 1692; x_wconf 77' lang='lat' dir='ltr'><strong>mediolanensi</strong></span> <span class='ocrx_word' id='word_1_89' title='bbox 1024 1608 1220 1694; x_wconf 88' lang='lat' dir='ltr'><strong>diaconus</strong></span> <span class='ocrx_word' id='word_1_90' title='bbox 1263 1604 1370 1692; x_wconf 87' lang='lat' dir='ltr'><strong>solet</strong></span> <span class='ocrx_word' id='word_1_91' title='bbox 1408 1601 1657 1722; x_wconf 77' lang='lat' dir='ltr'><strong>antiphonas</strong></span> 
     </span>
    </p>

    <p class='ocr_par' dir='ltr' id='par_1_5' title="bbox 152 1730 1659 1848">
     <span class='ocr_line' id='line_1_12' title="bbox 152 1730 1659 1848; baseline -0.003 -30"><span class='ocrx_word' id='word_1_92' title='bbox 152 1805 158 1818; x_wconf 91' lang='lat'><em>.</em></span> <span class='ocrx_word' id='word_1_93' title='bbox 239 1734 462 1844; x_wconf 83' lang='lat' dir='ltr'><strong>imponere.</strong></span> <span class='ocrx_word' id='word_1_94' title='bbox 519 1735 575 1820; x_wconf 81' lang='lat' dir='ltr'><strong>Et</strong></span> <span class='ocrx_word' id='word_1_95' title='bbox 595 1733 766 1847; x_wconf 87' lang='lat' dir='ltr'><strong>pulchre</strong></span> <span class='ocrx_word' id='word_1_96' title='bbox 790 1736 842 1822; x_wconf 91' lang='lat' dir='ltr'><strong>de</strong></span> <span class='ocrx_word' id='word_1_97' title='bbox 864 1737 1168 1848; x_wconf 80' lang='lat' dir='ltr'><strong>significatione</strong></span> <span class='ocrx_word' id='word_1_98' title='bbox 1196 1737 1391 1823; x_wconf 83' lang='lat' dir='ltr'><strong>horarum</strong></span> <span class='ocrx_word' id='word_1_99' title='bbox 1410 1734 1522 1818; x_wconf 90' lang='lat' dir='ltr'><strong>istud</strong></span> <span class='ocrx_word' id='word_1_100' title='bbox 1544 1730 1659 1840; x_wconf 88' lang='lat' dir='ltr'><strong>capi·</strong></span> 
     </span>
    </p>

    <p class='ocr_par' dir='ltr' id='par_1_6' title="bbox 109 1858 1657 1978">
     <span class='ocr_line' id='line_1_13' title="bbox 109 1858 1657 1978; baseline -0.005 -29"><span class='ocrx_word' id='word_1_101' title='bbox 109 1867 115 1878; x_wconf 89' lang='lat'>&#39;</span> <span class='ocrx_word' id='word_1_102' title='bbox 240 1867 372 1952; x_wconf 89' lang='lat' dir='ltr'><strong>tulum</strong></span> <span class='ocrx_word' id='word_1_103' title='bbox 393 1867 626 1972; x_wconf 84' lang='lat' dir='ltr'><strong>constitnit,</strong></span> <span class='ocrx_word' id='word_1_104' title='bbox 648 1869 744 1978; x_wconf 86' lang='lat' dir='ltr'><strong>quia</strong></span> <span class='ocrx_word' id='word_1_105' title='bbox 764 1867 844 1952; x_wconf 86' lang='lat' dir='ltr'><strong>nisi</strong></span> <span class='ocrx_word' id='word_1_106' title='bbox 858 1869 1093 1956; x_wconf 84' lang='lat' dir='ltr'><strong>sollicitudo</strong></span> <span class='ocrx_word' id='word_1_107' title='bbox 1112 1874 1220 1954; x_wconf 86' lang='lat' dir='ltr'><strong>esset</strong></span> <span class='ocrx_word' id='word_1_108' title='bbox 1240 1868 1428 1978; x_wconf 83' lang='lat' dir='ltr'><strong>designo</strong></span> <span class='ocrx_word' id='word_1_109' title='bbox 1445 1858 1657 1971; x_wconf 84' lang='lat' dir='ltr'><strong>tangendi,</strong></span> 
     </span>
    </p>

    <p class='ocr_par' dir='ltr' id='par_1_7' title="bbox 29 1989 1659 2241">
     <span class='ocr_line' id='line_1_14' title="bbox 29 1989 1659 2111; baseline -0.01 -26"><span class='ocrx_word' id='word_1_110' title='bbox 29 2005 33 2014; x_wconf 87' lang='lat'>&#39;</span> <span class='ocrx_word' id='word_1_111' title='bbox 130 2051 135 2064; x_wconf 53' lang='grc' dir='ltr'><em>ι</em></span> <span class='ocrx_word' id='word_1_112' title='bbox 239 2025 393 2107; x_wconf 85' lang='lat' dir='ltr'><strong>magna</strong></span> <span class='ocrx_word' id='word_1_113' title='bbox 433 1998 688 2111; x_wconf 77' lang='lat' dir='ltr'><strong>negligentia</strong></span> <span class='ocrx_word' id='word_1_114' title='bbox 728 2005 858 2100; x_wconf 87' lang='lat' dir='ltr'><strong>asset,</strong></span> <span class='ocrx_word' id='word_1_115' title='bbox 887 2028 938 2085; x_wconf 89' lang='lat' dir='ltr'><strong>eo</strong></span> <span class='ocrx_word' id='word_1_116' title='bbox 975 2001 1085 2111; x_wconf 91' lang='lat' dir='ltr'><strong>quod</strong></span> <span class='ocrx_word' id='word_1_117' title='bbox 1125 2002 1213 2110; x_wconf 87' lang='lat' dir='ltr'><strong>ipsc</strong></span> <span class='ocrx_word' id='word_1_118' title='bbox 1252 1999 1375 2083; x_wconf 84' lang='lat' dir='ltr'><strong>Pater</strong></span> <span class='ocrx_word' id='word_1_119' title='bbox 1411 1989 1659 2079; x_wconf 79' lang='lat' dir='ltr'><strong>Benedictus</strong></span> 
     </span>
     <span class='ocr_line' id='line_1_15' title="bbox 155 2129 1657 2241; baseline -0.007 -26"><span class='ocrx_word' id='word_1_120' title='bbox 155 2187 158 2194; x_wconf 85' lang='lat'>·</span> <span class='ocrx_word' id='word_1_121' title='bbox 240 2158 326 2214; x_wconf 88' lang='lat' dir='ltr'><strong>non</strong></span> <span class='ocrx_word' id='word_1_122' title='bbox 345 2129 458 2216; x_wconf 91' lang='lat' dir='ltr'><strong>omui</strong></span> <span class='ocrx_word' id='word_1_123' title='bbox 479 2136 666 2240; x_wconf 86' lang='lat' dir='ltr'><strong>tempore</strong></span> <span class='ocrx_word' id='word_1_124' title='bbox 683 2131 912 2241; x_wconf 88' lang='lat' dir='ltr'><strong>aequaliter</strong></span> <span class='ocrx_word' id='word_1_125' title='bbox 929 2133 1042 2231; x_wconf 77' lang='lat' dir='ltr'><strong>aicit,</strong></span> <span class='ocrx_word' id='word_1_126' title='bbox 1067 2137 1236 2218; x_wconf 84' lang='lat' dir='ltr'><strong>cantare</strong></span> <span class='ocrx_word' id='word_1_127' title='bbox 1253 2129 1416 2215; x_wconf 80' lang='lat' dir='ltr'><strong>tertiam</strong></span> <span class='ocrx_word' id='word_1_128' title='bbox 1434 2131 1477 2208; x_wconf 89' lang='lat' dir='ltr'><strong>et</strong></span> <span class='ocrx_word' id='word_1_129' title='bbox 1493 2149 1657 2205; x_wconf 87' lang='lat' dir='ltr'><strong>nouam.</strong></span> 
     </span>
    </p>

    <p class='ocr_par' dir='ltr' id='par_1_8' title="bbox 239 2249 1679 2636">
     <span class='ocr_line' id='line_1_16' title="bbox 242 2249 1679 2366; baseline -0.009 -23"><span class='ocrx_word' id='word_1_130' title='bbox 242 2257 298 2344; x_wconf 78' lang='lat' dir='ltr'><strong>m</strong></span> <span class='ocrx_word' id='word_1_131' title='bbox 324 2260 432 2346; x_wconf 83' lang='lat' dir='ltr'><strong>hauc</strong></span> <span class='ocrx_word' id='word_1_132' title='bbox 459 2289 598 2346; x_wconf 89' lang='lat' dir='ltr'><strong>curam</strong></span> <span class='ocrx_word' id='word_1_133' title='bbox 629 2290 712 2346; x_wconf 91' lang='lat' dir='ltr'><strong>uon</strong></span> <span class='ocrx_word' id='word_1_134' title='bbox 741 2263 832 2346; x_wconf 88' lang='lat' dir='ltr'><strong>aliis</strong></span> <span class='ocrx_word' id='word_1_135' title='bbox 859 2265 1098 2366; x_wconf 85' lang='lat' dir='ltr'><strong>constituit,</strong></span> <span class='ocrx_word' id='word_1_136' title='bbox 1127 2262 1207 2344; x_wconf 86' lang='lat' dir='ltr'><strong>uisi</strong></span> <span class='ocrx_word' id='word_1_137' title='bbox 1244 2259 1386 2344; x_wconf 84' lang='lat' dir='ltr'><strong>abbat-i</strong></span> <span class='ocrx_word' id='word_1_138' title='bbox 1427 2259 1501 2340; x_wconf 88' lang='lat' dir='ltr'><strong>ant</strong></span> <span class='ocrx_word' id='word_1_139' title='bbox 1538 2249 1679 2335; x_wconf 85' lang='lat' dir='ltr'><strong>iratri-</strong></span> 
     </span>
     <span class='ocr_line' id='line_1_17' title="bbox 239 2381 1659 2492; baseline -0.008 -18"><span class='ocrx_word' id='word_1_140' title='bbox 239 2391 444 2492; x_wconf 86' lang='lat' dir='ltr'><strong>sollicito;</strong></span> <span class='ocrx_word' id='word_1_141' title='bbox 485 2392 609 2479; x_wconf 88' lang='lat' dir='ltr'><strong>debet</strong></span> <span class='ocrx_word' id='word_1_142' title='bbox 641 2392 752 2477; x_wconf 91' lang='lat' dir='ltr'><strong>euim</strong></span> <span class='ocrx_word' id='word_1_143' title='bbox 787 2393 916 2478; x_wconf 87' lang='lat' dir='ltr'><strong>abbas</strong></span> <span class='ocrx_word' id='word_1_144' title='bbox 950 2393 1057 2479; x_wconf 87' lang='lat' dir='ltr'><strong>hauc</strong></span> <span class='ocrx_word' id='word_1_145' title='bbox 1085 2421 1226 2479; x_wconf 87' lang='lat' dir='ltr'><strong>curem</strong></span> <span class='ocrx_word' id='word_1_146' title='bbox 1254 2393 1513 2476; x_wconf 88' lang='lat' dir='ltr'><strong>committere</strong></span> <span class='ocrx_word' id='word_1_147' title='bbox 1540 2381 1659 2468; x_wconf 82' lang='lat' dir='ltr'><strong>fratri</strong></span> 
     </span>
     <span class='ocr_line' id='line_1_18' title="bbox 244 2515 1661 2636; baseline -0.006 -30"><span class='ocrx_word' id='word_1_148' title='bbox 244 2522 447 2625; x_wconf 82' lang='lat' dir='ltr'><strong>sollicito,</strong></span> <span class='ocrx_word' id='word_1_149' title='bbox 476 2523 548 2636; x_wconf 89' lang='lat' dir='ltr'><strong>qni</strong></span> <span class='ocrx_word' id='word_1_150' title='bbox 576 2523 758 2609; x_wconf 87' lang='lat' dir='ltr'><strong>studiose</strong></span> <span class='ocrx_word' id='word_1_151' title='bbox 787 2553 985 2636; x_wconf 85' lang='lat' dir='ltr'><strong>peragere</strong></span> <span class='ocrx_word' id='word_1_152' title='bbox 1012 2524 1158 2634; x_wconf 85' lang='lat' dir='ltr'><strong>possit.</strong></span> <span class='ocrx_word' id='word_1_153' title='bbox 1210 2522 1335 2612; x_wconf 82' lang='lat' dir='ltr'><strong>,Unde</strong></span> <span class='ocrx_word' id='word_1_154' title='bbox 1370 2519 1493 2604; x_wconf 88' lang='lat' dir='ltr'><strong>debet</strong></span> <span class='ocrx_word' id='word_1_155' title='bbox 1530 2515 1661 2600; x_wconf 83' lang='lat' dir='ltr'><strong>abbas</strong></span> 
     </span>
    </p>

    <p class='ocr_par' dir='ltr' id='par_1_9' title="bbox 124 2649 1763 2898">
     <span class='ocr_line' id='line_1_19' title="bbox 124 2649 1660 2760; baseline -0.007 -24"><span class='ocrx_word' id='word_1_156' title='bbox 124 2651 134 2668; x_wconf 88' lang='lat'>&#39;</span> <span class='ocrx_word' id='word_1_157' title='bbox 241 2652 303 2736; x_wconf 88' lang='lat' dir='ltr'><strong>illi</strong></span> <span class='ocrx_word' id='word_1_158' title='bbox 327 2652 505 2738; x_wconf 88' lang='lat' dir='ltr'><strong>sollicito</strong></span> <span class='ocrx_word' id='word_1_159' title='bbox 532 2657 655 2740; x_wconf 86' lang='lat' dir='ltr'><strong>talem</strong></span> <span class='ocrx_word' id='word_1_160' title='bbox 687 2656 893 2742; x_wconf 80' lang='lat' dir='ltr'><strong>licentiam</strong></span> <span class='ocrx_word' id='word_1_161' title='bbox 921 2657 1090 2759; x_wconf 83' lang='lat' dir='ltr'><strong>donare,</strong></span> <span class='ocrx_word' id='word_1_162' title='bbox 1120 2659 1167 2737; x_wconf 89' lang='lat' dir='ltr'><strong>ut</strong></span> <span class='ocrx_word' id='word_1_163' title='bbox 1194 2652 1319 2737; x_wconf 87' lang='lat' dir='ltr'><strong>etiam</strong></span> <span class='ocrx_word' id='word_1_164' title='bbox 1348 2652 1384 2734; x_wconf 86' lang='lat' dir='ltr'><strong>si</strong></span> <span class='ocrx_word' id='word_1_165' title='bbox 1414 2678 1487 2760; x_wconf 88' lang='lat' dir='ltr'><strong>pro</strong></span> <span class='ocrx_word' id='word_1_166' title='bbox 1516 2649 1660 2729; x_wconf 79' lang='lat' dir='ltr'><strong>aeaut</strong></span> 
     </span>
     <span class='ocr_line' id='line_1_20' title="bbox 242 2782 1763 2898; baseline -0.009 -30"><span class='ocrx_word' id='word_1_167' title='bbox 242 2789 350 2868; x_wconf 86' lang='lat' dir='ltr'><strong>l&#39;orte</strong></span> <span class='ocrx_word' id='word_1_168' title='bbox 391 2813 468 2895; x_wconf 90' lang='lat' dir='ltr'><strong>pro</strong></span> <span class='ocrx_word' id='word_1_169' title='bbox 502 2785 665 2896; x_wconf 85' lang='lat' dir='ltr'><strong>hospite</strong></span> <span class='ocrx_word' id='word_1_170' title='bbox 705 2794 779 2871; x_wconf 87' lang='lat' dir='ltr'><strong>aut</strong></span> <span class='ocrx_word' id='word_1_171' title='bbox 813 2787 970 2898; x_wconf 88' lang='lat' dir='ltr'><strong>aliquid</strong></span> <span class='ocrx_word' id='word_1_172' title='bbox 1005 2787 1089 2871; x_wconf 86' lang='lat' dir='ltr'><strong>lule</strong></span> <span class='ocrx_word' id='word_1_173' title='bbox 1127 2815 1209 2871; x_wconf 91' lang='lat' dir='ltr'><strong>nou</strong></span> <span class='ocrx_word' id='word_1_174' title='bbox 1238 2782 1421 2892; x_wconf 87' lang='lat' dir='ltr'><strong>potuerit</strong></span> <span class='ocrx_word' id='word_1_175' title='bbox 1448 2803 1661 2864; x_wconf 87' lang='lat' dir='ltr'><strong>occurrere</strong></span> <span class='ocrx_word' id='word_1_176' title='bbox 1759 2824 1763 2830; x_wconf 85' lang='lat'><em>.</em></span> 
     </span>
    </p>

    <p class='ocr_par' dir='ltr' id='par_1_10' title="bbox 153 2913 1661 3162">
     <span class='ocr_line' id='line_1_21' title="bbox 153 2913 1661 3026; baseline -0.005 -28"><span class='ocrx_word' id='word_1_177' title='bbox 153 2925 161 2946; x_wconf 89' lang='lat'>&#39;</span> <span class='ocrx_word' id='word_1_178' title='bbox 241 2913 353 2998; x_wconf 85' lang='lat' dir='ltr'><strong>horis</strong></span> <span class='ocrx_word' id='word_1_179' title='bbox 392 2917 722 3026; x_wconf 84' lang='lat' dir='ltr'><strong>competentibus</strong></span> <span class='ocrx_word' id='word_1_180' title='bbox 761 2919 812 3022; x_wconf 87' lang='lat' dir='ltr'><strong>ad</strong></span> <span class='ocrx_word' id='word_1_181' title='bbox 852 2918 1061 3026; x_wconf 83' lang='lat' dir='ltr'><strong>officium,</strong></span> <span class='ocrx_word' id='word_1_182' title='bbox 1089 2947 1174 3002; x_wconf 79' lang='lat' dir='ltr'><strong>aron</strong></span> <span class='ocrx_word' id='word_1_183' title='bbox 1215 2916 1457 3026; x_wconf 83' lang='lat' dir='ltr'><strong>exspectant</strong></span> <span class='ocrx_word' id='word_1_184' title='bbox 1491 2915 1661 3021; x_wconf 86' lang='lat' dir='ltr'><strong>propter</strong></span> 
     </span>
     <span class='ocr_line' id='line_1_22' title="bbox 156 3039 1658 3162; baseline -0.005 -33"><span class='ocrx_word' id='word_1_185' title='bbox 156 3039 374 3157; x_wconf 62' lang='lat' dir='ltr'><strong>*ipsum</strong></span> <span class='ocrx_word' id='word_1_186' title='bbox 404 3049 577 3150; x_wconf 80' lang='lat' dir='ltr'><strong>iratres,</strong></span> <span class='ocrx_word' id='word_1_187' title='bbox 607 3053 655 3133; x_wconf 89' lang='lat' dir='ltr'><strong>ut</strong></span> <span class='ocrx_word' id='word_1_188' title='bbox 686 3077 769 3136; x_wconf 89' lang='lat' dir='ltr'><strong>nou</strong></span> <span class='ocrx_word' id='word_1_189' title='bbox 803 3049 1003 3162; x_wconf 86' lang='lat' dir='ltr'><strong>impleant</strong></span> <span class='ocrx_word' id='word_1_190' title='bbox 1036 3051 1218 3138; x_wconf 84' lang='lat' dir='ltr'><strong>cilicium</strong></span> <span class='ocrx_word' id='word_1_191' title='bbox 1247 3048 1535 3146; x_wconf 84' lang='lat' dir='ltr'><strong>constitutum,</strong></span> <span class='ocrx_word' id='word_1_192' title='bbox 1565 3069 1658 3124; x_wconf 86' lang='lat' dir='ltr'><strong>mox</strong></span> 
     </span>
    </p>

    <p class='ocr_par' dir='ltr' id='par_1_11' title="bbox 131 3179 1664 3686">
     <span class='ocr_line' id='line_1_23' title="bbox 131 3179 1660 3294; baseline -0.005 -31"><span class='ocrx_word' id='word_1_193' title='bbox 131 3271 133 3278; x_wconf 56' lang='grc'>,</span> <span class='ocrx_word' id='word_1_194' title='bbox 244 3184 292 3262; x_wconf 89' lang='lat' dir='ltr'><strong>ut</strong></span> <span class='ocrx_word' id='word_1_195' title='bbox 308 3179 562 3289; x_wconf 84' lang='lat' dir='ltr'><strong>significatae</strong></span> <span class='ocrx_word' id='word_1_196' title='bbox 580 3182 737 3267; x_wconf 80' lang='lat' dir='ltr'><strong>fuerim</strong></span> <span class='ocrx_word' id='word_1_197' title='bbox 758 3183 886 3268; x_wconf 86' lang='lat' dir='ltr'><strong>horae</strong></span> <span class='ocrx_word' id='word_1_198' title='bbox 909 3184 990 3268; x_wconf 90' lang='lat' dir='ltr'><strong>diei</strong></span> <span class='ocrx_word' id='word_1_199' title='bbox 1020 3189 1146 3294; x_wconf 86' lang='lat' dir='ltr'><strong>atque</strong></span> <span class='ocrx_word' id='word_1_200' title='bbox 1167 3181 1316 3282; x_wconf 80' lang='lat' dir='ltr'><strong>noetis,</strong></span> <span class='ocrx_word' id='word_1_201' title='bbox 1345 3180 1441 3290; x_wconf 87' lang='lat' dir='ltr'><strong>qnia</strong></span> <span class='ocrx_word' id='word_1_202' title='bbox 1463 3202 1660 3286; x_wconf 87' lang='lat' dir='ltr'><strong>maguum</strong></span> 
     </span>
     <span class='ocr_line' id='line_1_24' title="bbox 244 3303 1663 3423; baseline -0.005 -31"><span class='ocrx_word' id='word_1_203' title='bbox 244 3310 397 3394; x_wconf 83' lang='lat' dir='ltr'><strong>rualem</strong></span> <span class='ocrx_word' id='word_1_204' title='bbox 427 3315 761 3399; x_wconf 86' lang='lat' dir='ltr'><strong>murmurationis</strong></span> <span class='ocrx_word' id='word_1_205' title='bbox 789 3320 908 3417; x_wconf 83' lang='lat' dir='ltr'><strong>esset,</strong></span> <span class='ocrx_word' id='word_1_206' title='bbox 935 3316 971 3398; x_wconf 89' lang='lat' dir='ltr'><strong>si</strong></span> <span class='ocrx_word' id='word_1_207' title='bbox 995 3343 1071 3423; x_wconf 86' lang='lat' dir='ltr'><strong>pro</strong></span> <span class='ocrx_word' id='word_1_208' title='bbox 1088 3314 1151 3397; x_wconf 87' lang='lat' dir='ltr'><strong>sni</strong></span> <span class='ocrx_word' id='word_1_209' title='bbox 1171 3313 1479 3422; x_wconf 85' lang='lat' dir='ltr'><strong>exspectatione</strong></span> <span class='ocrx_word' id='word_1_210' title='bbox 1497 3303 1663 3415; x_wconf 85' lang='lat' dir='ltr'><strong>neglec-</strong></span> 
     </span>
     <span class='ocr_line' id='line_1_25' title="bbox 242 3439 1664 3548; baseline -0.005 -25"><span class='ocrx_word' id='word_1_211' title='bbox 242 3445 331 3523; x_wconf 88' lang='lat' dir='ltr'><strong>tum</strong></span> <span class='ocrx_word' id='word_1_212' title='bbox 361 3439 486 3524; x_wconf 84' lang='lat' dir='ltr'><strong>inerit</strong></span> <span class='ocrx_word' id='word_1_213' title='bbox 520 3445 702 3528; x_wconf 83' lang='lat' dir='ltr'><strong>studium</strong></span> <span class='ocrx_word' id='word_1_214' title='bbox 731 3445 950 3546; x_wconf 82' lang='lat' dir='ltr'><strong>horarum,</strong></span> <span class='ocrx_word' id='word_1_215' title='bbox 977 3450 1021 3530; x_wconf 88' lang='lat' dir='ltr'><strong>et</strong></span> <span class='ocrx_word' id='word_1_216' title='bbox 1059 3445 1240 3528; x_wconf 80' lang='lat' dir='ltr'><strong>cilicium</strong></span> <span class='ocrx_word' id='word_1_217' title='bbox 1279 3469 1364 3525; x_wconf 77' lang='lat' dir='ltr'><strong>aron</strong></span> <span class='ocrx_word' id='word_1_218' title='bbox 1406 3439 1664 3548; x_wconf 88' lang='lat' dir='ltr'><strong>compleatur</strong></span> 
     </span>
     <span class='ocr_line' id='line_1_26' title="bbox 244 3568 1225 3686; baseline 0.005 -34"><span class='ocrx_word' id='word_1_219' title='bbox 244 3568 357 3652; x_wconf 84' lang='lat' dir='ltr'><strong>horis</strong></span> <span class='ocrx_word' id='word_1_220' title='bbox 384 3573 580 3681; x_wconf 85' lang='lat' dir='ltr'><strong>congruis</strong></span> <span class='ocrx_word' id='word_1_221' title='bbox 607 3580 732 3684; x_wconf 70' lang='lat' dir='ltr'><strong>atoue</strong></span> <span class='ocrx_word' id='word_1_222' title='bbox 760 3577 928 3659; x_wconf 86' lang='lat' dir='ltr'><strong>statutis</strong></span> <span class='ocrx_word' id='word_1_223' title='bbox 958 3574 1225 3686; x_wconf 85' lang='lat' dir='ltr'><strong>temporibus.</strong></span> 
     </span>
    </p>
   </div>
   <div class='ocr_carea' id='block_1_3' title="bbox 621 3745 1185 3898">
    <p class='ocr_par' dir='ltr' id='par_1_12' title="bbox 621 3745 1185 3898">
     <span class='ocr_line' id='line_1_27' title="bbox 621 3745 1185 3898; baseline -0.004 -22"><span class='ocrx_word' id='word_1_224' title='bbox 621 3745 625 3754; x_wconf 76' lang='grc'><strong>’</strong></span> <span class='ocrx_word' id='word_1_225' title='bbox 722 3791 825 3898; x_wconf 71' lang='lat' dir='ltr'><strong>cap.</strong></span> <span class='ocrx_word' id='word_1_226' title='bbox 857 3789 1185 3877; x_wconf 79' lang='lat' dir='ltr'><strong>xxxxmm.</strong></span> 
     </span>
    </p>
   </div>
   <div class='ocr_carea' id='block_1_4' title="bbox 511 3967 1397 4063">
    <p class='ocr_par' dir='ltr' id='par_1_13' title="bbox 511 3967 1397 4063">
     <span class='ocr_line' id='line_1_28' title="bbox 511 3967 1397 4063; baseline -0.001 -17"><span class='ocrx_word' id='word_1_227' title='bbox 511 3971 579 4046; x_wconf 76' lang='lat' dir='ltr'><strong>llll</strong></span> <span class='ocrx_word' id='word_1_228' title='bbox 607 3969 774 4048; x_wconf 74' lang='lat' dir='ltr'><strong>Ol’ffltss</strong></span> <span class='ocrx_word' id='word_1_229' title='bbox 804 3972 1039 4050; x_wconf 76' lang='lat' dir='ltr'><strong>MANUUM</strong></span> <span class='ocrx_word' id='word_1_230' title='bbox 1060 3967 1397 4063; x_wconf 77' lang='lat' dir='ltr'><strong>QUO&#39;l&#39;llllANO.</strong></span> 
     </span>
    </p>
   </div>
   <div class='ocr_carea' id='block_1_5' title="bbox 84 4112 1694 5012">
    <p class='ocr_par' dir='ltr' id='par_1_14' title="bbox 246 4112 1694 4362">
     <span class='ocr_line' id='line_1_29' title="bbox 354 4112 1667 4228; baseline -0.002 -28"><span class='ocrx_word' id='word_1_231' title='bbox 354 4117 460 4220; x_wconf 85' lang='lat' dir='ltr'><strong>Quia</strong></span> <span class='ocrx_word' id='word_1_232' title='bbox 500 4145 585 4200; x_wconf 91' lang='lat' dir='ltr'><strong>nou</strong></span> <span class='ocrx_word' id='word_1_233' title='bbox 624 4144 709 4201; x_wconf 91' lang='lat' dir='ltr'><strong>uno</strong></span> <span class='ocrx_word' id='word_1_234' title='bbox 745 4117 870 4201; x_wconf 93' lang='lat' dir='ltr'><strong>modo</strong></span> <span class='ocrx_word' id='word_1_235' title='bbox 910 4147 1053 4204; x_wconf 88' lang='lat' dir='ltr'><strong>omnes</strong></span> <span class='ocrx_word' id='word_1_236' title='bbox 1088 4117 1179 4228; x_wconf 82' lang='lat' dir='ltr'><strong>ipsa</strong></span> <span class='ocrx_word' id='word_1_237' title='bbox 1218 4147 1343 4228; x_wconf 89' lang='lat' dir='ltr'><strong>opera</strong></span> <span class='ocrx_word' id='word_1_238' title='bbox 1378 4119 1533 4227; x_wconf 87' lang='lat' dir='ltr'><strong>agunt,</strong></span> <span class='ocrx_word' id='word_1_239' title='bbox 1564 4112 1667 4198; x_wconf 89' lang='lat' dir='ltr'><strong>dicit</strong></span> 
     </span>
     <span class='ocr_line' id='line_1_30' title="bbox 246 4243 1694 4362; baseline -0.005 -30"><span class='ocrx_word' id='word_1_240' title='bbox 246 4247 293 4338; x_wconf 90' lang='lat' dir='ltr'><strong>B.</strong></span> <span class='ocrx_word' id='word_1_241' title='bbox 324 4247 582 4358; x_wconf 78' lang='lat' dir='ltr'><strong>Augustinus</strong></span> <span class='ocrx_word' id='word_1_242' title='bbox 609 4248 653 4332; x_wconf 88' lang='lat' dir='ltr'><strong>iu</strong></span> <span class='ocrx_word' id='word_1_243' title='bbox 687 4249 807 4355; x_wconf 83' lang='lat' dir='ltr'><strong>libro,</strong></span> <span class='ocrx_word' id='word_1_244' title='bbox 837 4250 909 4362; x_wconf 91' lang='lat' dir='ltr'><strong>qui</strong></span> <span class='ocrx_word' id='word_1_245' title='bbox 929 4255 1099 4335; x_wconf 89' lang='lat' dir='ltr'><strong>vocatur</strong></span> <span class='ocrx_word' id='word_1_246' title='bbox 1120 4249 1170 4334; x_wconf 88' lang='lat' dir='ltr'><strong>dc</strong></span> <span class='ocrx_word' id='word_1_247' title='bbox 1184 4277 1305 4356; x_wconf 82' lang='lat' dir='ltr'><strong>opere</strong></span> <span class='ocrx_word' id='word_1_248' title='bbox 1323 4245 1619 4346; x_wconf 73' lang='lat' dir='ltr'><strong>snooeeaorma,</strong></span> <span class='ocrx_word' id='word_1_249' title='bbox 1634 4243 1667 4352; x_wconf 88' lang='lat'><strong>¹)</strong></span> <span class='ocrx_word' id='word_1_250' title='bbox 1689 4339 1694 4348; x_wconf 27' lang='grc' dir='ltr'>Ι</span> 
     </span>
    </p>

    <p class='ocr_par' dir='ltr' id='par_1_15' title="bbox 84 4376 1667 4882">
     <span class='ocr_line' id='line_1_31' title="bbox 84 4376 1665 4486; baseline -0.003 -20"><span class='ocrx_word' id='word_1_251' title='bbox 84 4463 85 4466; x_wconf 12' lang='lat' dir='ltr'><strong>a</strong></span> <span class='ocrx_word' id='word_1_252' title='bbox 219 4379 327 4480; x_wconf 70' lang='lat' dir='ltr'><strong>‚hoc</strong></span> <span class='ocrx_word' id='word_1_253' title='bbox 356 4379 500 4466; x_wconf 90' lang='lat' dir='ltr'><strong>modo:</strong></span> <span class='ocrx_word' id='word_1_254' title='bbox 539 4381 671 4466; x_wconf 82' lang='lat' dir='ltr'><strong>Aliud</strong></span> <span class='ocrx_word' id='word_1_255' title='bbox 697 4386 756 4465; x_wconf 84' lang='lat' dir='ltr'><strong>est</strong></span> <span class='ocrx_word' id='word_1_256' title='bbox 783 4383 904 4486; x_wconf 56' lang='lat' dir='ltr'><strong>elisa,</strong></span> <span class='ocrx_word' id='word_1_257' title='bbox 932 4408 1097 4486; x_wconf 82' lang='lat' dir='ltr'><strong>corpore</strong></span> <span class='ocrx_word' id='word_1_258' title='bbox 1132 4380 1321 4465; x_wconf 82' lang='lat' dir='ltr'><strong>laboro-re</strong></span> <span class='ocrx_word' id='word_1_259' title='bbox 1356 4378 1494 4464; x_wconf 72' lang='lat' dir='ltr'><strong>esaiam</strong></span> <span class='ocrx_word' id='word_1_260' title='bbox 1527 4376 1665 4478; x_wconf 82' lang='lat' dir='ltr'><strong>libero,</strong></span> 
     </span>
     <span class='ocr_line' id='line_1_32' title="bbox 94 4507 1666 4619; baseline -0.002 -23"><span class='ocrx_word' id='word_1_261' title='bbox 94 4577 97 4583; x_wconf 84' lang='lat'>.</span> <span class='ocrx_word' id='word_1_262' title='bbox 244 4513 349 4595; x_wconf 74' lang='lat' dir='ltr'><strong>siccat</strong></span> <span class='ocrx_word' id='word_1_263' title='bbox 375 4512 514 4619; x_wconf 69' lang='lat' dir='ltr'><strong>opifex</strong></span> <span class='ocrx_word' id='word_1_264' title='bbox 534 4516 678 4618; x_wconf 81' lang='lat' dir='ltr'><strong>potest,</strong></span> <span class='ocrx_word' id='word_1_265' title='bbox 705 4511 745 4595; x_wconf 85' lang='lat' dir='ltr'><strong>si</strong></span> <span class='ocrx_word' id='word_1_266' title='bbox 770 4539 852 4595; x_wconf 82' lang='lat' dir='ltr'><strong>eoa</strong></span> <span class='ocrx_word' id='word_1_267' title='bbox 879 4513 935 4598; x_wconf 87' lang='lat' dir='ltr'><strong>sit</strong></span> <span class='ocrx_word' id='word_1_268' title='bbox 958 4509 1246 4615; x_wconf 78' lang='lat' dir='ltr'><strong>[roralaelentas</strong></span> <span class='ocrx_word' id='word_1_269' title='bbox 1272 4517 1310 4596; x_wconf 84' lang='lat' dir='ltr'><strong>ct</strong></span> <span class='ocrx_word' id='word_1_270' title='bbox 1335 4535 1487 4595; x_wconf 79' lang='lat' dir='ltr'><strong>amaram</strong></span> <span class='ocrx_word' id='word_1_271' title='bbox 1510 4515 1548 4594; x_wconf 85' lang='lat' dir='ltr'><strong>ct</strong></span> <span class='ocrx_word' id='word_1_272' title='bbox 1574 4507 1666 4614; x_wconf 82' lang='lat' dir='ltr'><strong>pri·</strong></span> 
     </span>
     <span class='ocr_line' id='line_1_33' title="bbox 246 4641 1667 4748; baseline -0.004 -21"><span class='ocrx_word' id='word_1_273' title='bbox 246 4647 364 4727; x_wconf 85' lang='lat' dir='ltr'><strong>notae</strong></span> <span class='ocrx_word' id='word_1_274' title='bbox 390 4643 648 4742; x_wconf 69' lang='lat' dir='ltr'><strong>reincidam</strong></span> <span class='ocrx_word' id='word_1_275' title='bbox 676 4643 946 4726; x_wconf 80' lang='lat' dir='ltr'><strong>alludentem</strong></span> <span class='ocrx_word' id='word_1_276' title='bbox 973 4641 1109 4748; x_wconf 81' lang='lat' dir='ltr'><strong>ipsum</strong></span> <span class='ocrx_word' id='word_1_277' title='bbox 1128 4643 1310 4728; x_wconf 77' lang='lat' dir='ltr'><strong>aeriorum</strong></span> <span class='ocrx_word' id='word_1_278' title='bbox 1335 4668 1530 4748; x_wconf 78' lang='lat' dir='ltr'><strong>ocmrporc</strong></span> <span class='ocrx_word' id='word_1_279' title='bbox 1556 4641 1667 4724; x_wconf 84' lang='lat' dir='ltr'><strong>caris</strong></span> 
     </span>
     <span class='ocr_line' id='line_1_34' title="bbox 248 4770 1667 4882; baseline -0.005 -23"><span class='ocrx_word' id='word_1_280' title='bbox 248 4771 496 4882; x_wconf 71' lang='lat' dir='ltr'><strong>ealipeaoae</strong></span> <span class='ocrx_word' id='word_1_281' title='bbox 522 4773 612 4859; x_wconf 83' lang='lat' dir='ltr'><strong>siae</strong></span> <span class='ocrx_word' id='word_1_282' title='bbox 639 4775 821 4880; x_wconf 82' lang='lat' dir='ltr'><strong>corporis</strong></span> <span class='ocrx_word' id='word_1_283' title='bbox 847 4776 986 4861; x_wconf 80' lang='lat' dir='ltr'><strong>latore</strong></span> <span class='ocrx_word' id='word_1_284' title='bbox 994 4774 1207 4882; x_wconf 71' lang='lat' dir='ltr'><strong>paneadae,</strong></span> <span class='ocrx_word' id='word_1_285' title='bbox 1233 4773 1337 4858; x_wconf 69' lang='lat' dir='ltr'><strong>moret</strong></span> <span class='ocrx_word' id='word_1_286' title='bbox 1352 4778 1447 4859; x_wconf 77' lang='lat' dir='ltr'><strong>eeo</strong></span> <span class='ocrx_word' id='word_1_287' title='bbox 1464 4770 1526 4855; x_wconf 87' lang='lat' dir='ltr'><strong>cel</strong></span> <span class='ocrx_word' id='word_1_288' title='bbox 1547 4795 1667 4880; x_wconf 80' lang='lat' dir='ltr'><strong>aepo-</strong></span> 
     </span>
    </p>

    <p class='ocr_par' dir='ltr' id='par_1_16' title="bbox 110 4905 1667 5012">
     <span class='ocr_line' id='line_1_35' title="bbox 110 4905 1667 5012; baseline -0.003 -22"><span class='ocrx_word' id='word_1_289' title='bbox 110 4959 114 4968; x_wconf 40' lang='grc' dir='ltr'>ι</span> <span class='ocrx_word' id='word_1_290' title='bbox 245 4905 411 4990; x_wconf 79' lang='lat' dir='ltr'><strong>lictores</strong></span> <span class='ocrx_word' id='word_1_291' title='bbox 445 4905 506 4989; x_wconf 84' lang='lat' dir='ltr'><strong>vel</strong></span> <span class='ocrx_word' id='word_1_292' title='bbox 538 4912 825 5012; x_wconf 82' lang='lat' dir='ltr'><strong>procuratores</strong></span> <span class='ocrx_word' id='word_1_293' title='bbox 861 4905 923 4994; x_wconf 85' lang='lat' dir='ltr'><strong>ecl</strong></span> <span class='ocrx_word' id='word_1_294' title='bbox 958 4910 1240 5012; x_wconf 64' lang='lat' dir='ltr'><strong>coenonema,-</strong></span> <span class='ocrx_word' id='word_1_295' title='bbox 1277 4933 1376 4993; x_wconf 85' lang='lat' dir='ltr'><strong>cara</strong></span> <span class='ocrx_word' id='word_1_296' title='bbox 1412 4905 1518 4990; x_wconf 85' lang='lat' dir='ltr'><strong>caim</strong></span> <span class='ocrx_word' id='word_1_297' title='bbox 1539 4928 1667 5010; x_wconf 84' lang='lat' dir='ltr'><strong>proc·</strong></span> 
     </span>
    </p>
   </div>
   <div class='ocr_carea' id='block_1_6' title="bbox 278 5155 676 5260">
    <p class='ocr_par' dir='ltr' id='par_1_17' title="bbox 278 5155 676 5260">
     <span class='ocr_line' id='line_1_36' title="bbox 278 5155 676 5260; baseline 0 -19"><span class='ocrx_word' id='word_1_298' title='bbox 278 5155 281 5163; x_wconf 44' lang='lat'><strong>¹</strong></span> <span class='ocrx_word' id='word_1_299' title='bbox 337 5173 364 5260; x_wconf 82' lang='grc' dir='ltr'><strong>Ι)</strong></span> <span class='ocrx_word' id='word_1_300' title='bbox 385 5189 463 5258; x_wconf 73' lang='lat' dir='ltr'><strong>cap.</strong></span> <span class='ocrx_word' id='word_1_301' title='bbox 488 5169 542 5240; x_wconf 80' lang='lat' dir='ltr'><strong>m.</strong></span> <span class='ocrx_word' id='word_1_302' title='bbox 563 5193 598 5240; x_wconf 86' lang='lat' dir='ltr'><strong>u.</strong></span> <span class='ocrx_word' id='word_1_303' title='bbox 625 5168 676 5241; x_wconf 78' lang='lat'><strong>16.</strong></span> 
     </span>
    </p>
   </div>
   <div class='ocr_carea' id='block_1_7' title="bbox 0 0 1998 5764">
    <p class='ocr_par' dir='ltr' id='par_1_18' title="bbox 0 0 1998 5764">
     <span class='ocr_line' id='line_1_37' title="bbox 0 0 1998 5764; baseline 0 0"><span class='ocrx_word' id='word_1_304' title='bbox 0 0 1998 5764; x_wconf 95' lang='lat' dir='ltr'><strong> </strong></span> 
     </span>
    </p>
   </div>
  </div>
 </body>
</html>
