3934 5762
863 201 1046 296 Prologus.
1598 205 1652 290 33

217 425 362 511 ¹dicit:
405 423 606 508 Timorem
642 423 814 508 Domini
853 423 1103 509 decederes.
1163 423 1217 508 m
1246 423 1350 510 bene
1378 423 1538 525 eddidit
1567 421 1651 506 De·

242 557 356 659 orricii,
385 556 482 666 quin
512 582 595 638 nrm
626 555 814 640 timorem
846 554 1037 656 nononis,
1067 554 1137 636 sed
1168 555 1355 638 timorem
1387 553 1549 637 Domini
1578 553 1652 634 du·

179 679 181 684 ¹
241 716 333 772 cere
361 687 566 796 cupiebat,
593 713 640 770 uo
669 685 703 769 si
732 687 906 770 diecret:
952 684 1048 770 Non
1078 685 1265 768 timorem
1295 683 1542 787 lnnrrenmn,
1580 683 1652 766 sod

245 817 407 902 Domini
426 843 496 901 ros
512 815 679 918 docebo,
708 817 805 926 quin
827 817 951 900 timor
968 813 1145 898 hominis
1167 843 1343 926 poenum
1363 813 1499 916 hebet,
1529 813 1653 897 tinnn·

243 977 336 1032 reru
370 946 534 1034 Domini
564 975 646 1032 non
677 975 865 1056 poenmn,
894 945 964 1030 sed
994 945 1175 1054 recnriem
1206 944 1342 1032 luibet.
1401 943 1493 1028 Vox
1513 945 1651 1028 :uitem

133 1063 134 1067 Ν
242 1079 318 1161 iste
354 1079 479 1160 etium
521 1078 732 1162 nioruliter
769 1083 907 1188 potest
945 1075 1136 1182 intelligi.
1195 1075 1347 1160 Durnes
1379 1081 1538 1176 utitem,
1582 1075 1651 1186 qui

241 1213 334 1316 punt
362 1207 664 1318 perceptionem
695 1209 953 1320 baptismatis
981 1208 1032 1292 ud
1058 1207 1159 1292 vitiu
1188 1211 1472 1307 revertuntur,
1510 1235 1535 1288 u
1564 1208 1651 1292 Dee

243 1339 607 1444 negarentque,
647 1347 690 1422 et
728 1349 868 1424 tumen
907 1367 990 1424 nen
1031 1337 1225 1448 pedibus,
1268 1339 1338 1450 sed
1379 1335 1560 1422 moribus
1591 1364 1651 1420 re·
1721 1355 1723 1359 ·

239 1468 409 1566 scurnum
442 1498 534 1553 unm
554 1471 588 1552 si
612 1497 695 1554 nou
717 1469 975 1554 recessissent
996 1472 1244 1580 peccateres,
1275 1497 1534 1580 neqmcqumn
1558 1467 1649 1550 iiius

239 1627 371 1683 sermo
402 1597 666 1709 propheticus
696 1607 878 1684 recesset
906 1599 1055 1702 venire,
1094 1597 1189 1720 qum
1220 1598 1374 1696 nemini
1403 1599 1554 1684 dieitur
1584 1625 1651 1682 ve·
1718 1599 1719 1604 ‘
1797 1582 1799 1586 ’

150 1715 158 1762 ”
240 1732 328 1816 nire
358 1729 433 1814 :risi
464 1731 541 1832 ini,
570 1731 640 1840 qui
671 1729 837 1835 recedit,
865 1759 912 1816 ee
936 1731 970 1814 si
1000 1731 1111 1816 dicut
1134 1728 1193 1814 ini
1216 1759 1349 1816 sermo
1374 1729 1649 1842 propheticus,

238 1891 331 1946 eum
355 1861 456 1946 dicit.
472 1861 578 1946 iltis:
618 1859 766 1962 Venite,
780 1861 875 1968 liiii,
893 1863 1031 1948 andito
1050 1890 1126 1964 nco,
1151 1861 1284 1966 idest,
1313 1863 1411 1972 <quiin
1432 1858 1652 1946 recessistis

239 2023 265 2077 n
296 1995 379 2079 Dee
409 1995 544 2102 pruris
574 1995 768 2098 moribus,
804 1994 989 2102 quemue
1025 2021 1110 2077 uon
1140 1994 1238 2095 sule,
1275 1993 1365 2078 ideo
1396 1993 1538 2077 hortor
1567 1995 1655 2086 rosi

238 2155 262 2206 ο
294 2132 537 2234 peccatores,
569 2125 700 2227 idest,
731 2124 866 2209 flendo
886 2123 1022 2207 venite
1044 2128 1087 2207 et
1108 2123 1356 2236 poenitende
1375 2127 1499 2234 atque
1519 2151 1651 2207 mores

242 2263 394 2338 vestros
424 2257 670 2366 corrigendo
700 2235 869 2344 renuite.¹
906 2256 959 2340 Et
995 2283 1103 2338 rruiue
1142 2254 1375 2340 videndum·
1398 2259 1485 2356 est,
1527 2282 1652 2362 qnnre

238 2389 346 2472 dicut
380 2386 473 2496 (iiii,
503 2389 536 2472 si
567 2387 850 2498 peecatoribus
879 2387 1009 2472 dicit?
1065 2386 1163 2472 Ideo
1200 2387 1302 2472 dicit
1339 2385 1433 2491 filii,
1462 2390 1510 2468 ut
1536 2383 1653 2469 audi·
1771 2489 1775 2497 .
1896 2421 1898 2428 ⁴

238 2523 341 2605 eudo
382 2547 532 2606 neuun
561 2519 638 2625 filii
666 2547 749 2604 nou
779 2547 822 2604 se
850 2519 1090 2630 desperent,
1131 2517 1201 2604 sed
1237 2519 1509 2612 confidentiae
1547 2519 1650 2602 vires

237 2637 412 2756 suuimnt,
450 2680 498 2738 ue
525 2651 558 2736 si
589 2652 762 2737 diceret:
800 2649 941 2736 Nolite
970 2651 1198 2762 desperare,
1227 2651 1298 2738 sed
1329 2648 1520 2735 fiduciam
1550 2675 1649 2735 eon·

150 2799 154 2808 '
239 2784 421 2869 vertendi
450 2790 575 2898 utque
604 2780 841 2894 poeniteudi
869 2783 1030 2868 sumite.
1241 2787 1243 2792 ’

344 2916 557 3027 Sequitur:
598 2916 748 3002 Accone
774 2939 848 3014 rece,
888 2942 936 2997 ne
965 2915 999 2998 si
1029 2915 1203 3001 diceret:
1244 2915 1335 3002 Nisi
1364 2915 1476 3028 prins
1508 2915 1649 3001 volun·
1720 2915 1723 2920 ‘

237 3053 362 3130 tutem
403 3045 667 3133 corrrortendi
711 3071 780 3130 sen
820 3044 1059 3154 poeniteudi
1100 3045 1345 3150 liubneritis,
1390 3075 1648 3160 nequnqumn

236 3178 603 3290 potentissimus,
632 3205 737 3288 quae
767 3205 837 3262 ros
867 3176 1058 3265 docuero.

344 3309 561 3432 Sequitur:
608 3307 808 3394 Timorem
838 3307 1010 3398 Doncini
1038 3307 1181 3396 docebo
1209 3334 1290 3395 roc.
1345 3308 1472 3422 ¹Nune
1501 3313 1649 3398 iterum

238 3441 455 3528 ridendum
485 3447 559 3544 est,
599 3468 725 3550 quere
755 3439 884 3526 dixit:
916 3442 1119 3543 timorem,
1161 3446 1204 3526 et
1231 3470 1314 3530 ueni
1345 3441 1470 3527 dixit:
1502 3443 1650 3528 fidem?

127 3627 130 3634 -
236 3569 332 3656 'ideo
361 3599 447 3657 uon
476 3571 601 3656 dixit:
633 3571 767 3671 tidem,
796 3571 893 3680 quie
922 3599 1168 3684 quemquem
1191 3571 1488 3683 peccatoribus,
1513 3579 1650 3658 tanuen

235 3701 421 3787 fidelibus
462 3703 658 3814 loquitur.
717 3700 773 3786 et.
808 3729 934 3810 quere
973 3731 1073 3814 ergo
1118 3731 1200 3790 nou
1240 3703 1366 3788 dixit:
1406 3704 1651 3789 ceritatem?

235 3829 332 3930 ldeo
368 3861 451 3920 uon
493 3834 621 3919 dixit:
663 3832 898 3937 enritutem,
939 3834 1009 3941 sed
1049 3833 1258 3938 timorem,
1300 3834 1397 3946 quin
1440 3837 1587 3924 mritns
1625 3865 1650 3919 n

235 3963 379 4050 timore
409 3964 630 4051 inchoatur
658 3972 700 4054 et
729 3963 808 4053 uisi
837 3965 1064 4066 ntimeute
1094 3964 1228 4052 Deum
1265 3995 1347 4050 non
1384 3966 1572 4073 hebetur,
1601 3996 1650 4053 eo

234 4096 341 4205 quod
370 4097 685 4186 fundamentum
715 4096 847 4184 omnis
877 4096 976 4182 boni
1005 4099 1140 4208 operis
1171 4097 1297 4187 timor
1317 4096 1392 4184 Dei
1418 4105 1492 4186 est.
1534 4099 1651 4184 Unde
1718 4087 1720 4092 ’

223 4224 435 4344 ‚Dominus
474 4229 575 4318 dicit
609 4229 661 4314 ed
696 4227 801 4315 Job:
867 4225 947 4314 Uiri
983 4254 1096 4331 eres.
1139 4230 1300 4340 quondo
1342 4229 1649 4338 lecrrdomcntmn'

233 4362 365 4450 terrac
390 4359 625 4468 perseam?
665 4359 795 4449 Istum
826 4357 936 4449 enirn
957 4361 1201 4452 versieulum
1223 4365 1271 4452 B.
1292 4362 1404 4474 Papa
1426 4361 1649 4472 Gregorius

234 4489 403 4605 exponit
441 4491 602 4580 dieses:
648 4493 732 4580 Per
759 4501 913 4582 terrum
940 4490 1179 4604 intciiiyitor
1201 4495 1341 4580 orcirno
1355 4493 1579 4603 preconio,
1613 4501 1649 4578 ct

227 4645 305 4726 per
337 4624 644 4728 lnrrdomcrdnm
673 4623 914 4736 irrteilim'tnr
950 4623 1071 4710 tincor
1099 4625 1195 4730 Ire,
1231 4625 1326 4736 qnia
1354 4624 1455 4711 sinit
1482 4623 1526 4724 in
1552 4625 1648 4730 snn·
1699 4675 1703 4688 ·

232 4752 417 4842 darncnto
444 4761 576 4844 onnus
613 4759 748 4866 operis
771 4757 935 4870 [odrico
972 4749 1207 4863 collocetur,
1249 4758 1309 4846 ilo
1348 4763 1386 4846 ei
1423 4755 1465 4848 in
1506 4754 1648 4842 tirrroro

233 4879 314 4972 De
352 4887 483 4986 orionis
522 4888 616 4976 iconi
642 4891 777 5004 operio
801 4889 964 4999 lubrico
992 4891 1259 4981 conticentur.
1754 4881 1758 4888 ’

251 5031 253 5041 ’
342 5017 557 5137 Sequitur:
605 5021 778 5128 Onrritc,
805 5021 903 5110 deor
931 5019 1064 5124 iernen
1092 5019 1197 5109 vitoe
1223 5018 1389 5126 iacietis,
1418 5045 1468 5109 nc
1495 5045 1565 5107 eos
1593 5028 1648 5108 tc·

234 5150 381 5238 cicinno
408 5152 551 5248 risoriis
579 5154 927 5274 comprehendent.
989 5155 1172 5265 Gemite,
1215 5179 1263 5239 nc
1292 5153 1326 5238 si
1356 5153 1508 5240 diceret
1535 5157 1646 5266 curis:

300 5297 489 5364 [indemnem.
507 5301 656 5366 erpuinum
675 5301 797 5368 regulus·
1369 5337 1372 5346 ·
1411 5292 1437 5372 3
