3968 5774
822 159 908 254 cap.
932 160 1062 234 xxxi.
1211 203 1213 210 .
1569 171 1650 256 377
1690 129 1694 250 s
1741 270 1748 281 .

245 389 315 489 bit,
345 385 378 470 si
401 382 621 468 secundum
650 411 765 467 sunm
791 385 1060 470 ministerium
1090 413 1212 496 agere
1233 386 1420 492 voluerit,
1450 389 1494 471 in
1520 389 1672 484 abba·¹
1741 387 1748 400 ’

245 528 349 621 tem,
391 520 466 602 ent
493 522 627 610 certe,
668 515 701 599 si
743 515 876 600 minue
913 505 1033 626 qnam
1064 545 1181 600 suum
1211 517 1479 626 ministerium
1509 519 1649 628 'egerit
1750 526 1754 534 '

244 651 283 732 in
314 646 447 730 dando
477 645 539 727 vel
565 645 795 750 retinendo,
826 647 1011 757 peccabit
1036 649 1075 730 iu
1103 647 1302 758 regulam,
1331 649 1355 733 i.
1378 679 1413 734 e.
1441 651 1483 732 iu
1506 651 1648 738 Deum.

244 783 283 862 δί
322 806 415 860 vero
452 776 645 884 majorem
688 785 932 888 potestatem
976 778 1190 881 babuerit,
1220 805 1339 888 quam
1377 781 1532 889 justum
1573 788 1646 882 est,

243 909 361 994 dandi
406 909 467 990 rel
505 909 729 1009 retinendi,
761 909 946 1020 peccabit
985 909 1026 991 in
1068 910 1272 1020 regulam,
1303 909 1329 996 i.
1360 941 1393 996 e.
1424 912 1464 996 in
1496 913 1642 999 Deum.

247 1041 373 1124 llebet
413 1039 519 1121 enim
559 1038 617 1121 illi
653 1039 779 1122 abbas
819 1042 1068 1124 constituere
1104 1042 1184 1123 isto
1223 1042 1369 1124 modo:
1411 1071 1447 1129 r.
1478 1071 1542 1153 gr.
1572 1047 1681 1146 sub·

113 1171 114 1174 ‘
242 1201 335 1254 eura
374 1175 445 1251 tua
484 1169 566 1252 sint
603 1171 806 1272 infantes,
835 1171 1041 1282 hospites,
1071 1171 1246 1272 infirmi,
1273 1200 1497 1281 pauperes,
1527 1175 1647 1276 servi,
1697 1228 1702 1238 ·
1836 1218 1841 1226 ·

241 1304 360 1387 etiam
392 1302 459 1410 qni
491 1301 541 1383 ad
571 1329 685 1384 usum
717 1301 827 1386 horti
857 1302 921 1386 vel
952 1305 1149 1413 coquinae
1177 1309 1274 1386 surrt
1303 1303 1509 1413 deputati,
1550 1305 1647 1389 flert-
1751 1299 1754 1305 ’

241 1432 410 1517 tbomati
440 1439 482 1516 et
511 1433 580 1516 illa
609 1434 857 1542 generalitas
887 1435 1191 1518 monachorum.
1251 1433 1408 1520 Deinde
1438 1437 1558 1519 debet
1587 1437 1646 1520 illi

154 1595 157 1606 ·
241 1563 498 1660 constituere,
528 1565 626 1674 quid
654 1563 882 1647 infantibus
912 1564 994 1666 det,
1023 1592 1104 1673 qua
1133 1565 1246 1669 bora,
1277 1565 1339 1648 vel
1370 1565 1491 1649 etiam
1523 1595 1644 1674 (prinu
1761 1561 1763 1568 ’
1881 1559 1894 1588 “

241 1723 387 1804 magna
425 1722 633 1778 nreusnra:
675 1699 711 1776 et
750 1694 863 1797 infra
901 1695 982 1778 islo
1019 1695 1154 1780 orrrru'a
1193 1696 1233 1778 iu
1262 1702 1329 1778 tuo
1357 1696 1527 1780 arbitrie
1555 1723 1649 1780 eou-
1719 1757 1756 1794 4
1852 1779 1854 1784 ,

207 1931 209 1938 Ι
239 1827 377 1907 stilico:
407 1826 486 1932 lut]
508 1825 630 1930 jaan
661 1823 767 1930 praed
795 1823 937 1907 eraclias
957 1824 1174 1932 intelliegere
1195 1824 1315 1925 eules,
1344 1852 1484 1910 earam
1512 1823 1648 1929 insau-

240 1961 319 2037 lmn
351 1953 500 2036 lna-luia.
563 1955 610 2036 Si
650 1978 741 2036 aero
776 1958 946 2038 errauerit
982 1955 1055 2036 lidi
1082 1955 1285 2057 abdictus,
1315 1954 1413 2061 quid
1450 1958 1646 2063 ‹rperrdmu

239 2087 311 2185 sit,
341 2111 402 2167 rrae
429 2085 645 2190 interropta.
705 2083 862 2168 Deinde
902 2084 1025 2168 debet
1061 2085 1123 2168 illi
1158 2085 1406 2169 constituere
1435 2083 1644 2194 hospitum
1721 2131 1724 2138 ,

238 2243 372 2298 euram
410 2215 489 2298 isto
532 2202 675 2298 modo:
717 2243 752 2298 v.
786 2241 847 2324 gr.
886 2213 919 2297 si
951 2215 1137 2298 venerint
1165 2215 1343 2326 episcopi
1380 2219 1451 2297 aut
1480 2213 1647 2297 abbates

238 2353 308 2429 arnt
335 2333 516 2447 comites,
546 2345 618 2429 tali
649 2345 770 2428 uredo
799 2345 879 2429 illis
902 2345 1053 2432 servire
1076 2344 1215 2444 stude3
1244 2347 1275 2428 si
1304 2350 1442 2429 autem
1462 2345 1649 2428 verrerint

237 2475 395 2576 cleriei,
424 2477 631 2576 carrouici,
663 2477 735 2559 tali
767 2475 887 2558 modo
924 2473 1133 2558 servitium
1174 2475 1230 2558 ais
1259 2475 1433 2571 exbibe;
1474 2478 1508 2559 si
1537 2481 1646 2560 certe

110 2657 113 2664 Δ
239 2605 424 2689 venerint
455 2605 662 2705 arropucbi,
692 2606 765 2715 tali
796 2611 940 2689 tenore
969 2604 1060 2687 illos
1090 2605 1295 2716 recollige.
1356 2605 1411 2688 Et
1441 2614 1669 2716 postremo
1761 2685 1762 2689 a
1838 2579 1840 2582 Ι

238 2735 355 2819 debet
383 2737 442 2819 illi
473 2737 626 2820 dicero:
666 2736 708 2819 Si
738 2737 779 2819 iu
810 2735 874 2817 bis
903 2736 978 2816 tibi
1009 2733 1193 2818 ueniens
1223 2734 1391 2837 venerit,
1421 2739 1484 2818 nie
1513 2737 1641 2819 inter·

238 2892 348 2972 roga.
414 2865 612 2949 Similiter
653 2868 702 2950 de
745 2865 992 2976 pauperibus
1033 2891 1155 2974 agere
1192 2872 1396 2974 procuret.
1457 2867 1561 2949 Item
1598 2867 1648 2947 dc

123 3056 126 3062 .
203 2993 411 3113 ⁸-iap'ruris
438 2977 730 3080 tlbi'ccnstitao
757 2997 835 3079 isto
862 2997 1006 3079 inodo:
1046 2989 1139 3081 ise.
1178 2993 1416 3104 qualitatem
1460 2997 1643 3081 ciborum
1687 3091 1690 3098 ,

165 3157 166 3161 ¹
237 3128 279 3206 et
306 3123 469 3222 borarua
500 3132 542 3210 et
568 3127 789 3211 admonere
817 3125 1069 3211 cellararium
1101 3130 1270 3234 propter
1300 3123 1483 3216 iulirmos
1514 3128 1645 3227 elebat,
1669 3115 1679 3130 ”

236 3263 281 3335 ut
300 3253 368 3337 illc
387 3257 621 3341 cellararius
645 3259 864 3342 udnroueat
888 3284 980 3340 sitos
1005 3251 1319 3366 nranipulos,‘ut
1346 3257 1404 3340 illi
1431 3256 1646 3340 servitores
1735 3271 1738 3282 “

237 3413 316 3466 arian
350 3387 587 3496 negligant,
620 3389 874 3473 infirmorum
916 3387 1124 3471 servitium
1167 3385 1570 3496 pmebere,'ueenoa
1603 3391 1649 3467 ut

187 3579 193 3588 .
237 3515 320 3624 ipse
347 3517 582 3600 cellararius
610 3519 774 3603 ‹loruum
806 3521 1059 3603 infirmorum
1092 3519 1257 3602 visitare
1297 3523 1339 3602 et
1369 3516 1645 3626 negligentias

235 3647 446 3732 emendare
476 3651 712 3759 frequenter
751 3651 925 3734 studeat.
983 3649 1026 3734 Si
1064 3655 1201 3736 alitem
1244 3679 1315 3760 per
1350 3677 1392 3730 ee
1430 3647 1646 3731 emeudare

204 3805 313 3860 ,non
352 3781 553 3887 potnerit,
596 3787 695 3864 tunc
723 3781 920 3892 principi,
961 3783 986 3868 i.
1017 3812 1049 3865 e.
1082 3781 1222 3865 olibeti
1251 3805 1473 3888 suggerere
1509 3777 1642 3864 debet.
1678 3849 1679 3852 κ

242 3906 395 3992 Deinde
424 3911 543 3994 simili
577 3915 697 3996 ruodo
727 3913 776 3997 de
805 3913 1083 3996 lleutbomatis
1118 3913 1175 3996 illi
1207 3912 1453 3996 constituere
1482 3910 1643 3992 modum

235 4038 377 4138 (loiret,
407 4069 565 4125 necnon
597 4045 719 4126 etiarm
751 4045 801 4129 de
830 4045 994 4129 furrmlis
1023 4042 1241 4154 praedictis
1272 4049 1353 4124 tam
1385 4039 1493 4123 sarria
1523 4069 1643 4147 <param

234 4165 415 4254 iulirmia.
474 4173 672 4257 Similiter
700 4175 822 4258 etium
853 4175 903 4258 de
932 4175 1148 4273 fratribus,
1179 4173 1247 4282 qni
1287 4171 1502 4254 subitanea
1532 4170 1646 4253 intir-

235 4298 375 4382 mitate
404 4301 678 4404 iuliunantur,
709 4305 743 4388 si
773 4307 947 4390 eundem
978 4305 1112 4389 cibum
1146 4303 1388 4387 manducare
1418 4329 1497 4382 nrm
1531 4328 1642 4408 prae·
1699 4393 1701 4399 Ι
1773 4395 1775 4402 χ

235 4429 552 4531 valeret-abbati
584 4438 778 4521 muntiare
804 4437 938 4522 debet.
995 4433 1194 4520 Similiter
1223 4433 1346 4517 etiam
1376 4433 1426 4514 de
1455 4430 1646 4514 omuibus

234 4561 469 4664 praedictis,
499 4565 531 4648 ai
563 4565 621 4650 illi
652 4565 840 4674 dubietas
869 4567 1073 4665 evenerit,
1113 4563 1246 4647 dicere
1274 4560 1413 4646 abbati
1444 4565 1485 4645 et
1514 4562 1646 4644 mani·

236 4693 382 4779 lentare
411 4696 545 4782 debetss
593 4700 650 4782 De
671 4697 743 4782 illa
764 4708 902 4782 autem
927 4703 1019 4782 tota
1038 4691 1361 4806 congregatione
1384 4691 1506 4775 debet
1529 4691 1644 4775 illum

233 4821 399 4928 docere,
431 4826 487 4910 nil
526 4821 635 4912 alind
675 4827 755 4912 illis
788 4826 1102 4936 apponendum,
1133 4825 1207 4908 uisi
1238 4821 1336 4921 boc,
1366 4819 1472 4931 qnod
1504 4809 1679 4928 regula

235 4947 347 5054 dicit,
377 4960 450 5039 anit
479 4981 556 5065 ego
586 4955 838 5041 corruituero
862 4955 982 5062 juata
1012 4958 1184 5065 tempus.
1243 4949 1375 5036 Fratri
1405 4978 1503 5038 vero
1531 4950 1646 5037 labe·
1679 5025 1686 5043 .

235 5083 341 5166 ranti
372 5115 453 5169 noo
485 5086 652 5170 esttibi
683 5085 1046 5202 concessumdare
1075 5083 1297 5195 quidquam
1323 5081 1402 5168 cibi
1434 5082 1497 5166 vel
1526 5090 1647 5194 potus
