3994 5770
754 205 756 208 ’
854 215 939 305 sap.
966 213 1026 286 lv·
1582 221 1654 304 171

247 461 339 515 sursus
377 431 427 514 ud
468 429 710 518 Christum?
767 431 883 516 'l'nnc
920 431 1057 519 allidit
1094 435 1363 542 cogitationes
1401 465 1493 520 susus
1532 435 1660 520 rrrrdos

248 562 299 647 ud
320 560 539 663 Christum,
571 563 604 645 si
623 589 761 648 anrore
775 563 923 651 Christi
945 562 1036 648 illes
1052 564 1290 676 exstinguit,
1320 569 1346 655 i.
1363 595 1398 652 e.
1418 595 1509 650 curn
1532 566 1659 650 rrrrdns

163 709 165 714 ’
205 707 210 718 ’
248 692 521 802 cogitationes
536 691 723 804 poenitet
740 693 995 803 respiciendo
1017 693 1068 778 ad
1084 694 1304 786 Christum.
1322 697 1462 784 Veluti
1482 699 1658 808 populus

248 821 518 922 israeliticus,
558 851 647 906 curu
692 823 1042 924 nrordebeutnra
1079 827 1357 936 serpentibus,
1388 827 1679 938 respiciebant
1731 849 1733 856 ·

100 1039 105 1050 ,
247 951 297 1036 ad
328 959 556 1062 serpent-orn
587 982 779 1054 aeneum,
820 983 938 1065 quern
971 955 1132 1068 Moyses
1168 957 1444 1044 exaltavere
1484 957 1658 1060 deserto,

157 1079 160 1088 ’
247 1090 289 1166 ut
317 1083 590 1168 sanabantur:
633 1085 692 1168 ita
729 1090 772 1170 et
801 1111 908 1168 nrrrnc
937 1085 1069 1170 onrnis
1098 1086 1379 1190 Christianus,
1421 1115 1512 1172 euru
1550 1087 1658 1172 urrato

245 1243 317 1298 sna
335 1214 585 1324 respiciendo
609 1214 660 1300 ad
678 1215 885 1300 Christum
907 1215 1104 1328 poenitet,
1133 1219 1247 1328 qussi
1270 1224 1478 1331 serpentes
1498 1217 1655 1302 exstin·
1733 1285 1735 1290 .
1899 1240 1904 1251 ·

246 1343 360 1456 guit3
408 1349 616 1457 serpentes
660 1346 768 1431 eninr
812 1348 1051 1458 significant
1097 1351 1222 1437 turaias
1266 1349 1539 1464 cogitationes
1584 1358 1658 1434 ant

169 1595 170 1600 Ν
246 1475 515 1588 operationes.
561 1474 617 1561 Et
644 1477 737 1562 ideo
765 1477 960 1564 dicuntur
984 1479 1108 1591 igniti
1133 1487 1353 1593 serpentes,
1385 1481 1657 1593 quiaurrorsns

246 1607 408 1693 illorum
437 1607 593 1720 ignitus
624 1614 724 1696 erat.
783 1611 958 1722 Serpens
985 1641 1155 1714 seruans,
1197 1633 1319 1726 quent
1348 1613 1510 1724 Moyses
1548 1611 1683 1721 exul·⁴
1813 1585 1851 1672 '-

245 1737 371 1840 tavit,
401 1737 609 1850 significet
638 1738 864 1842 Christum,
904 1742 973 1829 ille
1003 1774 1099 1831 uero
1126 1747 1250 1856 stips,
1282 1743 1308 1829 i.
1338 1772 1373 1832 e.
1403 1745 1583 1855 lignum,
1613 1744 1655 1828 iu

244 1900 326 1982 quo
357 1872 513 1982 positus
542 1877 650 1972 erret,
693 1872 846 1984 figurat
882 1904 1064 1978 crucenu
1110 1884 1154 1988 et
1182 1877 1273 1962 ideo
1301 1875 1403 1961 dicit
1435 1874 1655 1959 Douriuus:

245 2003 358 2088 Siout
399 2001 590 2087 caedor-it
619 2003 786 2112 Moyses
824 2012 1057 2110 serpentem
1086 2007 1127 2091 in
1164 2011 1340 2109 desorto,
1384 2007 1443 2090 ito
1477 2003 1656 2088 oscitari
1709 2079 1711 2084 .

243 2142 392 2240 oportet
417 2133 548 2234 tilium
574 2135 772 2233 taurinis,
791 2163 839 2221 ac
868 2137 901 2222 si
930 2139 1103 2224 diceret:
1132 2139 1249 2224 Sicut
1278 2141 1448 2250 propter
1476 2135 1650 2220 satutem

244 2264 386 2376 populi
415 2265 553 2378 posuit
581 2263 742 2376 Moyses
771 2274 1003 2380 serpentem
1032 2271 1074 2355 in
1103 2270 1263 2381 stipite,
1306 2272 1353 2353 ut
1382 2297 1546 2370 enarres,
1585 2267 1653 2380 qni
1768 2323 1770 2328 ,

134 2381 174 2442 ⁴¹
243 2398 359 2482 illurn
388 2400 630 2510 aspicerent,
660 2401 930 2504 salvarentur,
959 2403 1087 2489 itaet
1117 2402 1483 2514 proptersaiutem
1512 2401 1654 2513 populi
1758 2501 1767 2508 ..
1906 2491 1912 2498 ,

244 2529 366 2615 debet
393 2529 576 2616 Christus
606 2533 811 2644 crucifigi,
844 2541 891 2619 nt
919 2565 1078 2636 ornnes,
1109 2537 1178 2648 qni
1208 2535 1324 2619 illurn
1353 2531 1600 2645 aspexerint,
1630 2564 1655 2616 a

90 2713 95 2722 ·
244 2661 419 2772 peccetis
448 2665 529 2747 suis
557 2666 825 2754 salvarentur.
883 2667 939 2752 Et
967 2667 1059 2753 ideo
1089 2669 1130 2752 in
1159 2665 1376 2783 altitudine
1406 2666 1562 2776 positus
1592 2668 1655 2749 est

243 2794 452 2896 Christus,
493 2803 541 2881 nt
567 2827 593 2880 a
622 2803 712 2882 toto
755 2799 907 2884 nrnndo
943 2801 1079 2886 vatent
1117 2795 1258 2887 rideri.
1314 2799 1371 2884 Idt
1405 2799 1509 2882 bene
1549 2795 1655 2880 dixit

242 2929 393 3013 seniori
408 2927 589 3034 spiritali
608 2932 852 3036 patefacere,
879 2939 1096 3042 postquam
1118 2931 1223 3016 dixit
1253 2927 1653 3039 capitatiorrcsrnolus

241 3059 298 3144 sd
329 3061 534 3167 Christum
576 3060 746 3148 allidere
754 3094 769 3168 ,·
813 3091 905 3148 nanr
945 3061 1108 3174 quando
1137 3064 1180 3148 in
1209 3063 1331 3148 eorde
1360 3060 1570 3173 poenitet,
1609 3086 1652 3142 se

242 3190 349 3274 ursle
391 3191 614 3302 cogitasse,
660 3203 758 3279 tuuc
802 3195 842 3278 in
888 3195 1139 3304 cogitatione
1181 3224 1254 3278 sua
1293 3192 1513 3290 deliberat,
1562 3190 1651 3274 illas

175 3341 177 3344 ·
242 3321 393 3407 seniori
437 3323 611 3432 spiritali
657 3327 898 3434 patefacere.
968 3329 1076 3437 Apte
1119 3325 1224 3411 dixit
1266 3323 1417 3409 serutari
1458 3320 1650 3428 spiritali,

242 3453 339 3563 quie
368 3453 564 3564 spiritalis
593 3457 733 3542 ornrriu
752 3459 964 3564 dijudicat,
992 3464 1035 3542 et
1056 3459 1142 3568 ipse
1160 3487 1185 3541 a
1202 3455 1364 3548 rrenrine
1382 3452 1650 3564 dijudicatur·;

239 3586 282 3668 iu
314 3583 392 3670 isto
421 3587 528 3671 enim
561 3588 741 3688 seniore,
785 3592 848 3674 cni
887 3589 1161 3706 cogitationes
1195 3587 1349 3672 debent
1385 3583 1649 3684 manifestari,
1731 3640 1736 3652 ·

239 3716 484 3829 inquirende
512 3727 575 3804 est
604 3721 725 3822 fides,
770 3749 850 3832 qna
887 3727 1005 3832 tegat
1039 3720 1118 3804 sibi
1147 3719 1353 3822 confessa,
1393 3745 1468 3802 nec
1496 3745 1578 3800 non
1608 3724 1652 3802 et

238 3877 329 3957 spes
358 3851 527 3960 praemii
549 3857 740 3938 aeternae
776 3851 997 3952 t'elicitatis,
1027 3850 1174 3934 caritas
1203 3849 1474 3934 fraternitatis
1502 3853 1545 3934 et
1567 3847 1650 3934 dis·
1820 3899 1841 3970 ’κ

238 3980 366 4066 cretio
395 3983 493 4067 boui
521 3989 564 4068 et
592 3983 688 4066 mali
718 3990 760 4068 et
791 3984 887 4070 boni
916 3989 959 4070 et
989 3982 1168 4068 melioris
1196 3988 1239 4066 et
1266 3980 1426 4092 optimi.
1474 3977 1531 4064 Et
1557 3979 1649 4062 ideo

100 4148 115 4170 ν
238 4111 354 4216 dixit,
383 4115 656 4232 cogitationes
685 4115 834 4202 seniori
864 4113 1038 4228 spiritali
1067 4112 1320 4225 patefacere,
1361 4103 1461 4223 qnia
1488 4109 1648 4220 cogita·

238 4245 373 4329 tiones
402 4275 485 4331 non
516 4253 688 4358 possunt
715 4245 768 4330 ab
788 4247 978 4331 orrrnibns
1007 4241 1177 4347 dinosci,
1207 4271 1259 4328 ue
1285 4244 1511 4352 bonaepro
1531 4239 1649 4323 malis

235 4381 309 4462 ant
335 4377 570 4492 malae'pro
601 4378 717 4464 tronis
745 4379 1007 4489 recipiantur.
1177 4423 1181 4432 ·
1559 4395 1562 4400 “

346 4511 567 4622 Sequitur:
601 4511 657 4596 Os
685 4514 799 4594 sursus
829 4539 856 4594 o
884 4507 990 4596 reolo
1017 4510 1078 4596 cel
1098 4535 1230 4615 praru
1259 4507 1410 4615 eloquio
1436 4507 1648 4592 custodire.
1662 4521 1672 4622 J
1722 4517 1726 4528 '

80 4679 82 4686 ·
237 4637 391 4768 Malum
433 4641 640 4752 eloquium
679 4645 757 4743 est,
799 4640 908 4750 quod
941 4669 1022 4725 nou
1053 4647 1116 4726 est
1144 4641 1319 4740 bonurn,
1362 4665 1530 4751 pravum
1561 4637 1647 4722 aio·

235 4769 375 4882 quium
406 4778 480 4875 est,
510 4774 620 4882 quod
650 4771 742 4882 plns
764 4790 946 4857 vnocuum
979 4778 1055 4874 cst,
1084 4799 1204 4884 qnam
1226 4769 1399 4854 ursatum.

317 4891 558 5013 ‘Sequitur
588 4902 766 4988 Multam
795 4904 904 5024 loqui
931 4905 1012 4988 riori
1039 4929 1193 4990 errrore.
1249 4901 1350 4985 Cum
1381 4899 1488 4985 enim
1519 4900 1645 4986 dixit:

235 5059 282 5118 os
309 5057 426 5119 aarum
457 5061 483 5118 a
513 5033 621 5120 rrrrdo
648 5031 708 5119 vei
742 5033 1050 5146 prorroeloqnio
1089 5031 1308 5132 custodire,
1339 5029 1454 5142 quasi
1483 5057 1647 5116 maram

149 5243 153 5258 ,
233 5161 391 5276 posuit,
435 5163 600 5278 etquis
629 5165 728 5252 talis
756 5165 919 5279 eloquia
957 5194 1041 5252 nou
1069 5164 1215 5250 debeat
1243 5161 1376 5274 loqui3
1417 5189 1512 5250 cuna
1549 5188 1645 5254 reru
