3994 5770
873 355 959 444 cao·
982 351 1024 422 V·
1484 309 1487 318 ’
1601 355 1678 440 rer
1786 391 1791 402 ·

270 570 368 673 dixi,
398 568 479 653 illie
502 569 742 654 'lronrinibue
770 569 977 671 convenit,
1005 571 1075 680 qui
1105 573 1260 658 ursillum
1292 602 1376 660 rem
1405 579 1548 659 urerent
1575 574 1680 683 ptus,

269 731 390 813 quem
420 699 641 787 Christum.
1028 805 1034 818 1

274 886 276 890 1
383 831 602 944 Sequitur:
633 833 806 940 Propter
821 829 1028 918 seruitium
1040 839 1236 938 secretana,
1258 838 1363 942 qnod
1373 835 1555 942 professi
1572 839 1678 938 secret,
1716 819 1719 825 ¹
1770 881 1772 886 ,

270 993 341 1054 sen
363 972 533 1071 propter
560 972 705 1050 rrretnnr
727 965 930 1075 peterrnae
958 962 1018 1049 oet
1037 961 1211 1074 ptoriena
1234 966 1337 1051 uitae
1359 973 1545 1052 aeternae
1572 991 1678 1068 rarae,
1726 959 1728 964 ’

165 1135 169 1142 ·
267 1105 310 1182 nt
337 1095 494 1204 atiqreid
522 1093 762 1202 irnperutnnr
789 1123 816 1180 a
842 1094 998 1203 rnajore
1022 1097 1160 1200 tuerit,
1190 1122 1238 1182 ao
1266 1097 1305 1180 si
1332 1095 1524 1182 ‹iioinitns
1551 1097 1679 1202 inure-

269 1233 401 1336 retur,
440 1251 597 1309 irrorans
617 1227 711 1332 poti
739 1227 920 1311 nesciant
947 1227 992 1308 in
1018 1227 1216 1329 ternanto.
1274 1227 1382 1312 Sunt
1409 1227 1514 1310 enim
1547 1226 1679 1329 inulti,

266 1357 335 1468 qui
357 1356 417 1442 ite
442 1357 727 1468 conjungunt:
758 1355 926 1441 Itirnns
945 1355 1185 1442 tennerititatis
1201 1361 1357 1466 pransa
1376 1365 1434 1441 est
1454 1358 1680 1443 odedientia

268 1489 355 1572 sino
382 1515 520 1586 neom
563 1489 630 1572 hie
668 1516 830 1572 versum
866 1487 1023 1574 iaciunt
1057 1489 1119 1573 vet
1162 1489 1491 1587 distinctionem
1534 1487 1680 1572 deiude
1702 1491 1728 1582 ,’

263 1619 545 1728 subjungunt:
576 1615 673 1703 trae‘c
702 1619 987 1721 concorrentis,
1015 1620 1084 1726 qni
1112 1618 1214 1704 stitit
1242 1621 1321 1704 siti
1354 1621 1515 1707 Ctnisto
1543 1622 1680 1706 cerins

263 1749 419 1857 aliquid
446 1750 680 1835 existimant
703 1756 870 1856 propter
898 1751 1104 1836 seruitium
1131 1759 1335 1858 sorranus,
1373 1753 1477 1860 paon
1500 1751 1680 1859 professi

262 1887 355 1966 erent
383 1907 453 1965 sen
474 1887 645 1986 propter
671 1890 818 1966 noetunn
843 1883 1048 1990 petrennae
1069 1882 1130 1967 oet
1149 1865 1325 1990 ylariani
1347 1885 1451 1967 vitae
1481 1890 1679 1966 aeternae.

263 2013 342 2097 Sed
388 2039 470 2099 nou
517 2011 676 2097 videtur
717 2013 964 2098 conveniens
1004 2043 1090 2097 esse
1134 2013 1234 2098 liaeo
1279 2014 1541 2122 conjunctio,
1586 2015 1613 2098 i.
1644 2043 1678 2096 e.
1720 2097 1722 2102 ,
1845 2099 1849 2106 ,

198 2143 201 2148 ’
263 2143 487 2246 distinctio,
517 2175 566 2230 eo
596 2144 704 2255 quod
736 2145 845 2252 (euru
866 2145 989 2228 dicit:
1018 2145 1088 2252 qni
1116 2145 1218 2231 nitrit
1247 2147 1326 2230 siti
1354 2144 1515 2231 Christo
1544 2145 1680 2228 octenos
1726 2183 1727 2186 Ν

152 2337 156 2346 .
267 2273 426 2382 atiqrriri
453 2277 692 2359 esistinrant
721 2277 763 2358 et
785 2275 1000 2384 eutrjmugit
1021 2283 1167 2360 nntnrn
1191 2277 1424 2384 predennoe),
1453 2275 1522 2385 qui
1542 2301 1680 2358 amoro

263 2403 413 2490 Christi
454 2403 616 2503 obedit,
658 2432 742 2488 nou
774 2407 912 2513 potest
941 2404 1090 2490 timore
1118 2405 1332 2518 gehenuae
1361 2404 1544 2489 obedire.
1602 2403 1680 2488 Sed

271 2535 415 2620 melius
458 2533 642 2636 videtur,
690 2539 735 2618 ut
778 2533 905 2618 tiruor
944 2539 1154 2646 separetur
1195 2535 1411 2646 gehennoe
1452 2535 1506 2618 ub
1543 2561 1681 2617 umore

269 2665 423 2751 Christi
468 2672 511 2750 et
551 2667 610 2750 ita
652 2666 853 2776 sepurutis
897 2668 1062 2776 legetur
1103 2666 1183 2752 ite:
1228 2665 1398 2750 Prinens
1438 2663 1681 2748 triennititatis

266 2797 425 2906 pruritus
453 2803 512 2881 est
538 2797 761 2882 obedientia
788 2799 876 2880 sirie
903 2823 1042 2900 rnora,·
1070 2797 1166 2883 traco
1185 2797 1363 2883 oorrrenit
1383 2797 1460 2891 trie,
1487 2797 1558 2900 voni
1577 2794 1681 2878 ndat

275 2927 354 3010 siti
389 2929 549 3013 Otr-rista
577 2929 714 3013 corius
742 2925 900 3035 aliquid
927 2927 1171 3016 coistinrant.
1216 2926 1372 3012 Deinde
1401 2925 1528 3010 divise
1558 2926 1681 3010 debet

271 3060 431 3168 tegere:
476 3059 650 3164 Propter
677 3059 885 3184 seruitium
912 3065 1106 3160 sanetum,
1141 3061 1245 3166 qnod
1266 3057 1448 3164 professi
1475 3063 1580 3159 send,
1610 3083 1681 3138 sen

258 3196 437 3296 propter
464 3194 610 3274 nretrenr
634 3188 837 3298 petronnae
863 3188 925 3272 oet
949 3189 1123 3297 ptorianr
1153 3191 1255 3274 uitae
1282 3194 1468 3272 aeternae
1496 3213 1608 3289 error,
1638 3193 1681 3268 nt

274 3318 433 3426 attenta
460 3349 486 3403 a
510 3323 662 3428 rreojnre
684 3322 926 3426 irnperatnnr
942 3319 1079 3424 tuerit,
1108 3347 1157 3404 ac
1177 3320 1215 3403 st
1239 3318 1431 3404 diuinitus
1450 3321 1679 3426 itinerante,
1772 3323 1776 3329 ’

271 3477 424 3534 irrorans
433 3453 526 3557 pati
536 3454 716 3536 nesciant
726 3453 768 3533 in
781 3452 982 3555 faciendo,
997 3461 1043 3535 ut
1053 3451 1107 3534 sit
1117 3449 1367 3536 constructio
1377 3451 1489 3535 tulis:
1503 3449 1683 3535 nesciant

152 3643 154 3648 ι
267 3609 424 3668 rrroranr
446 3583 539 3688 poti
569 3583 610 3664 in
636 3582 825 3686 teotardo
834 3613 847 3685 ,·
875 3582 1009 3667 reddit
1037 3611 1211 3684 oensem,
1251 3610 1478 3690 quureuon
1508 3580 1684 3686 debeant
1721 3653 1725 3662 .

267 3742 421 3799 rnorem
452 3712 561 3824 peti:
594 3720 764 3820 propter
791 3713 998 3797 seruitium
1025 3719 1219 3813 sarrotnnr,
1257 3714 1363 3818 proed
1382 3712 1565 3819 professi
1592 3717 1684 3794 secret
1803 3785 1810 3794 ,
1921 3757 1925 3764 ·

263 3873 334 3931 sca
350 3855 494 3932 nocturn
506 3847 708 3956 petrennae
722 3846 782 3930 oet
802 3844 976 3953 pluriora
1001 3845 1104 3928 uitae
1121 3852 1318 3929 aeternae.
1368 3843 1424 3928 Et
1439 3845 1516 3931 hoo
1538 3855 1682 3928 noton-

264 3977 359 4062 dum
399 3983 480 4078 ast,
524 3975 621 4087 quia
649 3975 781 4078 istud,
822 3978 931 4088 quod
961 3975 1082 4060 dicit:
1130 3973 1244 4059 liaeo
1272 3979 1450 4061 cortronit
1484 3974 1572 4077 tris,
1613 3973 1683 4079 ani

263 4107 366 4194 ndat
394 4105 474 4193 siti
509 4108 669 4193 Christo
697 4111 835 4194 cerins
863 4105 1020 4213 reliquid
1047 4105 1293 4206 existimant,
1325 4103 1577 4215 praelocutio
1608 4111 1681 4190 eet.

314 4245 323 4264 “
372 4237 489 4324 Haec
520 4239 698 4324 coronarit
724 4239 802 4341 tris,
832 4237 900 4346 arei
928 4236 1031 4322 nitrit
1059 4235 1139 4322 siti
1173 4233 1331 4320 cnr-isto
1358 4237 1497 4322 cerins
1524 4233 1682 4338 atiurrid

263 4369 509 4472 existimant,
540 4370 567 4455 i.
590 4399 624 4456 e.
650 4366 721 4479 qui
749 4370 791 4453 in
814 4366 1053 4454 duodecimo
1077 4367 1208 4478 gradu
1238 4372 1348 4454 eruut.
1387 4366 1508 4453 ¹Iatud
1530 4369 1679 4464 eutem,

263 4503 374 4610 quod
404 4499 687 4611 subsequitur:
717 4499 894 4606 Propter
915 4495 1123 4600 seruitium
1151 4503 1344 4600 sarronae,
1374 4500 1479 4604 quod
1503 4495 1682 4606 professi

267 4639 361 4718 enrrt
389 4660 460 4720 een
479 4639 651 4740 propter
678 4638 824 4717 neetrnn
850 4631 1053 4740 petrennae
1079 4625 1139 4715 oet
1160 4627 1336 4740 pieriam
1359 4630 1462 4714 uitae
1481 4633 1680 4729 aeternae,

264 4765 430 4852 ordinet
457 4769 501 4849 et
527 4761 717 4874 exponit,
748 4763 926 4874 qualiter
953 4761 1004 4847 ed
1032 4760 1144 4846 illem
1174 4759 1467 4869 perfectionem
1503 4759 1682 4860 venient,

262 4896 289 4983 i.
319 4924 353 4983 e.
397 4893 449 4980 ud
491 4893 776 4980 duodecimum
816 4891 1005 5012 gradum.
1075 4891 1156 4977 Sed
1196 4889 1295 5000 quid
1332 4881 1528 4975 ieeiuutt‘
1565 4916 1612 4973 eo
1647 4887 1682 4972 ei

262 5023 441 5111 dicerete
474 5024 556 5110 'sed
594 5051 710 5122 mox,
756 5023 784 5110 i.
823 5053 858 5113 e.
900 5021 1040 5108 statim
1078 5019 1297 5134 obedient,
1345 5024 1392 5102 ut
1433 5015 1678 5128 imperatum
1798 5065 1801 5072 Δ

262 5137 396 5260 tuerit,
425 5183 473 5242 ee
500 5157 534 5241 ei
563 5154 761 5242 diuinitus
789 5153 1023 5266 imperetur.
1080 5152 1188 5238 Sunt
1213 5149 1323 5236 enim
1351 5147 1498 5250 multi,
1527 5147 1597 5258 qui
1627 5147 1681 5232 ob

166 5387 168 5392 ,
262 5286 339 5374 hoe
367 5287 591 5374 obediunt:
633 5292 802 5398 propter
830 5285 1019 5372 timorem
1049 5283 1286 5395 gehennoe,
1322 5288 1367 5370 et
1395 5274 1487 5394 nou
1508 5287 1679 5400 propter
1715 5308 1718 5317 ·
