3974 5778
838 269 923 364 Cap.
949 269 1077 346 xvlu.
1584 280 1666 368 313

261 499 349 587 ticis
377 495 479 596 suis,
510 493 626 602 quia,
662 493 696 578 si
726 523 809 578 uon
841 495 965 582 luerit
992 501 1228 601 cantatum,
1269 499 1389 584 nimis
1417 500 1524 588 iners
1558 503 1599 588 lr.
1630 535 1668 597 c.·

261 629 472 740 negligens
500 624 733 712 ostenditur
761 656 847 714 esse
875 627 1105 716 devotionis
1127 632 1419 717 monachorum
1440 637 1665 734 servitium,

261 761 432 848 araxime
459 786 550 843 curn
582 758 673 868 plus
703 757 855 844 debent
873 763 1061 848 monachi
1094 792 1214 872 qnam
1247 767 1433 850 canonici
1457 767 1498 850 iu
1520 760 1666 852 ciliciis

261 895 472 982 laborare?
515 889 712 975 Canonici
732 890 841 974 enim
870 891 1091 1002 aliqnando
1117 897 1287 1006 propter
1310 895 1553 1006 populorum
1577 902 1666 981 tnr-

259 1029 351 1110 bmn
380 1030 423 1108 et
450 1020 693 1107 feminarum
724 1027 847 1132 etque
875 1021 1080 1108 inlautum
1112 1053 1194 1110 uon
1225 1031 1396 1135 possunt
1421 1029 1664 1137 prolongare

258 1185 372 1243 snum
413 1152 617 1256 officium,
656 1151 857 1262 aquibus
895 1153 1196 1266 impedimentis
1237 1157 1425 1244 monachi
1466 1157 1584 1243 liberi
1624 1167 1665 1244 cl

260 1285 443 1401 expediti
473 1283 678 1370 enistnnt.l
726 1283 782 1368 Et
809 1283 901 1370 ideo
929 1315 1022 1379 cum
1052 1289 1112 1372 ite
1139 1288 1288 1400 agitis,
1330 1291 1355 1374 i.
1386 1319 1421 1383 c.
1455 1321 1546 1377 cnm
1575 1295 1665 1378 old.

214 1461 219 1470 ·
258 1423 362 1541 cium
392 1445 608 1504 romanum
639 1415 784 1523 facitis,
819 1447 902 1504 non
932 1421 1126 1506 videmini
1152 1425 1358 1509 amatores
1387 1453 1473 1508 csse
1502 1429 1666 1509 sanctae

258 1551 422 1662 regulae
459 1550 530 1635 sed
569 1556 916 1662 transgressorem
960 1552 1058 1664 qnia
1085 1553 1168 1658 illi,
1209 1555 1279 1667 qui
1308 1560 1510 1640 ornatores
1544 1557 1666 1667 lrujus
1709 1663 1712 1670 Ι

258 1686 364 1769 nitus
392 1687 512 1782 srrnt,
557 1684 706 1767 uolunt
745 1682 859 1767 aliud
898 1681 1078 1768 officinm
1117 1715 1261 1772 cancre
1302 1716 1424 1800 quam
1464 1686 1665 1797 regulare.

257 1814 373 1916 Quod
402 1841 498 1898 vero
526 1812 628 1898 dicit
656 1838 735 1898 nno
765 1813 830 1898 elic
849 1819 1010 1899 strenue
1028 1815 1255 1921 irnpleoieec
1285 1865 1332 1882 -
1357 1817 1472 1926 qnasi
1493 1817 1664 1902 diceret:
1770 1883 1775 1894 .

259 1975 340 2030 uno
370 1943 435 2030 die
466 1948 598 2032 totum
628 1944 867 2052 psalterium
903 1953 1111 2052 cautnss03
1152 1956 1194 2031 et
1222 1952 1394 2039 nonest
1430 1946 1666 2056 intelligen-

259 2078 351 2164 dum
381 2074 573 2178 meredic,
603 2082 650 2160 ut
677 2081 839 2162 tentum
868 2077 1014 2180 senar,
1048 2077 1090 2165 h.
1121 2108 1155 2168 e,
1185 2083 1234 2164 ut
1262 2109 1367 2168 unns
1396 2079 1538 2165 luisset
1567 2080 1664 2182 dies,

257 2209 298 2295 iu
333 2235 416 2320 quo
453 2207 691 2315 psalterium
734 2213 866 2296 totum
910 2215 1164 2314 cantassent,
1207 2211 1276 2298 scd
1314 2241 1406 2296 cum
1445 2211 1551 2296 dixit
1587 2237 1666 2294 eme

256 2341 322 2428 die
350 2381 402 2404 —·
430 2337 546 2448 quasi
576 2339 753 2425 diceret:
785 2369 857 2450 per
881 2343 1068 2452 singulos
1097 2343 1196 2445 dies,
1223 2344 1249 2429 i.
1279 2372 1314 2426 e.
1344 2341 1387 2427 in
1418 2371 1666 2454 unoquoquo

256 2471 330 2558 die.
388 2469 558 2557 Strcmre
599 2471 625 2562 i.
655 2501 690 2562 e.
720 2471 941 2588 diligenter
971 2479 1013 2562 et
1041 2473 1242 2580 studiose,
1282 2502 1368 2560 non
1406 2474 1696 2591 negligenter·

255 2611 296 2691 et
322 2603 473 2714 tepide.

363 2737 582 2828 Sciendum
632 2740 694 2824 est
742 2737 876 2846 enirn,
926 2737 1023 2852 quie
1065 2739 1162 2824 sunt
1208 2733 1422 2840 nonnulli,
1470 2735 1539 2846 qui
1590 2765 1665 2848 pro

172 2961 175 2967 ,
256 2873 392 2988 aliquo
431 2871 724 2986 impedimento
764 2871 910 2960 volunt
946 2875 1106 2959 mature
1141 2867 1342 2982 psalmos,
1373 2866 1412 2954 'i.
1443 2897 1477 2960 e.
1508 2897 1546 2960 r.
1577 2896 1665 2982 gn:

256 3035 345 3094 cam
375 3011 473 3094 snut
500 3005 542 3093 in
576 3002 639 3092 vie
676 3003 718 3094 et'
745 3008 1020 3120 praeoccupat
1048 3031 1117 3090 eos
1146 3001 1253 3107 dies,
1294 3000 1336 3087 in
1366 3030 1413 3088 ee
1441 3007 1582 3105 noete,
1624 3001 1664 3087 in

117 3218 122 3228 .
225 3169 337 3251 ¹qun
378 3141 551 3250 majores
597 3140 741 3249 psalmi
784 3137 958 3224 cauendi
999 3139 1114 3240 suut,
1155 3137 1282 3222 veluti
1323 3137 1444 3220 sunt:
1500 3134 1668 3220 Dorninc

184 3343 186 3346 .
254 3271 401 3355 exandi
428 3271 648 3356 orationem
675 3297 806 3357 rneom
835 3276 872 3354 ct
899 3267 1051 3354 clarnor
1078 3294 1188 3352 ruens
1217 3269 1274 3354 od
1301 3275 1338 3354 tc
1366 3267 1521 3367 neseiat,
1539 3253 1665 3352 'tune

254 3403 397 3486 volunt
425 3429 568 3487 cauere
597 3430 673 3510 pro
702 3402 850 3487 eisdem
881 3399 1049 3512 psalmis
1079 3397 1303 3511 majoribus
1343 3397 1520 3482 minores
1559 3398 1668 3508 psel-
1795 3409 1798 3419 ‘

255 3560 353 3632 mos,
395 3533 522 3616 relnti
554 3539 671 3620 sunt:
717 3533 787 3618 Ae
814 3514 1034 3630 Dorninnnr
1063 3527 1151 3614 earn
1180 3529 1420 3626 tribularer,
1464 3527 1668 3612 dicentes:

161 3673 167 3684 ‘
255 3663 386 3774 [quie]
425 3665 621 3750 audemus
659 3663 738 3748 hoc
778 3663 934 3766 iecere,
973 3663 1067 3772 quia
1105 3661 1248 3772 regula
1288 3660 1406 3745 dicit:
1453 3658 1667 3744 duodecim

253 3792 397 3901 psalmi
428 3821 501 3905 per
530 3783 860 3906 unamquemque
896 3792 1204 3879 constituuntur
1237 3795 1416 3877 noctem.
1473 3787 1529 3872 Hi
1566 3789 1667 3873 tnlcs

255 3921 554 4009 convineuntur
581 3926 626 4010 iu
654 3954 716 4028 eo,
746 3925 856 4034 qnod
886 3924 1037 4034 dipcete
1061 3921 1203 4008 ordine
1221 3919 1477 4029 psalmodiae
1495 3919 1668 4004 clinrrrnc

253 4051 397 4160 rclr'pni
424 4081 560 4140 enarre
586 4053 760 4162 psalmi,
801 4055 871 4163 peri
897 4059 1135 4161 supeream,
1182 4050 1405 4158 <reprenditur
1433 4049 1669 4135 dividentur

251 4183 293 4266 in
321 4189 466 4290 septem
487 4187 662 4273 rrectinrn
688 4185 854 4296 vipiliis,
880 4187 1099 4294 partiendo
1127 4181 1216 4268 scil.
1249 4181 1319 4291 qni
1351 4181 1453 4265 inter·
1481 4205 1546 4264 eos
1567 4206 1667 4283 pro·

250 4312 415 4400 leniores
436 4323 531 4402 suad
545 4318 724 4425 psalrui,·
753 4319 823 4430 qui
852 4345 945 4406 cum
967 4323 1142 4420 mutant,
1171 4344 1255 4401 nou
1282 4311 1482 4421 dividunt,
1513 4316 1666 4395 etcum

252 4472 333 4530 uou
362 4447 563 4554 dividunt,
598 4454 918 4560 transgressores
947 4449 1054 4534 fiunt
1081 4445 1203 4557 hujus
1226 4445 1453 4557 praecepti.
1510 4443 1658 4527 Levius

251 4584 313 4662 est
339 4580 448 4664 enim
477 4581 571 4702 illos
599 4579 778 4665 dividere
805 4581 984 4692 psalmos
1013 4585 1056 4663 et
1083 4577 1227 4663 ordine
1249 4593 1323 4660 'suo
1348 4581 1512 4661 cantare
1536 4572 1662 4657 etiem
1758 4626 1765 4640 =
1892 4650 1899 4662 .

252 4737 325 4818 per
365 4709 496 4815 diem,
537 4741 659 4824 quam
696 4717 856 4798 mutare
897 4715 940 4798 et
980 4737 1063 4794 uon
1100 4707 1293 4793 diuidere.
1324 4700 1373 4770 -¹·
1409 4705 1527 4805 Quod
1556 4706 1666 4789 enim

251 4837 351 4925 dicit
388 4841 588 4948 arrilorrnc
615 4841 767 4928 curretis
795 4842 937 4930 dicbus
970 4847 1153 4944 severa,
1194 4837 1247 4923 ad
1276 4771 1487 4924 nrrolerum
1516 4837 1667 4923 attinet

255 5013 298 5031 -
333 4968 446 5057 acsi
477 4971 631 5059 diceret
659 4973 751 5059 eliis
780 4975 937 5061 verbis:
980 4979 1084 5085 quot
1112 4971 1309 5082 psalmos,
1346 4972 1450 5092 quot
1477 4963 1665 5080 hymnos,

251 5105 352 5211 quot
391 5130 553 5206 versus,
596 5114 700 5216 quot
741 5105 936 5193 lectiones
976 5106 1019 5190 in
1057 5132 1141 5191 uuo
1181 5101 1246 5187 die
1280 5099 1408 5207 dicit,
1452 5108 1532 5184 tot
1557 5098 1668 5184 dicet

251 5231 293 5320 iu
319 5231 415 5326 alio.
1367 5247 1378 5260 “
1699 5229 1701 5236 ’
