3968 5774
239 325 322 413 358
442 413 444 418 ,
812 317 900 413 cap
922 318 1072 396 mu

117 591 120 598 ·
206 541 290 628 'de
327 525 466 626 ombus
503 541 586 627 sibi
611 543 777 643 creditis
807 540 973 650 padul.
1002 590 1054 608 -
1083 541 1338 650 Mcpnopere
1373 541 1483 628 enim
1510 541 1656 628 edre:-
1779 571 1781 576 ’

241 673 355 756 bium
383 676 459 775 est,
485 673 514 762 i.
542 700 579 762 e.
595 699 750 782 magno
774 673 912 758 studio
925 673 991 757 rel
1013 671 1253 758 studiosect
1275 699 1359 758 non
1383 671 1657 782 negligenter.

241 801 492 909 Supceitcie,
529 802 559 890 i.
587 828 623 890 c.
660 803 896 900 uelocitate:
932 805 1160 902 industrio,
1188 803 1217 891 i.
1245 831 1281 890 c.
1308 802 1492 913 ingenio.
1518 851 1576 870 -
1604 800 1670 908 In

240 929 319 1017 hoc
356 931 489 1034 enim,
535 930 645 1044 qnod
683 931 784 1017 dicit
822 933 934 1017 crum
969 931 1190 1040 scyocilcic
1227 936 1265 1016 cl
1302 933 1412 1015 esurii
1451 930 1656 1016 industrio

241 1086 398 1163 curere,
426 1061 550 1148 detur
575 1061 770 1172 intelligi,
799 1065 847 1146 nt
874 1061 998 1148 etism
1025 1061 1060 1146 si
1089 1060 1185 1146 tulis
1212 1067 1276 1146 est
1304 1061 1445 1164 lenter,
1472 1058 1539 1145 coi
1566 1088 1650 1146 non
1677 1083 1679 1088 ’

242 1190 373 1300 possit
401 1192 528 1276 ubbes
556 1191 734 1293 ¹credere,
762 1220 816 1279 ne
844 1191 953 1276 forte
981 1192 1134 1304 fugiet,
1160 1191 1355 1276 ‘mittetur
1381 1193 1425 1276 in
1452 1217 1655 1276 carcerem
1693 1193 1697 1200 ’
1730 1287 1732 1292 ,

110 1319 114 1328 ’
240 1328 284 1404 et
322 1323 367 1404 in
406 1329 572 1408 catenes
611 1329 656 1406 et
691 1323 909 1432 compedes
954 1323 1020 1407 rel
1060 1325 1102 1406 iu
1141 1323 1310 1433 aliquod
1350 1321 1578 1422 uinculum,
1607 1351 1657 1405 ne

245 1451 445 1560 effugiet·
497 1457 664 1552 Quone?
719 1454 825 1552 Quis
870 1483 954 1538 non
995 1454 1101 1538 dixit
1140 1453 1397 1538 solummodo
1440 1455 1659 1560 supcciiotc

246 1588 283 1665 et
314 1585 543 1686 iuclrrstrio,
583 1584 671 1667 sine
698 1582 988 1692 praemissione
1015 1588 1144 1686 currui,
1180 1585 1251 1694 sed
1280 1585 1379 1693 quin
1405 1585 1514 1667 cerurci
1542 1583 1658 1680 dixit,

244 1712 337 1797 ideo
367 1719 505 1822 potest
533 1713 663 1815 illurn,
692 1716 799 1798 sicut
827 1713 933 1816 dini,
964 1714 1008 1798 in
1036 1716 1244 1800 rincnlum
1275 1716 1437 1799 mittere
1466 1761 1517 1778 -
1547 1743 1596 1797 nc
1623 1714 1657 1795 si

82 1845 86 1854 “
248 1843 420 1958 diceret:
457 1873 552 1928 cunr
581 1846 785 1949 omnibus,
813 1874 918 1955 quoe
946 1846 1173 1955 excogitari
1202 1853 1385 1956 possunt,
1412 1844 1590 1950 ingeniis
1617 1855 1659 1928 et

69 2077 72 2086 ‚
242 1973 529 2060 uelocitatibus
557 2003 720 2059 currere
748 2003 848 2086 erge
872 1976 991 2060 illum
1019 1977 1154 2078 debet,
1183 2005 1233 2062 rie
1254 1976 1407 2082 perdat
1435 2003 1535 2076 erum
1564 1977 1591 2061 i.
1621 2005 1656 2062 e.

242 2133 295 2187 ne
331 2104 400 2190 ille
428 2114 583 2216 pereat.
642 2105 698 2190 Et
736 2107 873 2190 reddit
907 2136 1094 2208 causam,
1133 2137 1260 2218 quere
1273 2108 1306 2216 ¹)
1335 2137 1385 2192 ue
1405 2109 1556 2213 perdat
1583 2108 1658 2190 nli·

194 2277 199 2288 ·
241 2263 364 2344 quum
393 2238 605 2354 censimum,¹
629 2237 753 2348 quem
776 2238 853 2345 ,ius
883 2240 1082 2324 Dominus
1109 2243 1162 2325 nd
1203 2241 1517 2326 custodiendum
1545 2268 1677 2324 conr·-

241 2366 375 2468 nuisit,
404 2395 498 2450 curn
534 2370 768 2480 subjungit:
810 2368 979 2454 Noverit
1013 2373 1120 2456 errius
1147 2399 1192 2456 se
1232 2376 1490 2479 iufiruucrruu
1519 2398 1656 2456 ererum

240 2501 464 2602 suscepisse
490 2502 738 2603 orriruuruuu
767 2530 850 2586 non
880 2530 1002 2610 super
1030 2531 1149 2586 sones
1175 2504 1435 2614 tyrannidem
1458 2529 1656 2588 exercere.

191 2652 217 2745 s
245 2627 427 2728 unierit,
467 2629 493 2716 i.
523 2660 558 2720 e.
588 2631 703 2732 scint,
732 2637 956 2743 cognoscet
984 2681 1034 2700 —
1064 2661 1113 2718 nc
1139 2635 1175 2717 si
1203 2634 1357 2720 diceret
1382 2635 1474 2718 eliis
1504 2632 1657 2716 serbis:

246 2759 496 2868 Cognoscat,
526 2763 623 2870 quio
650 2791 789 2848 curem
820 2764 998 2872 suscepit
1025 2764 1279 2848 intirmorum
1301 2767 1545 2862 animorum,
1575 2749 1677 2848 nou'

243 2916 447 2993 sanarum,
476 2893 581 2975 sicut
605 2895 791 3002 superius
814 2893 899 3004 jnm
922 2894 1051 2980 dixit:
1081 2893 1177 2978 Nou
1203 2900 1378 3000 :etopus
1399 2895 1658 2979 sorrisuredi·
1723 2979 1727 2986 ,

127 3012 162 3082 ·'
216 3046 335 3120 ἐπε,
377 3025 450 3128 seri
477 3025 583 3108 urclc
620 3023 856 3110 teatensium
884 3073 935 3090 -··
964 3053 1049 3110 uon
1084 3051 1208 3134 super
1240 3053 1360 3108 snnns
1397 3008 1655 3135 tyrannidem

240 3139 440 3279 exercere.
500 3155 795 3262 Tyrauuieleuc,
825 3157 853 3239 i.
881 3185 916 3242 e.
956 3157 1241 3241 crudelitatem
1279 3155 1342 3240 uel
1380 3156 1655 3255 seuerilntem‚

116 3315 122 3328 ·
240 3287 338 3394 quie
366 3314 451 3391 non
479 3316 603 3396 super
628 3288 720 3372 illus
755 3305 875 3372 sones
917 3288 1078 3382 aninum
1113 3289 1236 3373 debet
1263 3317 1454 3387 exercere
1481 3287 1656 3372 crudeli·

240 3421 383 3519 tetem‚
402 3447 450 3504 eo
470 3419 580 3528 quod
601 3447 688 3516 :ron
703 3425 768 3504 cst
790 3411 900 3504 illins
919 3421 1101 3507 officium
1121 3451 1245 3532 super
1270 3423 1403 3505 bouos
1420 3420 1654 3514 monachos.

241 3549 313 3630 sed
341 3577 464 3659 super
490 3552 774 3662 negligentes,
803 3555 831 3639 i.
860 3583 895 3640 e.
926 3582 1051 3662 super
1077 3581 1200 3638 sanos
1226 3581 1311 3637 non
1341 3552 1464 3636 debet
1483 3551 1658 3636 crudeli·

242 3684 371 3762 tatem
400 3708 537 3789 agere,
566 3712 689 3792 super
716 3685 911 3770 infirmos
929 3692 1068 3768 entem
1096 3685 1263 3786 omnin,
1292 3713 1397 3793 quoe
1426 3682 1508 3765 illis
1536 3695 1686 3792 cxpe·'

158 3897 162 3906 ,
241 3811 374 3910 diunt,
400 3817 452 3894 ut
479 3805 531 3897 od
560 3815 733 3898 salutem
764 3819 1017 3923 pervenient,
1046 3844 1170 3926 cgere
1199 3817 1335 3903 debet.
1399 3893 1403 3902 .

352 3941 569 4053 Sequitur:
598 3953 635 4029 et
659 3953 806 4030 uueluot
820 3947 1042 4052 prophetoe
1058 3949 1414 4044 eouuuiuuticueru‚
1445 3973 1523 4052 per
1545 3973 1660 4050 primu
1720 3964 1727 3980 ²

159 4157 162 4164 .
239 4076 447 4162 Dominus
461 4077 577 4163 dicit:
605 4079 744 4184 »Quod
757 4105 943 4164 crossum
960 4079 1171 4180 videbatis,
1196 4079 1476 4185 ussruueriutis
1501 4087 1538 4163 ct
1555 4076 1660 4185 quod

239 4207 368 4310 debile
389 4215 489 4308 erut,
510 4208 824 4314 projiciebatis«
879 4209 971 4294 Hoc
986 4211 1096 4295 euim
1117 4210 1399 4299 testimonium
1414 4209 1538 4295 telins
1559 4209 1661 4290 dicit
1724 4224 1730 4238 ·

240 4338 431 4422 Ezechiel
446 4338 662 4448 propheta,
676 4340 704 4431 i.
720 4367 780 4426 e.:
812 4341 927 4444 erod
944 4342 1121 4444 lraetruu
1146 4349 1248 4443 eret,
1274 4369 1354 4424 :rou
1376 4336 1683 4425 ccrrsolidcstis-

240 4476 282 4552 et
310 4468 382 4554 rel.
412 4515 467 4532 ·-
495 4467 618 4553 Nunc
647 4471 867 4557 videndum
896 4479 977 4573 est,
1005 4471 1104 4583 quid
1134 4477 1218 4572 est,
1247 4471 1358 4580 quod
1386 4469 1507 4555 dicit:
1546 4466 1661 4570 Qircd

239 4625 423 4686 crassum
453 4601 661 4705 videbatis,
690 4590 972 4706 assumebatis,
1000 4611 1037 4688 ct
1065 4605 1171 4711 prend
1198 4603 1328 4688 dedilc
1354 4609 1444 4688 erot
1467 4599 1661 4706 projicie-

240 4735 383 4818 batis?
437 4733 626 4819 Pastores
662 4737 771 4819 euim
809 4765 989 4822 crassum
1026 4742 1195 4820 sumunt
1230 4735 1282 4820 ad
1319 4722 1586 4822 occidendum
1616 4738 1660 4813 et

75 4877 77 4882 '
240 4865 291 4950 ed
331 4865 683 4967 manducandum:
724 4867 857 4953 debile
896 4867 1005 4951 enirn
1034 4869 1258 4976 projiciunt
1291 4917 1342 4933 -
1367 4897 1417 4953 ec
1445 4869 1480 4952 si
1506 4867 1661 4950 diceret

239 5000 330 5084 aliis
359 4998 515 5092 uerbis:
576 5001 682 5106 Eos,
711 5002 781 5112 qui
819 4999 919 5086 boni
947 5003 1092 5102 erant,
1129 5001 1399 5086 ossuumebotis
1437 4998 1660 5085 inridendo

241 5196 454 5208 ι--ιι--ι--ι
471 5197 502 5204 ..-

332 5287 361 5378 ¹)
384 5309 523 5361 currere
546 5287 677 5360 debent
698 5291 756 5380 (l).
870 5329 881 5344 ι
