4002 5792
38 315 232 410 v*

859 150 960 244 cap.
982 143 1146 226 nxxlln
1598 115 1602 120 ¹
1634 163 1716 246 635

305 371 511 484 superins:
542 366 754 453 doctrinae
781 337 1015 458 sauctorum
1044 384 1205 482 patrum
1228 379 1271 459 et
1291 375 1467 487 paginae
1486 384 1560 460 unt
1582 405 1715 462 sermo
1770 465 1777 504 ,

301 501 396 592 novi
423 507 466 585 et
495 497 645 582 ueteris
674 499 909 585 testamenti
939 509 982 584 st
1009 503 1248 590 collationes
1278 512 1440 616 patrum
1464 512 1506 590 at
1526 508 1714 592 instituta

160 697 164 704 ·
301 645 342 722 et
370 631 512 744 regula
536 629 577 715 S.
605 627 760 731 Basilii,
789 614 856 715 hic
869 633 900 740 ¹)
928 631 1029 716 dicit
1058 632 1274 738 doctrinae,
1308 664 1356 721 eo
1392 637 1502 746 quod
1527 635 1716 720 doctrina

301 766 453 853 odilla
482 759 621 850 omnia
650 761 861 874 superiora
889 763 1059 862 attinet3
1087 769 1352 872 virtutumque
1371 769 1549 852 caelestino
1564 771 1716 852 attinet
1740 844 1743 848 .
1852 839 1858 851 .

298 899 350 986 ad
376 898 504 982 vitam
533 893 713 978 illorum.
751 891 807 976 ln
831 896 1058 980 notandum
1082 905 1155 999 eet,
1180 898 1278 1008 quia
1306 899 1367 983 illi
1391 897 1541 983 dicitur
1563 900 1714 997 vestire,

298 1031 369 1145 qui
406 1027 589 1115 nondum
628 1025 758 1110 venit..
818 1023 866 1110 In
906 1027 984 1112 hoc
1024 1027 1115 1114 loco
1155 1035 1270 1140 putat
1307 1031 1516 1116 licentiam
1561 1031 1714 1116 donare

299 1167 340 1252 S.
371 1157 617 1248 Benedictus
656 1157 963 1266 perficientibus
998 1160 1104 1246 lrsauc
1140 1163 1350 1250 minimam
1379 1163 1513 1274 legem
1550 1165 1629 1272 [at]
1660 1165 1712 1248 ad

300 1296 454 1404 majora
489 1291 561 1380 irc.
629 1287 714 1374 Ubi
754 1289 983 1375 notandum
1025 1298 1105 1377 est:
1147 1294 1182 1378 si
1220 1294 1300 1380 illis
1341 1294 1531 1382 concedit
1572 1295 1711 1405 egredi

299 1427 340 1513 S.
371 1423 632 1528 Benedictus,
662 1422 732 1532 qui
762 1450 836 1532 pro
866 1421 1116 1531 perfectione
1143 1453 1216 1509 sua
1245 1425 1390 1510 volunt
1415 1426 1525 1510 exire
1553 1426 1604 1509 de
1623 1456 1712 1511 mo-

299 1558 489 1660 nasterio,
519 1553 812 1664 multomagis
842 1554 1028 1638 concedit
1048 1554 1172 1640 etiam
1196 1555 1289 1656 illis,
1320 1554 1462 1666 quiin
1493 1557 1583 1642 loco
1607 1559 1711 1667 peri»
1848 1663 1849 1666 p
1900 1641 1912 1666 ,

297 1693 436 1778 culoso
472 1687 690 1774 constituti
726 1692 831 1771 suot
865 1691 907 1770 et
942 1687 1198 1772 tunuultuoso
1226 1691 1350 1797 utque
1378 1687 1639 1789 inordinato,
1667 1694 1710 1774 et

296 1823 353 1906 ibi
390 1819 685 1934 professionem
723 1846 838 1901 snam
880 1845 964 1901 nou
1004 1823 1177 1928 possunt
1212 1818 1405 1929 implere,
1434 1819 1487 1904 ad
1517 1819 1597 1904 alia
1618 1819 1707 1904 loca

295 1954 420 2056 irai.
452 1957 590 2040 aaut
628 1951 680 2034 ad
718 1948 979 2034 solitudinem
1019 1957 1094 2032 unt
1127 1950 1181 2034 ad
1217 1949 1329 2034 uliud
1356 1945 1539 2036 strictius
1570 1980 1709 2036 mona-

297 2083 478 2168 sterium.
538 2079 663 2166 Forte
702 2079 804 2165 dicit
841 2076 1010 2186 aliquis:
1047 2078 1260 2177 Quomodo
1300 2079 1377 2167 hoc
1417 2109 1581 2191 possum
1612 2109 1710 2192 cog·

38 2229 66 2283 ¹,
238 2202 240 2206 ’
297 2241 476 2316 noscere,
493 2218 541 2293 ut
559 2211 628 2296 isti
647 2209 1041 2319 talcsegrediautur
1059 2207 1110 2292 sle
1130 2211 1405 2299 monasterio?
1446 2211 1520 2295 Cui
1537 2239 1708 2320 respon·

296 2343 473 2428 dendnm
510 2347 593 2427 cst:
636 2341 680 2428 si
720 2341 810 2450 isti,
839 2339 910 2449 qui
949 2344 1097 2448 sponte
1133 2339 1243 2440 exit,
1281 2340 1520 2443 conceditur
1555 2341 1706 2452 egredi,
1754 2381 1758 2391 ·

295 2477 362 2586 qui
392 2474 424 2558 si
455 2473 510 2558 ibi
542 2472 665 2557 etiam
695 2471 892 2556 uoluisset
918 2475 1050 2578 stare,
1080 2497 1164 2556 non
1193 2471 1464 2580 periculosum
1499 2479 1605 2558 esset
1630 2471 1706 2572 illi,

296 2609 423 2719 magis
459 2605 698 2691 conceditur
736 2603 857 2688 etiam
899 2603 981 2704 illi,
1020 2601 1091 2712 qui
1130 2601 1184 2686 ob
1222 2603 1507 2690 liberationem
1543 2603 1705 2688 atrimae
1856 2693 1859 2701 ,

294 2767 389 2823 suec
419 2735 661 2837 saltemne,
692 2729 970 2844 pessumire,
999 2759 1122 2842 quam
1152 2728 1227 2835 illi,
1257 2734 1328 2843 qni
1357 2734 1391 2818 si
1421 2734 1480 2822 ibi
1508 2733 1705 2819 voluisset
1765 2755 1769 2764 ’

292 2877 422 2968 stare,
452 2893 539 2977 pon
574 2871 681 2950 esset
715 2863 778 2950 illi
815 2860 1110 2973 periculosnm3
1148 2868 1218 2965 nt,
1247 2863 1343 2975 quia
1369 2864 1427 2950 ibi
1456 2857 1706 2975 norspotest

238 3063 242 3070 -
291 2999 460 3096 salvare,
490 2999 671 3082 salvetur
699 2995 742 3080 iu
771 2994 853 3080 ulio
878 2993 986 3078 loeo.

399 3125 581 3239 Bxplioit
610 3123 792 3231 traditio,
821 3151 943 3238 qnam
972 3122 1236 3210 Hildemouu
1267 3123 1489 3213 uronuclrus
1514 3115 1704 3235 espusuit
1808 3201 1819 3232 3„

289 3285 413 3370 super
440 3255 626 3368 regulam
654 3257 695 3346 S.
725 3252 941 3344 Benedicti
968 3261 1011 3338 at
1039 3251 1211 3339 tradidit
1239 3251 1446 3364 discipulis
1479 3251 1574 3342 suis.

399 3384 662 3475 Bccieutibus
689 3385 791 3473 haec
819 3410 947 3495 regna
975 3381 1179 3494 patebunt
1205 3411 1398 3495 superum
1452 3385 1602 3476 Amen.
