3968 5774
126 295 130 306 '
191 297 193 305 '
228 285 309 372 352
421 315 426 324 ·
817 285 903 384 cap.
925 285 1035 362 XXV.

228 504 351 589 debet
377 505 500 589 etiarn
529 483 656 590 abbas
683 535 863 616 parcere,
891 540 944 594 ne
971 511 1025 596 ob
1053 507 1133 594 hoc
1161 511 1276 617 qnasi
1309 535 1431 593 caasa
1458 511 1536 596 ccli
1563 507 1638 598 Dei

126 707 129 712 .
229 635 431 719 discordia
459 642 679 743 generetur
707 639 815 722 iuter
845 641 948 727 illos.
1009 639 1114 724 Nam
1152 639 1297 724 melius
1325 645 1387 722 cst
1419 637 1560 726 tallere
1594 641 1639 728 ia

231 764 546 876 misericordium
578 769 776 884 laniendo,
806 799 927 884 quarn
957 772 999 855 in
1029 771 1289 854 seueritatem
1317 771 1513 858 tenendo.
1655 865 1660 876 ,

339 901 558 1009 Sequitur:¹
599 900 689 984 (liti
716 911 848 986 ornem
875 903 1124 1008 resectionem
1152 907 1264 988 sotiis
1291 903 1495 1009 percipiat
1530 932 1663 1004 crinis

229 1059 329 1116 snro
356 1031 417 1116 ccl
443 1031 557 1134 leoco,
586 1060 667 1139 qim
688 1034 939 1140 praeciderit
964 1034 1093 1120 ottus
1119 1039 1158 1118 ci
1185 1041 1413 1140 competere.
1443 1083 1493 1100 -·
1524 1037 1641 1121 Conr-

227 1171 375 1272 petne,
403 1163 429 1249 i.
453 1193 489 1250 e.
518 1149 737 1250 convenire
763 1167 826 1251 vel
854 1167 1059 1276 expedire.
1110 1165 1157 1250 ln
1182 1167 1260 1252 hoc
1285 1167 1376 1250 loco
1399 1170 1641 1252 intuendam

230 1303 315 1394 est,
353 1325 445 1378 cum
486 1295 588 1379 dicit
625 1323 855 1380 recursurum
883 1299 943 1380 ccl
974 1297 1129 1384 lrorom.
1162 1285 1320 1392 [Debet
1354 1297 1640 1390 discretionem

235 1425 385 1508 habero
412 1425 537 1508 abbas
567 1427 762 1532 tenqroris
791 1434 833 1508 et
861 1427 1073 1535 qualitatis
1091 1454 1307 1535 personae:
1337 1433 1499 1536 tenipus
1522 1427 1644 1511 debet

232 1582 500 1663 cognoscere,
542 1562 679 1636 atrurn
708 1554 763 1637 sit
790 1555 902 1638 calor
931 1557 992 1640 uel
1024 1559 1178 1664 trigas,
1216 1558 1313 1664 qaia
1343 1557 1440 1638 lracc
1470 1563 1643 1666 utraque

232 1695 417 1794 tempora
459 1711 540 1766 aon
575 1686 802 1794 aequaliter
838 1688 1090 1768 conueniant
1121 1687 1294 1795 jejunio.
1355 1685 1487 1768 Debet
1516 1689 1639 1770 etiarn
1727 1667 1729 1672 ’

231 1843 479 1927 cognoscere
507 1816 748 1923 qualitatem
780 1817 888 1900 illius
920 1817 1080 1914 fratris,
1111 1846 1232 1927 quem
1263 1817 1643 1919 excommunicarit,

234 1957 370 2030 utram
404 1946 459 2028 sit
487 1946 634 2029 debilis
660 1977 714 2030 ou
744 1950 876 2050 tortis,
905 1978 958 2032 an
987 1949 1159 2054 alicujus
1189 1947 1440 2031 infirmitatis
1470 1947 1532 2030 vel
1563 1947 1645 2032 lor*

60 2150 68 2172 ,
233 2079 435 2166 titudinis.
495 2077 600 2162 Nara
630 2075 874 2164 intuendum
903 2087 985 2176 est,
1015 2081 1124 2186 qaia,
1155 2080 1189 2160 si
1221 2085 1393 2163 nrrrltnnr
1424 2081 1517 2187 qais
1539 2081 1646 2190 jeja·

234 2212 417 2308 traverit,
447 2211 635 2296 acalore
664 2211 823 2322 hepatis
851 2213 1111 2297 contrahitur
1139 2201 1395 2308 stomachus,
1427 2216 1522 2320 post
1550 2240 1645 2294 uero

232 2375 326 2428 curu
367 2344 455 2427 nrrlt
491 2344 670 2453 recipere
706 2345 868 2447 cibam,
909 2347 995 2456 ipse
1032 2345 1148 2427 cibus
1181 2344 1219 2425 ei
1249 2342 1426 2428 nocebit.
1488 2340 1532 2425 ln
1562 2372 1645 2452 qao

235 2479 324 2562 loco
353 2478 475 2561 (latin
503 2475 692 2584 intelligi,
722 2483 770 2558 at
788 2476 935 2559 debeat
963 2479 1087 2559 etiarn
1110 2503 1357 2585 cognoscere
1380 2474 1645 2572 mediolanum

234 2612 268 2694 ei
297 2589 405 2692 eninr
436 2637 517 2692 non
549 2610 761 2718 cognoscit
790 2638 952 2718 perse,
982 2609 1105 2691 debet
1134 2608 1410 2717 interrogare,
1439 2605 1646 2716 qualiter?

234 2773 325 2826 cura
360 2741 525 2823 lratreur
555 2740 733 2850 castigat
755 2739 936 2849 jejuniis,
965 2750 1014 2824 at
1044 2740 1252 2824 moderate
1274 2740 1463 2847 castiget.
1679 2740 1702 2850 Ἰ

345 2873 560 2982 Sequitur:
603 2898 674 2955 nec
707 2903 732 2956 u
774 2894 968 2976 qnoqnnnr
998 2871 1254 2954 benedicanu-
1279 2879 1536 2970 transeunte,
1578 2899 1648 2955 nec

155 3008 164 3026 “
235 3007 370 3103 cilns,
410 3005 480 3110 qui
508 3003 546 3084 ci
572 3003 709 3085 clutnr.
742 3049 786 3112 e
823 3001 896 3084 lsti
935 2999 1008 3083 tali
1047 3001 1164 3083 tratri
1201 3000 1340 3084 uallas
1367 3002 1491 3084 debet
1523 3003 1649 3110 loqui,

236 3165 310 3219 uec
347 3135 472 3218 etiam
514 3134 606 3234 ille,
651 3133 721 3242 qai
758 3132 894 3214 cibuai
934 3132 969 3214 ei
1012 3133 1171 3218 tribuit.
1239 3131 1390 3216 Verum
1429 3134 1471 3215 in
1509 3143 1649 3215 nostro

234 3265 483 3352 morrasterio
510 3265 742 3347 cellerarius
770 3263 919 3346 tribuit
941 3261 1001 3345 illi
1021 3263 1181 3359 cibanri
1210 3290 1304 3347 naar
1330 3293 1413 3347 nou
1433 3253 1648 3374 qaisquam

236 3398 359 3482 debet
376 3397 505 3504 loqui.
550 3395 604 3478 m
622 3393 700 3476 hoc
729 3395 957 3478 notandum
985 3401 1062 3494 est,
1090 3395 1186 3500 quia
1214 3393 1296 3495 ille,
1324 3397 1440 3502 qnia
1467 3395 1649 3504 graviori

236 3530 357 3638 culpa
387 3527 516 3610 teneri
545 3527 695 3634 diguus
723 3531 799 3625 est,
829 3555 909 3608 non
934 3524 1058 3607 debet
1083 3532 1180 3608 arcte
1198 3527 1349 3637 corrigi
1374 3525 1549 3635 publice,
1578 3525 1649 3607 sed

238 3689 331 3743 mox
362 3668 408 3741 at
438 3661 628 3740 inventus
657 3657 784 3740 licerit
807 3657 849 3739 ia
873 3657 1052 3766 graviori
1075 3656 1210 3767 calpa,
1239 3656 1651 3742 excommunicandus

235 3800 309 3881 est.
367 3791 445 3874 Serl
475 3789 682 3871 sciendum
713 3796 798 3888 est,
840 3789 936 3898 quia
965 3788 1074 3871 istud
1103 3789 1329 3900 capitulam
1367 3789 1419 3872 de
1450 3791 1651 3874 canonica

235 3925 483 4012 anctoritate
527 3929 703 4006 tractam
750 3927 823 4006 est.
895 3919 1000 4005 Nam
1045 3923 1088 4004 iu
1132 3922 1259 4005 reteri
1303 3928 1547 4007 testamento
1592 3921 1650 4004 ita
1781 4029 1785 4036 Δ
1837 3938 1850 4033 2

140 4047 143 4054 ⁴
237 4057 517 4170 praecipitur,
551 4056 656 4140 atsi
685 4057 867 4165 leprosas
899 4055 1044 4160 luerit,
1085 4065 1248 4140 nraacut
1275 4059 1393 4140 extre
1420 4064 1579 4160 castra;
1616 4054 1650 4136 si

235 4201 372 4276 cirtem
403 4219 487 4273 riou
517 4189 661 4291 luerit,
707 4200 871 4274 uiarreat
898 4191 941 4275 ia
971 4189 1127 4278 castris.
1187 4189 1261 4274 llla
1296 4187 1410 4300 lepra
1441 4189 1651 4298 siguificat

237 4325 307 4408 illa
347 4329 534 4434 peccata,
574 4351 648 4430 pro
686 4323 833 4430 quibus
869 4330 985 4406 extra
1026 4321 1238 4405 ecclesiam
1277 4321 1336 4408 lit.
1404 4321 1478 4404 llla
1514 4329 1650 4404 autem

238 4463 418 4566 peccatu,
444 4481 518 4562 pro
541 4452 689 4562 quibus
711 4451 909 4536 Dominus
934 4455 1176 4538 sacrificium
1193 4453 1318 4572 jussit
1345 4453 1494 4552 ollerri,
1523 4455 1652 4562 signi·

120 4580 123 4586 ’
238 4591 363 4670 licant
392 4585 463 4666 illu
493 4590 683 4692 peccata,
723 4585 976 4694 pro'qnilms
1005 4614 1087 4666 riou
1113 4583 1352 4692 judicantur
1381 4589 1496 4667 extra
1525 4582 1653 4666 eccle·

236 4721 335 4801 siam
369 4715 469 4798 fieri.
527 4714 723 4798 Similiter
751 4718 792 4796 et
822 4713 996 4824 pollutio
1026 4716 1226 4822 urajorarn
1254 4719 1513 4822 pcccatorum
1539 4717 1653 4794 tenet

239 4851 437 4958 liguram,
475 4847 582 4928 sicut
610 4846 745 4953 lepra;
783 4854 918 4928 cosmo
933 4847 965 4956 ¹)
1005 4853 1143 4928 autern
1185 4843 1433 4954 intelligitur
1470 4842 1651 4928 ccclesia.

246 4979 297 5064 llt
326 4983 404 5065 hoc
433 4979 657 5064 notandum
687 4992 772 5066 est:
802 4977 949 5088 siquis
977 4977 1117 5060 intuli
1145 4977 1267 5088 calpa
1296 4976 1488 5059 iuuentus
1517 4973 1654 5078 faerit,

239 5177 501 5190 —na———nn

327 5281 355 5368 ¹)
378 5293 440 5362 per
462 5275 591 5342 castra.
637 5267 722 5340 coc.
747 5267 885 5338 Divina.
909 5287 952 5337 cx
977 5263 1128 5336 Manen.
