3994 5770
1381 88 1385 162 ι

691 251 693 258 ’
819 265 1047 359 oraru.
1579 276 1647 357 181
1772 218 1775 226 ¹

358 490 570 598 Sequitur:
613 488 810 578 durtieres
845 485 1034 595 diliyerc,
1076 492 1118 572 et
1154 488 1232 573 hoc
1270 488 1394 574 etianr
1432 491 1585 574 attinet
1613 490 1665 574 ad
1744 447 1784 523 ‘⁹

246 623 431 731 majores.

354 751 571 861 Sequitur:
602 753 659 836 Ιιι
693 749 848 836 Christi
875 775 1012 834 errrore
1034 775 1115 855 pro
1145 752 1321 838 irrinriois
1348 779 1479 838 oraro.
1537 753 1665 835 Orare
1725 763 1788 812 ‘²⁹'
1952 739 1958 749 ’

246 883 368 968 debes
397 909 472 992 pro
500 881 697 983 inimicis,
729 885 775 964 ut
796 884 1104 968 convertantur.
1162 880 1218 965 llt
1243 882 1322 968 hoc
1350 881 1559 968 sciendum
1588 889 1663 985 est,

246 1011 413 1125 qniaur'u
438 1011 592 1097 Christi
619 1039 756 1098 orreorc
784 1010 837 1096 ad
866 1009 1021 1095 inimici
1053 1014 1280 1097 orationem
1310 1013 1472 1099 attinet.
1531 1015 1664 1096 Orant

245 1141 373 1226 sancti
404 1169 479 1250 pro
509 1143 683 1228 inimicis
711 1148 986 1250 euternpore,
1015 1147 1097 1250 quo
1129 1148 1302 1253 possunt
1329 1142 1380 1226 ud
1411 1144 1660 1228 fructuosum
1789 1157 1820 1254 ¹..

245 1271 539 1381 poenitentium
570 1300 712 1358 eorum
746 1273 871 1356 corda
898 1279 1138 1357 convertere
1153 1273 1183 1381 ¹)
1220 1278 1344 1382 utque
1372 1275 1461 1382 ipsa
1490 1301 1662 1357 convcr-

243 1404 356 1486 sione
384 1400 546 1491 salvari.
604 1401 710 1501 Quid
739 1403 847 1486 enirn
889 1402 999 1489 aliud
1040 1432 1115 1514 pro
1151 1401 1327 1486 inimicis
1356 1403 1557 1488 orandum
1586 1407 1660 1504 est,

244 1532 322 1616 nisi
350 1532 442 1633 hoc,
472 1531 582 1642 quod
612 1533 671 1616 ait
692 1531 929 1640 Apostolus,
961 1538 1008 1616 ut
1036 1535 1108 1618 det
1136 1533 1216 1617 illis
1234 1532 1344 1618 Deus
1363 1532 1659 1642 poenitentium
1703 1579 1704 1584 ι

201 1705 204 1712 ·
243 1665 287 1746 ct
313 1660 555 1770 resipiscant
591 1693 617 1746 a
654 1661 808 1747 diaboli
846 1663 1026 1773 laqueis,
1067 1694 1092 1747 a
1129 1691 1210 1774 quo
1239 1662 1350 1773 capti
1386 1651 1581 1746 tenentur
1608 1664 1659 1745 nd
1738 1759 1740 1762 ¹
1871 1669 1875 1677 ’

242 1792 367 1903 ipsius
397 1791 686 1878 voluntatem?
1838 1819 1839 1824 ‘
1909 1779 1912 1786 Δ

349 1922 565 2032 Sequitur:
612 1920 712 2008 Onne
753 1923 1082 2010 discordantibus
1124 1933 1217 2011 ‹rrrtc
1257 1921 1356 2008 solia
1393 1945 1577 2006 crassum
1615 1922 1656 2004 ιἰι
1700 1893 1737 1954 7¹
1800 1929 1843 2032 s
1886 1921 1888 1926 ’
1932 2029 1936 2041 .

234 2077 338 2158 poce
364 2051 511 2137 redire.
570 2051 683 2158 Hoc',
724 2054 834 2163 quod
864 2053 984 2153 dicit,
1027 2053 1077 2138 de
1108 2054 1236 2138 Paulo
1273 2051 1462 2162 apostolo
1490 2047 1657 2148 sumsit:
1707 2117 1710 2124 .

240 2181 301 2266 ait
330 2181 440 2266 euim
469 2183 641 2268 Paulus:
678 2182 750 2270 Sol
776 2191 857 2270 ιιοιι
880 2183 1035 2272 occidat
1052 2211 1175 2290 srrper
1190 2182 1447 2268 iracundiam
1469 2187 1655 2270 vestram.

240 2314 346 2398 Sunt
377 2312 482 2398 enirn
514 2313 645 2418 multi,
676 2314 746 2426 qui
776 2316 899 2402 istum
920 2317 1054 2400 locunr
1084 2314 1305 2400 secundum
1323 2314 1483 2398 literam
1504 2312 1689 2397 intelli·

239 2448 367 2554 gunt,
410 2445 539 2530 nteit
567 2475 728 2532 sensus:
770 2475 854 2532 non
891 2447 1015 2532 dubet
1042 2448 1103 2534 sol
1141 2446 1194 2531 ad
1234 2470 1421 2532 occasmu
1456 2448 1554 2528 unta
1584 2445 1654 2547 irc,

237 2605 359 2685 quam
388 2605 529 2686 paoem
558 2605 650 2664 curn
692 2585 764 2664 tuo
804 2578 971 2666 inimico
1010 2578 1156 2676 facias:
1197 2575 1267 2661 sed
1304 2601 1386 2658 nou
1432 2579 1494 2658 est
1523 2574 1654 2658 bonus

86 2755 90 2766 ·
239 2705 494 2809 intellectus,
532 2710 628 2820 quia
657 2713 794 2820 potest
821 2709 1067 2794 non-solum
1094 2716 1192 2829 unte
1220 2705 1316 2793 solis
1346 2732 1552 2805 oecasuur,
1583 2706 1653 2790 scel

237 2835 359 2920 etiam
397 2842 495 2922 ante
535 2846 617 2926 tres
659 2840 780 2926 horas
824 2840 980 2950 grande
1026 2844 1240 2949 peccatum
1283 2834 1508 2935 committi,
1572 2835 1653 2918 Sed

238 2966 381 3052 melius
409 2973 492 3074 ast,
531 2977 580 3056 nt
607 2971 828 3058 secundum
857 2969 1080 3080 spiritalem
1109 2970 1364 3055 intellectum
1393 2967 1652 3078 intelligatur
1731 2993 1751 3016 ··
1843 3061 1845 3068 ‚

236 3091 286 3175 de
315 3093 498 3200 christo,
533 3105 582 3185 ut
609 3103 663 3185 sit
691 3129 852 3188 sensns:
896 3127 980 3184 non
1009 3103 1107 3186 talia
1136 3101 1258 3185 debes
1286 3125 1407 3209 ugera
1436 3125 1509 3208 per
1538 3104 1650 3181 tuurn

236 3220 335 3307 irunt
366 3224 407 3309 in
439 3231 565 3316 fratrc
593 3237 687 3334 tuo,
727 3237 774 3315 ut
802 3229 986 3314 Christus
1014 3230 1056 3315 in
1098 3238 1139 3316 tc
1167 3228 1453 3338 extinguntur:
1497 3226 1546 3312 de
1579 3228 1650 3311 illo
1695 3257 1712 3294 ν

218 3353 343 3468 ¹eninr
363 3358 449 3442 sole
472 3359 585 3465 elicit,
615 3362 665 3446 de
687 3387 770 3472 quo
794 3360 1052 3446 dictumest:
1087 3359 1219 3462 Volua,
1249 3357 1319 3465 qni
1336 3358 1482 3442 timetis
1504 3357 1648 3460 Drion,
1737 3396 1741 3405 ·
1894 3383 1897 3391 ’

233 3485 382 3570 orietur
422 3489 484 3574 sol
510 3489 705 3601 jrratr'lr‘or.
766 3491 827 3574 Dc
865 3491 940 3575 lroc
982 3491 1067 3575 sole
1108 3491 1301 3576 instituta
1340 3495 1503 3600 patrum
1544 3489 1646 3573 benc

202 3709 205 3716 ,
234 3615 354 3702 docet
373 3619 531 3705 diceus:
557 3619 803 3706 'diluentibus
822 3629 955 3706 orden:
976 3683 1153 3708 .....
1177 3621 1351 3726 tomporc
1366 3618 1647 3729 :reitiporrtrs.²)
1694 3619 1696 3622 ’

343 3749 557 3861 Sequitur:
597 3750 655 3836 Et
682 3755 732 3839 de
758 3751 842 3838 Dei
868 3751 1149 3839 :nisericordio
1188 3778 1392 3859 rurrrqnnrn
1420 3751 1648 3856 desperare.
1686 3745 1742 3809 7*

234 3879 347 3990 Apto
374 3881 483 3967 eninr
505 3883 596 3970 loro
613 3883 738 3969 dixit:
768 3883 835 3967 Dc
856 3884 940 3970 Dei
965 3883 1247 3972 erisericordr'o
1274 3909 1479 3990 nunqnam
1508 3882 1650 3986 despc·
1685 3933 1686 3936 κ

38 4105 50 4128 ..
231 4039 344 4114 rore,
387 4021 602 4125 postquonr
641 4015 764 4102 dixit:
807 4005 892 4100 Pro
934 4015 1111 4103 irrimior's
1147 4043 1266 4101 oraro
1304 4023 1339 4098 ct
1376 4038 1464 4098 ιιιιιι
1493 4011 1647 4098 discor·
1810 4009 1813 4016 ’

46 4139 49 4146 ’
103 4191 106 4200 =
232 4143 427 4228 dontibus
444 4155 537 4231 unte
555 4149 655 4233 eolis
674 4171 858 4233 occasum
873 4148 919 4230 in
931 4173 1037 4252 poce
1055 4150 1200 4250 redire,
1231 4145 1327 4254 qnia
1350 4146 1646 4252 inconsequens

181 4391 184 4398 Δ
231 4279 304 4376 est,
334 4280 383 4359 ιιι
410 4273 470 4360 illi
493 4277 544 4361 de
563 4275 641 4363 Dei
660 4277 939 4364 misericordia
967 4308 1009 4364 re
1032 4281 1262 4391 desperent,
1291 4278 1361 4388 qni
1381 4273 1471 4360 aliis
1493 4273 1667 4386 miseri-³¹

231 4407 411 4492 cordiam
440 4411 752 4520 praestiterunt:
791 4394 885 4496 num
915 4441 1010 4524 quo
1027 4412 1306 4498 misericordes
1332 4409 1424 4494 aliis
1452 4405 1644 4505 existunt,
1707 4475 1708 4480 ι
1873 4431 1878 4443 ·

230 4566 279 4624 ao
307 4539 611 4648 misericordem
642 4539 772 4627 Deum
803 4543 953 4629 habere
981 4551 1200 4631 merentur.

341 4669 555 4780 Sequitur:
596 4669 702 4758 Ecce
737 4673 834 4760 leoco
868 4678 962 4759 arent
1001 4675 1264 4761 instrumento
1293 4669 1399 4759 ortis
1426 4666 1653 4774 spiritatis,

195 4919 198 4926 Ι
228 4827 330 4910 quoe
358 4827 446 4888 cerm
470 4801 626 4908 suerint
652 4833 680 4889 o
715 4804 831 4890 uotis
864 4804 930 4890 dic
957 4811 1146 4912 nudaque
1179 4800 1401 4909 adimpleto
1439 4806 1477 4886 rt
1502 4799 1548 4884 ιἰι
1577 4798 1644 4883 dic

318 4999 346 5090 ¹)
368 4997 526 5072 converti
548 4999 626 5091 (tt
789 5087 790 5091 Ἰ
1589 5091 1590 5094 ¹
1730 5043 1735 5052 ·
1825 5085 1826 5090 Ἰ

315 5113 344 5200 ²)
366 5107 412 5183 cl.
434 5109 567 5200 Migue.
589 5113 675 5184 tom.
697 5111 757 5191 49.
777 5109 844 5182 cot
867 5109 1057 5182 uae-340.
1082 5105 1224 5178 coenob.
1247 5102 1405 5178 institut.
1429 5101 1493 5180 lib.
1505 5105 1538 5180 8.
1562 5125 1644 5196 cap.
1670 5207 1674 5216 ‚

226 5220 308 5293 eet
333 5221 383 5293 10.
489 5219 493 5227 '
1035 5279 1038 5286 ⁴
1658 5278 1659 5284 ,
1922 5231 1929 5240 ·
