3934 5762
178 119 289 262 ‘n
711 233 717 242 -
846 175 1037 334 ⁹¹⁰!OEss-

236 395 446 498 untione,
492 397 591 512 quain
630 399 673 484 id
707 397 872 508 egendo
908 397 1169 484 subtrabitur
1204 397 1259 483 cb
1296 427 1437 484 umore
1475 403 1650 490 hunno.
1735 427 1741 438 ·

236 522 393 614 ieiune
419 529 527 614 enim
558 531 717 632 faciem,
745 531 927 642 pertinet
952 529 1005 614 nd
1029 529 1275 616 munditiam
1302 529 1465 616 mentis.
1523 528 1588 616 na·
1607 538 1651 616 et

235 660 277 743 in
307 658 387 744 hoc
416 658 508 746 loco
536 691 610 772 per
638 663 798 746 trnrubos
824 662 1062 748 subcinctos
1099 663 1255 772 aliquid
1299 661 1420 746 nubis
1448 663 1649 770 scripturn

233 789 373 902 «lirina
410 791 652 900 spiritaliter
692 793 853 890 innuit:
893 823 990 878 nam
1029 796 1132 892 hoc,
1170 793 1282 902 qnod
1306 794 1413 876 dixit
1442 794 1492 881 B.
1521 782 1673 880 liene·⁴

86 975 90 982 v
233 919 389 1022 dictus,
427 923 661 1026 subcinctos
688 922 850 1021 lumbos
878 931 922 1008 et
958 925 1153 1010 calciatos
1191 925 1316 1034 pectes
1333 915 1547 1034 'euangelii
1575 923 1648 1010 lna·

233 1053 351 1155 bere,
391 1055 443 1139 ete
471 1053 587 1140 l'auli
617 1055 795 1166 apostoli
823 1056 1001 1166 epistula
1026 1056 1079 1141 an
1109 1055 1308 1167 Ephesios
1336 1057 1434 1140 dcte
1461 1059 1647 1170 sumpsit

141 1177 146 1186 ’
234 1185 388 1296 Paulus
427 1188 536 1271 enim
580 1188 795 1299 spostolus
848 1189 963 1298 prius
1004 1190 1278 1274 admonuerat
1318 1217 1650 1299 unumquemque

231 1317 490 1428 singiliatim,
511 1319 639 1402 idest
663 1321 792 1402 virum
821 1326 865 1404 et
886 1347 1070 1420 uxorem,
1095 1320 1201 1404 tilius
1226 1325 1267 1404 et
1285 1326 1488 1432 parentes,
1512 1350 1650 1406 servos

233 1454 276 1532 et
313 1449 523 1548 dominos3
566 1451 716 1535 deinde
753 1453 940 1560 peruenit
973 1452 1025 1534 ml
1062 1483 1155 1536 cnm
1195 1452 1351 1556 locum,
1395 1452 1466 1536 rubi
1507 1459 1649 1563 postea

233 1578 416 1690 generali
444 1581 726 1668 adnuouitioue
762 1611 903 1666 ornnes
939 1582 1156 1668 ardmonuit
1183 1585 1346 1670 diceus:
1392 1584 1457 1668 Dc
1482 1589 1648 1700 caetero,

231 1717 396 1812 srntres,
426 1713 712 1816 confortamini
737 1715 781 1796 in
811 1711 990 1802 Iturnino
1016 1723 1053 1798 nt
1080 1718 1124 1798 in
1145 1719 1330 1823 potennio
1357 1715 1518 1800 cirtnnis
1544 1717 1647 1818 ejus.

233 1838 399 1926 Inicinitc
424 1868 496 1926 cos
516 1851 773 1928 orerentnrnm
793 1845 888 1947 Dei,
916 1853 960 1930 nt
972 1849 1145 1952 possitis
1165 1849 1354 1932 resistcre
1380 1848 1423 1928 in
1447 1847 1515 1929 nie
1542 1843 1648 1928 ananie

231 1979 268 2058 ct
307 1975 350 2057 in
385 1973 571 2060 onrrnnibns
602 1977 772 2084 perlecti
810 1985 931 2063 nnnc.
990 1979 1103 2076 State
1139 2007 1234 2086 cryc
1261 1980 1456 2064 seiteina-ti
1495 1976 1650 2060 tenerrime

150 2181 154 2189 ,
233 2112 386 2192 cestros
413 2109 458 2191 in
485 2111 651 2194 cmitntc
678 2109 867 2195 utimini
889 2111 1256 2219 torienmjnstitinc
1276 2119 1313 2196 ct
1340 2110 1501 2197 enicinti
1522 2112 1648 2216 nectes

232 2242 276 2324 in
300 2241 618 2352 prmpnerutione
637 2239 895 2354 Ecnnqciii¹t
911 2246 1046 2351 pincis.
1105 2251 1165 2330 Ae
1189 2245 1223 2326 si
1249 2245 1428 2330 diceret:
1456 2243 1553 2330 Scio
1577 2271 1649 2326 uos

232 2373 500 2456 exercitatum
531 2373 691 2457 hostem
722 2374 886 2480 trabere,
914 2377 1128 2462 etidcirco
1157 2406 1230 2463 nos
1249 2377 1463 2479 adhortor,
1492 2381 1647 2460 utnon

231 2503 275 2588 iu
313 2507 456 2590 restris
497 2507 652 2599 uiribus
707 2508 778 2592 sed
818 2509 862 2592 iu
902 2508 978 2593 Dei
1018 2511 1314 2619 onmipotentis
1355 2510 1509 2593 virtute
1550 2537 1650 2590 con·

233 2637 383 2724 ficietis.
442 2639 556 2724 Haec
591 2645 730 2724 nutem
767 2642 993 2726 succinctio
1021 2641 1253 2725 lumborum
1280 2670 1367 2727 nou
1404 2645 1566 2726 tanturn
1602 2627 1681 2723 in¹

230 2769 337 2856 libro
364 2769 449 2856 Jub
477 2773 694 2881 reperitur,
721 2773 790 2856 ubi
820 2774 881 2858 ait
901 2772 1101 2858 Dominus
1129 2774 1181 2856 nd
1207 2773 1314 2858 tob:
1343 2774 1520 2880 Accinye
1545 2773 1649 2854 sient

230 2901 295 2983 uir
321 2899 476 2986 lnnnmn
513 2909 622 3006 tnes5
665 2905 919 3012 interroynbo
953 2912 1003 3005 n,
1041 2913 1079 2988 et
1117 2904 1316 3012 responde
1342 2905 1464 3007 rnritri3
1505 2932 1644 2990 uerum

152 3109 161 3130 ,
230 3029 356 3115 ctiam
396 3032 440 3114 iu
470 3032 699 3143 Evangelio
738 3037 837 3120 haec
875 3037 1100 3122 succinctio
1141 3038 1374 3121 lumborum
1415 3033 1645 3131 insonitum

232 3157 294 3246 'ait
320 3161 431 3247 enirn
458 3164 677 3249 Dominus:
709 3167 802 3251 Sint
829 3165 980 3252 riunena·
1003 3172 1126 3253 uestri
1146 3169 1372 3285 praecincti
1398 3173 1435 3250 n
1462 3167 1647 3252 lemnae

97 3313 105 3328 “
136 3323 140 3332 ’
234 3297 425 3379 ardentes
453 3295 497 3377 in
516 3297 704 3379 nrennnitms
726 3301 881 3383 uestris.
941 3297 1049 3381 Nasu
1071 3299 1150 3383 isto
1168 3301 1392 3384 succinctio
1412 3299 1645 3382 lumborum

184 3511 186 3516 ,
232 3427 344 3510 varie
371 3401 619 3537 inteiligitur
636 3459 661 3511 a
679 3430 842 3540 maguis
865 3430 1226 3540 pmcdicntoribus.
1283 3431 1368 3514 Alii
1397 3429 1561 3538 quidem
1584 3429 1647 3511 iu·

232 3558 428 3670 tellignut
457 3583 529 3668 per
567 3561 883 3646 succinctionem
923 3563 1154 3648 lumborum
1197 3565 1537 3650 refraenationem
1576 3562 1648 3644 nle-

231 3691 466 3777 lectatiouis
494 3692 685 3792 cerauniis,
712 3694 784 3778 alii
806 3701 944 3780 autern
973 3725 1046 3806 per
1067 3695 1387 3780 succinctionem
1414 3695 1645 3780 lnrrrborum

199 3822 473 3936 ·intelligunt
509 3826 798 3912 eoireitionem
840 3828 1024 3912 orurrinrn
1062 3829 1280 3930 vitiorum,
1321 3829 1510 3911 uounntli
1550 3855 1646 3910 vero

231 3985 305 4068 per
320 3939 641 4044 succinctionem
657 3960 891 4045 lumborum
905 3959 1148 4068 intelligunt
1161 3960 1502 4070 compressionem
1518 3987 1646 4042 nanae
1709 4013 1714 4024 ,

230 4088 398 4199 gloriae,
428 4093 525 4200 quia
553 4093 659 4176 sieut
687 4092 768 4194 isti,
797 4095 869 4204 qni
899 4121 982 4176 uon
1003 4094 1239 4176 refraenant
1257 4093 1496 4204 (secundum
1522 4121 1646 4200 quus·

231 4221 341 4332 daur)
381 4223 695 4310 delectationem
739 4225 964 4330 carnatem,
1008 4229 1081 4308 ent
1119 4225 1245 4307 etiam
1286 4254 1370 4309 non
1410 4225 1653 4330 refraenant,

230 4351 543 4437 delectationem
583 4357 823 4462 (secundnm
865 4357 1035 4462 multos)
1079 4357 1261 4440 omnium
1305 4357 1516 4458 vitiorum,
1562 4384 1644 4440 uou

321 4617 350 4702 ¹)
374 4613 530 4704 t'utgatn
557 4613 700 4703 (Euticu.
734 4614 790 4684 Vt.
829 4615 974 4702 rn-n)
1003 4615 1072 4686 sic:
1100 4639 1132 4690 u.
1170 4619 1235 4689 tu:
1278 4615 1332 4688 De
1365 4621 1483 4688 cetero
1517 4615 1645 4686 iratres

231 4722 478 4794 confortemini
503 4723 540 4794 in
563 4722 769 4796 Donninoet
789 4723 827 4794 in
850 4725 1012 4815 potentio
1034 4723 1180 4794 uirtutis
1201 4724 1287 4814 ejus.
1332 4747 1366 4798 u.
1393 4729 1464 4796 rt:
1501 4723 1642 4794 traducite
1746 4727 1754 4746 ⁸

210 4855 292 4902 -uor
315 4839 532 4904 armaturam
558 4830 634 4916 nn,
658 4838 699 4904 nt
719 4831 864 4924 possitis
875 4841 972 4908 sture
992 4836 1161 4906 advenas
1176 4835 1324 4905 insidias
1336 4834 1483 4904 «tinnuli.
1513 4857 1544 4906 v.
1576 4835 1644 4901 m:

231 4943 423 5032 l’ropteren
455 4943 607 5034 accipite
638 4951 857 5016 nnunturum
881 4943 956 5026 itui,
989 4951 1029 5016 ut
1054 4943 1199 5034 possitis
1221 4943 1383 5016 resistere
1406 4945 1442 5014 iu
1466 4943 1526 5016 ctio
1548 4941 1645 5012 nrnto

232 5051 336 5123 etin
370 5053 534 5125 omuibus
567 5053 715 5144 perfecti
745 5061 851 5126 stare.
897 5077 930 5123 n.
956 5055 1018 5125 1⁴:
1064 5055 1166 5126 State
1197 5075 1283 5144 ergo
1312 5053 1483 5126 succincti
1505 5053 1646 5124 lumbos
1718 5077 1722 5094 ·

232 5166 367 5236 uestros
390 5163 427 5234 in
451 5167 603 5260 ueritate
624 5174 661 5238 ct
684 5165 802 5238 induti
826 5165 970 5238 luricam
989 5163 1157 5256 justitiae
1179 5169 1245 5236 ets.
