3968 5774
183 253 372 378 ἴδη,
598 385 601 392 Ι
798 281 1051 376 -cspxxxa
1144 287 1146 292 ’

226 509 311 607 est,
339 504 448 590 aicnt
473 501 575 588 dicit
602 502 829 614 propbeta:
873 501 1056 608 Spiritus
1082 502 1309 610 snpimtiuc
1341 505 1380 587 ct
1406 499 1637 586 intellectus.

227 633 478 720 Intuendum
506 638 591 734 est,
630 633 727 744 qnia
761 661 857 718 cnm
885 619 987 716 dicit
1021 632 1208 740 sapiens,
1246 659 1332 716 non
1359 631 1413 716 de
1438 631 1638 741 sapientia

227 771 393 849 terrena
416 762 534 864 dicit,
561 764 631 848 sed
661 763 713 850 de
742 763 1004 876 philosophia
1030 762 1211 848 coelesti.
1254 760 1520 871 Philosophia
1545 791 1639 846 coe·
1703 797 1707 804 ·

227 894 342 978 lestis
370 901 457 993 est,
496 895 726 980 discernere
753 893 992 978 internicie
1019 897 1063 976 ct
1090 891 1287 993 virtutes,
1325 891 1475 976 deinde
1502 899 1639 976 ‘amara

227 1021 401 1108 virtutos
429 1031 472 1108 et
499 1023 613 1110 odire
641 1021 766 1122 vitiat
794 1047 842 1108 ac
864 1022 1056 1134 deinceps
1079 1021 1187 1136 ipsas
1206 1021 1393 1129 virtutes,
1421 1049 1523 1132 quas
1539 1050 1640 1134 cog·

228 1153 374 1257 noscit,
403 1153 595 1266 operibus
623 1181 810 1240 exercere
838 1151 1024 1255 studeat,
1055 1181 1106 1240 eo
1133 1152 1244 1262 quod
1273 1152 1333 1237 nil
1361 1153 1470 1240 valet
1499 1181 1639 1265 sapere

131 1328 138 1346 ·
228 1293 272 1372 et
297 1313 545 1399 cognoscere
573 1285 750 1388 bonurn,
787 1288 831 1371 et
859 1283 961 1372 illud
990 1313 1073 1371 non
1113 1285 1286 1396 diligere
1312 1291 1437 1396 atque
1464 1287 1640 1371 amandu

79 1487 82 1494 .
228 1447 312 1504 nou
335 1419 509 1528 operari.
552 1418 665 1504 Trrlis
693 1427 756 1504 est
783 1419 907 1548 enirn,
935 1417 1008 1528 qui
1035 1417 1144 1527 sapit
1171 1419 1326 1502 bonum
1354 1426 1398 1503 et
1425 1418 1527 1502 illud
1556 1447 1639 1502 nou

230 1551 440 1662 diligendo
477 1543 692 1662 operatur,
736 1551 869 1661 qualis
907 1557 971 1634 est
1012 1550 1103 1649 ille,
1140 1549 1212 1660 qui
1248 1553 1390 1659 portat
1426 1551 1565 1632 vinunr
1599 1557 1641 1630 et
1759 1593 1762 1600 ·

229 1711 377 1791 panem
414 1693 458 1768 et
484 1683 631 1768 exinde
666 1711 742 1768 nec
769 1681 991 1766 manducat
1027 1709 1103 1766 nec
1131 1681 1250 1766 bibit.
1308 1680 1366 1764 Et
1400 1682 1504 1764 bene
1535 1679 1641 1789 sapi·
1694 1769 1700 1782 ,

81 1853 84 1860 ·
230 1815 341 1898 entia
368 1844 393 1898 a
421 1843 566 1925 sapore
594 1813 707 1899 dicta
734 1821 811 1920 cst,
839 1844 890 1900 eu
917 1817 1027 1926 qnod
1057 1837 1256 1925 saporem,
1284 1811 1311 1896 i.
1340 1841 1376 1896 e.
1405 1811 1642 1922 intelligen-

90 1977 133 2039 ·,
230 1943 330 2027 tiaur
371 1945 555 2029 omnium
585 1946 786 2031 bonorum
814 1947 1052 2034 doctoribus
1090 1945 1259 2028 tribuat.
1319 1941 1517 2043 Pulchre,
1547 1972 1641 2026 curn

229 2076 335 2158 dixit
361 2077 541 2182 sopicus,
574 2076 788 2186 subjunxit
814 2081 987 2163 centenis
1013 2078 1204 2176 erroribus,
1235 2076 1332 2184 quia
1359 2103 1409 2158 ex
1441 2073 1643 2184 sapientia
1674 2116 1681 2146 .-

232 2207 372 2292 celesti
401 2206 656 2292 descendunt
689 2211 840 2292 maturi
869 2238 1014 2297 mores.
1070 2207 1221 2292 hiaturi
1251 2205 1357 2290 enirn
1388 2234 1520 2290 mores
1547 2214 1645 2290 snrrt
1688 2297 1691 2302 ,

229 2338 369 2421 dulces
396 2344 441 2421 ct
465 2338 675 2426 amabiles.
740 2339 857 2424 Sicut
893 2341 1002 2425 cuim
1040 2339 1191 2424 dicitur
1225 2341 1430 2419 maturum
1464 2365 1643 2446 pomum,

231 2467 419 2578 eoquod
448 2467 609 2577 abjecta
637 2470 858 2579 asperitate
897 2479 940 2554 et
968 2470 1191 2555 acerbitate
1224 2475 1408 2578 ternpore
1442 2497 1519 2552 suo
1555 2468 1645 2550 eili-

231 2596 339 2681 citnr
378 2598 496 2683 dulce
538 2601 582 2682 et
621 2607 763 2707 aptum
809 2601 860 2684 ad
901 2599 1254 2702 manducandum,
1292 2599 1354 2685 ita
1394 2606 1439 2683 et
1476 2601 1646 2682 maturis
1751 2695 1756 2705 .

204 2728 413 2848 ‘moribus
443 2729 592 2815 dicitur
620 2729 713 2832 iile,
742 2734 812 2842 qui
839 2733 1002 2842 abjecta
1030 2734 1143 2818 omni
1170 2733 1395 2817 acerbitate
1423 2736 1466 2814 et
1493 2730 1645 2840 asperi·

230 2865 318 2944 tate
346 2861 555 2966 succidari,
587 2893 710 2972 quarn
741 2865 785 2947 in
814 2865 976 2952 saeculo
1003 2863 1164 2964 habuit,
1193 2864 1373 2948 eflicitur
1399 2893 1539 2950 aurore
1570 2861 1645 2945 ilci

125 3001 172 3081 ,’
229 2996 352 3101 aptus
373 2995 414 3076 et
434 2992 563 3076 dulcis
592 2999 635 3075 et
658 2995 846 3080 amabilis
873 3003 998 3104 atque
1021 2997 1209 3080 affabilis.
1252 2997 1363 3104 Apte
1386 3006 1643 3104 etcougrue‚
1740 3007 1752 3064 7

167 3145 169 3150 “
230 3133 447 3238 postquam
463 3123 570 3208 dixit
591 3127 758 3232 autricus
772 3131 809 3210 ct
830 3129 1003 3214 venatoria
1022 3129 1212 3226 erroribus,
1235 3127 1451 3236 subjunxit
1472 3127 1645 3226 sobrius,
1708 3203 1710 3208 ,

149 3287 151 3290 ·
230 3285 279 3344 eo
308 3258 414 3370 quod
444 3257 650 3344 sobrietas.
671 3286 720 3342 cx
748 3258 950 3368 sapientia
977 3266 1021 3344 et
1048 3260 1217 3344 maturis
1240 3259 1423 3344 moribus
1445 3259 1646 3369 procedit.

231 3391 440 3476 Sobrietas
467 3389 577 3474 euim
605 3390 854 3500 intelligitur
882 3375 1168 3502 temperantia.
1226 3388 1302 3475 ille
1328 3398 1464 3477 autem
1494 3393 1646 3478 dicitur
1693 3503 1697 3512 ν

60 3590 62 3596 ,
230 3523 408 3626 sobrius,
447 3524 518 3632 qui
547 3530 798 3632 temperatus
826 3531 913 3626 est,
953 3525 978 3609 i.
1008 3554 1043 3613 e.
1073 3527 1143 3635 qui
1178 3554 1255 3610 nec
1283 3525 1376 3634 plus
1398 3553 1480 3610 uec
1513 3525 1648 3608 urinns

150 3731 153 3736 .
231 3684 354 3765 quarn
378 3663 543 3766 oportet
565 3659 677 3766 agit3
707 3687 803 3740 uam
825 3657 909 3758 ille,
938 3657 1009 3766 qui
1033 3659 1196 3767 sapiens
1211 3656 1286 3740 Dei
1313 3666 1376 3740 est
1400 3664 1443 3741 ct
1466 3663 1648 3741 maturos
1692 3657 1696 3663 ’

230 3817 385 3891 mores,
423 3789 450 3870 i.
480 3815 516 3874 e.
544 3788 682 3871 dulces
710 3796 754 3872 ct
783 3789 979 3874 nruabiies
1013 3789 1160 3890 habet,
1199 3791 1361 3873 sobrius
1388 3790 1529 3872 statim
1559 3790 1648 3888 elti-
1732 3805 1737 3814 '

231 3919 350 4021 citur,
380 3920 476 4028 quia
504 3919 563 4001 nil
593 3919 685 4028 plns
713 3920 772 4003 nil
802 3919 937 4004 miuus
964 3923 1089 4028 agit'

345 4049 560 4159 Sequitur:
599 4079 678 4135 arou
707 4051 875 4135 rrrrdlnm
908 4051 1027 4162 educ.
1083 4050 1295 4136 Hactenus
1325 4052 1373 4140 B.
1403 4049 1649 4135 Benedictus

85 4219 86 4223 Ν
231 4183 363 4284 uixit,
401 4183 536 4291 qualis
572 4183 720 4266 debeat
759 4211 845 4266 esse
882 4181 1118 4267 cellararius
1155 4183 1198 4266 in
1240 4183 1436 4267 interiore
1470 4181 1650 4279 bomine.
1747 4193 1750 4198 '

232 4343 339 4400 cum.
355 4312 458 4398 dicit
494 4314 683 4417 sopiens,
724 4315 897 4397 soluturis
934 4315 1135 4420 acoribus,
1172 4314 1344 4402 sobrius.
1400 4313 1525 4399 Nunc
1553 4340 1650 4398 vero

175 4437 180 4458 ³
233 4451 389 4550 narrat,
419 4445 550 4554 qualis
579 4444 635 4527 sit
661 4446 705 4529 iu
734 4448 936 4530 exteriora
965 4446 1145 4549 bomine,
1189 4475 1281 4532 cum
1313 4445 1414 4530 dicit
1441 4473 1519 4530 noar
1549 4445 1652 4529 mul·

158 4670 163 4681 ,
231 4586 315 4661 lum
338 4577 461 4662 edus.
523 4579 678 4662 Deinde
707 4573 923 4690 postquam
953 4580 1058 4662 dixit
1084 4606 1164 4664 nore
1194 4581 1362 4664 ursellum
1393 4578 1522 4684 educ,
1549 4607 1651 4664 con·

232 4739 335 4822 grue
373 4711 588 4820 subjunxit
624 4739 698 4796 suo
738 4711 830 4796 loco
878 4715 961 4795 'arou
1000 4711 1151 4810 elutus.
1192 4741 1242 4797 eo
1279 4712 1391 4822 qu‘od
1428 4739 1478 4794 ex
1521 4711 1651 4794 nauita
1759 4699 1761 4702 ’

82 4847 84 4852 ’
233 4843 433 4927 edacitate
463 4845 569 4928 solet
598 4845 705 4930 eiiici
748 4843 872 4929 homo
907 4846 1056 4930 elatus.
1113 4847 1255 4932 Veluti
1284 4873 1413 4958 equus
1440 4874 1490 4929 ex
1520 4844 1652 4928 multa
1707 4909 1711 4917 «

89 5081 94 5092 .
232 4973 435 5059 edacitate
473 4977 724 5063 incrassatur
763 4984 806 5062 et
848 4979 1029 5064 efficitur
1066 4981 1292 5090 superbus,
1343 4979 1402 5064 ita
1440 4984 1484 5064 et
1526 4977 1651 5065 homo

141 5203 146 5214 ,
232 5138 283 5195 ex
321 5097 452 5194 nauita
497 5111 698 5196 edacitate
737 5110 917 5197 eflicitur
950 5110 1092 5200 elatus.
1152 5111 1303 5199 Elatus
1340 5114 1393 5199 ad
1432 5111 1652 5200 elationem
1747 5177 1753 5192 ,

233 5244 434 5353 pertiuet;
485 5246 692 5328 sciendum
744 5251 807 5328 est
848 5244 978 5347 enirn,
1030 5247 1128 5357 qnia
1170 5246 1296 5332 elatio
1345 5248 1394 5331 iit
1445 5245 1487 5330 in
1532 5247 1653 5358 spiri·
