4002 5792
181 195 326 330 *our
641 223 643 228 ’
798 207 1191 352 'vav-'vxvvu⁴
1327 227 1332 237 ·

242 458 372 564 muln,
407 459 525 546 mulis
565 468 707 548 autem
746 461 948 556 conluuio.
1004 459 1058 550 V.
1093 488 1179 573 gn:
1206 467 1306 557 cunt
1341 461 1425 550 duo
1461 459 1661 568 homines,

118 599 128 618 ''
242 591 315 702 qni
342 589 537 682 laborant
564 591 764 678 babentes
780 592 1009 706 aequaliter
1026 593 1178 694 omnia,
1206 592 1236 680 i.
1257 621 1295 682 o.
1320 593 1444 680 boves
1466 600 1510 680 et
1525 599 1663 682 cetera

243 753 398 841 opera,¹
421 753 527 834 quac
553 725 608 811 ad
635 725 794 812 cultum
820 732 953 810 terroe
981 724 1211 835 pertinent:
1252 740 1357 810 unm
1396 724 1561 810 illorum
1597 738 1661 814 est

235 856 464 942 studiosior
505 859 549 942 in
589 855 817 944 laborando
858 863 924 958 et,
960 885 1069 942 oum*
1093 855 1276 960 laborat,
1310 854 1474 968 colligit
1511 857 1660 944 exinde

184 1062 192 1086 ,
241 991 401 1074 tructus
436 987 658 1098 plnrimosr
698 987 806 1073 alter
834 1015 931 1073 vero
960 995 1051 1089 est‚‘
1071 989 1143 1098 qni
1171 1017 1249 1100 pro
1277 989 1448 1100 pigritia
1474 1017 1549 1072 sua
1577 1016 1661 1074 uon

242 1118 446 1205 laboravit
483 1126 526 1206 et
560 1149 646 1206 non
677 1120 803 1206 habet
833 1121 1000 1232 fruges,
1026 1147 1129 1230 quas
1165 1121 1362 1229 colligere
1401 1121 1572 1220 debeam
1611 1148 1662 1206 eo

197 1315 199 1320 .
242 1250 360 1364 qnod¹
382 1279 468 1334 non
495 1251 725 1352 laboravit,
753 1253 847 1338 ideo
876 1281 961 1338 uon
990 1252 1208 1362 recolligit
1264 1251 1373 1337 Vide
1399 1251 1525 1336 modo
1553 1251 1662 1336 nude

242 1382 313 1466 ille
340 1381 543 1484 landatur,
570 1383 668 1490 quia
691 1381 839 1466 habuit
859 1389 903 1466 et
925 1383 1140 1482 laboravit,
1168 1382 1264 1467 iude
1286 1382 1366 1467 iste
1392 1385 1524 1492 magis
1552 1381 1666 1466 vitu·

241 1519 410 1624 petatur
453 1513 504 1596 ud
547 1517 898 1623 comparationem
939 1514 1076 1618 illius,
1115 1512 1213 1623 quia
1253 1512 1401 1598 habuit
1442 1514 1549 1598 sicut
1590 1513 1678 1598 ille·

169 1665 177 1742 ⁴,
243 1644 384 1727 ornnin
421 1651 631 1730 ettamen
659 1673 736 1753 pro
773 1643 943 1754 pigritia
971 1673 1046 1727 sua
1078 1643 1214 1728 noluit
1250 1645 1450 1734 laborare.
1507 1643 1662 1728 Secun-

181 1857 183 1862 ,
243 1773 341 1856 durn
380 1771 492 1856 huno
528 1801 691 1856 sensnm
730 1774 831 1856 dicit
864 1773 911 1859 B.
942 1774 1166 1884 Gregorius
1194 1774 1237 1857 in
1266 1803 1338 1858 sua
1367 1774 1561 1872 homilia,
1590 1776 1661 1859 nbi

242 1904 408 1989 dicitnr:
424 1905 458 2012 ¹)
490 1903 590 1989 oum
612 1903 827 1988 audieritis
845 1904 1003 2010 proelio
1027 1913 1066 1990 et
1085 1909 1304 1991 seditiones
1331 1914 1375 1989 et
1398 1906 1471 1993 rel.
1499 1913 1543 1988 et
1571 1934 1662 2015 per·

244 2037 359 2120 veuit
386 2035 593 2144 usquead
623 2035 687 2138 id,
729 2031 839 2146 quod
868 2037 991 2121 dicit:
1037 2038 1301 2146 »Contingent
1337 2039 1434 2122 naec
1470 2039 1583 2123 coiis
1616 2038 1660 2121 in

86 2241 89 2246 .
158 2197 162 2206 ¹
243 2168 561 2251 testimoninm:
589 2165 644 2250 Iu
667 2170 935 2252 testimoninm
958 2167 1139 2254 uidelicet
1165 2172 1369 2276 qnorum?
1401 2173 1484 2254 nisi
1511 2196 1661 2272 corum,

75 2324 79 2334 ·
145 2361 149 2370 .
242 2300 316 2406 qni
342 2307 414 2380 ovrt
435 2302 711 2404 persequendo
740 2309 887 2384 rivortcs
917 2300 1097 2407 inferrent
1136 2311 1205 2384 ord
1244 2302 1417 2389 videndo
1449 2327 1530 2384 non
1568 2300 1662 2384 imi·
1707 2391 1709 2394 ,

84 2477 88 2487 -
244 2430 421 2513 tantur?
474 2429 596 2547 More
637 2432 785 2540 qnippe
813 2433 1019 2538 jrrstovvrm
1059 2433 1175 2517 ionis
1218 2433 1258 2516 in
1299 2435 1550 2541 odjntorimn
1577 2439 1661 2534 est,

243 2561 369 2676 vnclis
384 2564 429 2646 in
455 2565 737 2662 testimoninm,
764 2570 807 2647 nt
837 2561 930 2645 inde
952 2565 1136 2668 perversi
1162 2568 1252 2650 sine
1270 2571 1523 2652 exercentium
1544 2593 1662 2672 pere·

154 2763 158 2772 .
242 2703 337 2798 nnt,
376 2693 482 2778 vnde
509 2693 633 2780 ¹electi
674 2693 898 2800 cxcnvplnni
941 2700 1131 2802 cupient,
1165 2708 1211 2780 nt
1249 2701 1398 2784 uiuunt.
1464 2698 1662 2783 Similiter

174 2807 179 2818 ¹
243 2829 368 2912 etiarn
397 2829 450 2918 in
483 2825 562 2912 lvoc
591 2826 683 2910 loco
711 2827 1025 2938 intelligendum
1055 2840 1143 2934 est,
1170 2832 1269 2941 quia
1303 2841 1504 2938 qnantum
1540 2829 1659 2913 electi
1692 2819 1697 2825 ’

69 2999 79 3019 ·
111 2937 117 2946 ’
247 2959 431 3044 homiues
458 2957 569 3066 apud
601 2958 732 3041 Deum
762 2958 1023 3068 gloriosiores
1053 2971 1097 3044 et
1133 2961 1325 3046 laetiores
1362 2971 1460 3046 sunt
1488 2989 1563 3072 pro
1598 2989 1661 3060 eo,

72 3139 76 3150 ,
168 3097 182 3151 ·'
246 3091 344 3197 qnia
372 3091 496 3172 vitani
527 3101 763 3173 sanctornm
792 3099 917 3196 atque
945 3091 1175 3173 doctrinam
1197 3092 1417 3176 audierunt
1443 3102 1487 3176 et
1509 3091 1662 3173 imitari

133 3284 137 3292 .
246 3220 515 3320 studuerunt,
543 3225 707 3302 tantum
737 3221 997 3328 negligentes
1032 3229 1077 3303 et
1105 3221 1213 3329 pigri
1241 3250 1333 3304 cunr
1364 3219 1519 3330 majore
1549 3249 1664 3304 vere·

247 3350 398 3433 cundia
425 3358 551 3459 atque
573 3349 823 3434 contusione
849 3355 945 3434 ante
975 3349 1107 3434 Deum
1135 3351 1320 3435 existunt
1349 3382 1424 3460 pro
1451 3380 1522 3450 eo,
1553 3349 1661 3460 quod

246 3481 430 3591 exempla
462 3486 698 3565 sanctornm
735 3479 1048 3591 doctrinamque
1088 3510 1172 3565 non
1211 3483 1342 3567 solunr
1384 3482 1562 3586 imitari,
1592 3479 1662 3562 sed

227 3615 371 3698 *etiarn
399 3613 541 3698 andire
564 3611 799 3697 noluerunt.
859 3655 861 3660 ·
1553 3629 1557 3642 '
1712 3717 1715 3724 Ι

358 3743 576 3853 Sequitur:
621 3742 812 3848 Quisquis
839 3769 933 3850 erpo
961 3735 1019 3828 od
1037 3747 1223 3850 putrium
1250 3742 1454 3830 coelestem
1477 3743 1664 3847 festinos,

245 3878 351 3962 trono
387 3877 598 3994 mimmorn
637 3863 903 3960 inchoationis
946 3877 1127 3982 regulum
1164 3877 1409 3981 descriptam
1447 3873 1666 3977 odinvuntc

250 4009 411 4096 Christo
448 4011 606 4114 perfice.
663 4007 885 4091 Minimum
925 4035 1019 4090 cnm
1057 4007 1179 4109 dicit,
1221 4005 1548 4091 subandiendum
1578 4008 1665 4085 est:

246 4144 298 4226 ud
327 4142 675 4252 comparutionem
704 4138 981 4222 doctrinarum
1004 4145 1180 4247 patrum,
1209 4139 1326 4249 quasi
1352 4136 1530 4238 diceret:
1568 4133 1667 4231 Qui-

246 4302 409 4382 cunque
438 4301 499 4370 es,
529 4272 598 4383 qui
627 4268 680 4353 od
708 4271 885 4379 patriam
914 4270 1134 4355 coelestem
1170 4269 1361 4371 festinus,
1390 4268 1514 4350 istam
1542 4262 1687 4350 minis

105 4409 112 4424 ’
248 4435 355 4490 rnnm
387 4397 619 4488 doctrinam
648 4403 760 4511 prius
787 4400 961 4511 implere
989 4403 1131 4500 stude,
1161 4409 1204 4484 et
1231 4409 1332 4486 tnnc
1360 4401 1545 4502 denium,
1572 4398 1598 4482 i.
1630 4424 1666 4483 e.

246 4534 395 4650 deipde
422 4535 489 4617 vel
517 4533 709 4644 deinceps
728 4561 810 4616 sen
838 4540 1090 4642 postremum
1116 4533 1169 4615 ad
1198 4534 1380 4640 majora,
1408 4558 1514 4641 qnae
1544 4555 1668 4638 snpra

133 4689 138 4704 ·
247 4663 589 4769 memoravimus,
618 4666 832 4749 doctrinae
871 4665 1151 4774 virtutumque
1186 4664 1367 4748 culmina
1397 4663 1486 4746 Deo
1527 4667 1668 4770 prote·

249 4804 375 4906 gente
403 4797 631 4906 pervenies.
686 4793 928 4879 Notandum
957 4801 1020 4878 est
1048 4797 1180 4897 enirn,
1208 4796 1305 4904 quia
1343 4793 1531 4878 ordinem
1567 4815 1669 4874 con·

188 4957 190 4962 ·
248 4954 396 5036 gruum
426 4930 562 5013 tenuit
591 4928 635 5009 in
665 4925 744 5010 lvoc
773 4925 863 5008 ioco
887 4923 931 5010 S.
959 4923 1222 5011 Benedictus.
1280 4923 1398 5008 Sient
1426 4923 1539 5006 enirn
1563 4920 1670 5005 dixit

240 5273 242 5278 .
337 5218 367 5298 ¹)
390 5209 494 5281 Hom.
515 5211 570 5283 35.
593 5209 632 5280 in
653 5207 791 5298 Evang.
814 5205 876 5276 lib.
902 5205 935 5277 2.
957 5227 993 5276 u.
1014 5207 1047 5278 2.
