3934 5762
868 231 1047 320 Prologus.
1616 237 1668 318 29

261 449 514 563 baptismum
544 452 812 562 intelligiturr
843 454 1010 536 rubrum
1035 481 1130 536 nero
1151 459 1213 537 est
1236 451 1479 563 baptismum
1505 459 1671 560 propter

264 585 490 697 passionem
521 585 736 690 sanguinis
764 583 928 672 Christi.
984 583 1035 667 lit
1062 584 1169 667 sient
1198 585 1256 668 illi
1287 585 1551 668 historialiter
1580 611 1669 666 sus·

264 716 375 824 eepti
415 727 513 797 sunt
555 715 598 798 iu
635 743 770 798 eremo
806 721 900 822 post
939 716 1155 800 trnrrsitum
1195 716 1316 800 maris
1346 717 1472 816 rubri,
1514 716 1572 798 itu
1602 715 1669 796 ist-i

264 845 472 928 moraliter
500 848 778 954 suscipiuntur
806 847 858 928 ab
879 845 1047 930 ecelesia
1067 855 1161 954 post
1186 847 1447 957 baptismum,
1476 875 1579 954 (pirae
1601 874 1671 954 per

263 1004 438 1058 eremum
483 977 741 1086 intelligitur.
814 976 865 1059 ln
903 979 1010 1060 sieut
1047 978 1106 1060 illi
1147 979 1413 1062 historialiter
1453 977 1492 1059 in
1536 1006 1670 1061 eremo

263 1136 413 1198 ruarmo
445 1115 727 1216 perceperunt,
759 1109 818 1192 ita
847 1119 888 1189 ot
917 1109 983 1192 isti
1015 1109 1226 1202 rnornliter
1257 1109 1296 1192 in
1328 1109 1493 1194 ecelesia
1525 1138 1671 1215 eorpus

261 1251 302 1321 et
330 1239 570 1354 sanguinem
601 1238 752 1321 Christi
783 1239 1025 1349 percipiunt,
1058 1240 1168 1348 (painel
1199 1267 1270 1346 per·
1300 1266 1449 1322 ruarmo
1478 1239 1672 1346 iutelligi-

261 1379 340 1454 tur.
399 1366 454 1450 ln
493 1369 600 1452 sieut
639 1373 733 1477 post
765 1369 836 1452 xl,
865 1397 998 1452 notros
1041 1368 1306 1454 historialiter
1347 1373 1386 1452 iu
1428 1375 1577 1452 terrum
1606 1399 1671 1452 re·

261 1500 541 1608 promissionis
557 1500 828 1599 intraverunt,
856 1496 974 1584 itaet
996 1501 1061 1584 isti
1086 1502 1295 1586 moraliter
1310 1509 1400 1610 post
1417 1510 1668 1609 praesentem
1759 1583 1770 1602 „

261 1633 398 1719 rilnm.
428 1657 532 1740 ‹purre
561 1661 635 1740 per
663 1631 754 1714 illos
783 1661 913 1714 nnrros
943 1631 1202 1736 intelligitur,
1233 1633 1282 1716 ml
1310 1632 1460 1740 gaudio
1487 1629 1671 1714 eoelestis

259 1763 414 1874 patriae
443 1762 790 1845 intromittmrtur.
849 1761 905 1845 m
934 1763 1039 1844 sieut
1069 1763 1126 1847 illi
1153 1763 1418 1847 historialiter
1443 1791 1670 1846 murmura·
1764 1837 1767 1846 ,

261 1901 408 1978 rrnumt
444 1894 487 1977 in
526 1921 686 1994 ereum,
729 1895 788 1977 ilo
828 1921 876 1976 ex
915 1895 1004 1976 istis
1043 1894 1159 1976 multi
1194 1895 1233 1976 in
1265 1894 1433 1978 eeclesia
1463 1894 1672 1977 nromlitor
1777 1875 1778 1880 Ν

261 2031 531 2123 rumnmrant,
566 2055 658 2110 earn
689 2053 762 2136 per
790 2027 1035 2111 adulterium
1066 2031 1108 2110 et
1136 2034 1296 2110 eaetem
1326 2027 1426 2109 vitia
1453 2027 1503 2109 ael
1536 2027 1671 2134 pristi-

261 2186 353 2240 nam
383 2158 507 2241 ritum
532 2158 595 2241 rel
624 2160 825 2242 notionem
856 2160 1127 2244 reuertuntur.
1177 2157 1231 2242 ln
1254 2160 1359 2242 siout
1377 2189 1425 2242 ex
1454 2158 1532 2242 illis
1552 2157 1669 2268 pranoi

199 2302 202 2310 “
258 2292 297 2376 al
328 2295 391 2371 est
418 2293 580 2374 tuntum
612 2290 706 2388 aluo,
752 2289 828 2372 hoe
856 2295 919 2371 est
946 2289 1071 2374 Josne
1101 2295 1142 2372 et
1170 2291 1324 2399 Caleph
1354 2291 1397 2373 in
1427 2299 1577 2374 terram
1608 2317 1670 2370 re·

167 2409 168 2414 ‘
259 2421 538 2529 promissionis
569 2422 791 2520 intrarunt,
821 2417 878 2502 ita
910 2421 1069 2502 existis
1094 2421 1302 2505 moraliter
1329 2423 1445 2528 pauei
1475 2422 1670 2530 arlaosl-i·¹

260 2553 479 2634 unitionem
508 2553 730 2636 rrrrrltormn
760 2551 958 2635 nnrlormu
984 2552 1320 2636 intromittuntur
1343 2553 1383 2634 in
1408 2561 1558 2636 terrum
1579 2581 1671 2634 eoe-

257 2683 368 2766 lestis
409 2683 591 2793 patriae,
636 2679 712 2764 boo
751 2687 814 2765 est
853 2681 894 2764 iu
933 2683 1178 2792 paradisum,
1221 2683 1328 2768 sient
1356 2685 1551 2794 seriptum
1583 2688 1668 2766 est:
1792 2667 1796 2675 ’

258 2813 385 2895 rllalli
416 2823 509 2898 seriel
538 2814 678 2914 recoli,
716 2815 842 2917 princi
870 2841 961 2896 nero
990 2813 1111 2898 electi
1171 2814 1225 2898 m
1263 2817 1369 2899 sient
1408 2845 1458 2898 ex
1498 2816 1577 2898 illis
1608 2815 1671 2896 hi·

258 2945 480 3028 storialiler
508 2945 627 3030 multi
656 2944 787 3030 trilms
807 2945 949 3052 plagis
979 2945 1187 3051 perierunt
1218 2937 1384 3056 proptbr
1405 2946 1665 3030 mammanti-

259 3103 390 3174 onom,
420 3075 447 3162 i.
477 3103 512 3160 e.
542 3083 675 3160 terroe
707 3075 820 3161 bintu
840 3084 878 3156 el
909 3077 993 3184 igni
1013 3083 1136 3184 atque
1162 3104 1296 3159 morsu
1318 3077 1582 3186 serpentium.
1611 3075 1666 3156 ila

185 3287 188 3294 ,
258 3211 299 3286 et
327 3204 395 3289 isti
427 3213 596 3315 propter
616 3205 723 3289 mola
748 3234 821 3290 sno
847 3234 969 3314 opera
992 3206 1201 3290 nroraliter
1222 3184 1356 3329 plagis
1377 3206 1453 3289 sibi
1476 3205 1670 3290 (livinitus

242 3335 383 3424 ‚illatis
411 3351 597 3444 pereunt.
657 3334 712 3418 lit
754 3335 852 3445 ‹prrirl
894 3337 1059 3438 mirum,
1105 3338 1137 3419 si
1170 3336 1246 3420 hoe
1277 3338 1486 3445 rnopaliter
1515 3337 1564 3420 ml
1598 3367 1670 3444 po-

258 3468 397 3574 pulum
423 3467 685 3564 catholicum,
717 3467 794 3550 hoo
819 3476 880 3550 est
910 3466 1176 3552 christianum
1205 3467 1454 3578 generaliter
1483 3467 1669 3572 relisum,

257 3626 347 3681 enm
390 3601 512 3700 ,etiam
551 3599 602 3682 al
645 3626 976 3708 urrmnquemque
1017 3594 1311 3682 inorruehorunr
1346 3578 1563 3681 hnornliter
1593 3597 1669 3678 hor

258 3737 396 3838 potest
421 3730 610 3814 similitor
640 3729 814 3812 referri?
864 3727 915 3811 llt
945 3729 1052 3840 quod
1083 3730 1135 3814 uel
1165 3705 1496 3839 uerrunqaernque
1527 3756 1668 3808 oroma·

259 3861 426 3943 eluuum
457 3860 535 3946 hoe
563 3861 754 3961 attineat,
785 3866 962 3944 testatur
991 3862 1168 3970 Spiritus
1199 3865 1387 3960 Sentretns,
1421 3859 1489 3966 qui
1521 3885 1593 3967 per
1627 3857 1669 3937 ll.

261 3991 472 4076 llaaalieti
501 4021 545 4074 os
586 3992 625 4075 in
657 3992 733 4076 huc
770 3993 914 4102 regula
953 3991 994 4075 iu
1038 3992 1314 4076 testimoninm
1355 3983 1574 4090 adhibuit,¹
1609 4015 1670 4068 nr.

184 4229 185 4234 Ν
257 4122 363 4204 sieut
402 4122 459 4204 illi
502 4121 711 4207 Israelitae
742 4124 962 4234 ¹perierunt
1002 4128 1095 4231 pest
1134 4122 1439 4240 pereeplionem
1469 4119 1687 4202 elorrormn

264 4251 334 4334 nei
373 4257 415 4334 at
453 4253 606 4362 ingrati
637 4255 747 4338 ‹lono
775 4254 914 4338 alirino
944 4255 1194 4356 extiterunt,
1239 4254 1298 4336 ito
1336 4249 1558 4336 monachus
1599 4275 1671 4356 per

258 4385 577 4484 eorrvemionem,
606 4390 718 4470 retro
739 4385 957 4494 respiciens
977 4395 1129 4495 pereat.
1183 4383 1452 4494 Nequaquam
1482 4381 1591 4462 enim
1628 4380 1677 4461 n

264 4511 504 4597 llenerlietus
546 4512 653 4598 istml
694 4517 746 4598 in·
775 4514 1057 4598 testimonium
1096 4511 1348 4598 adhibuisset
1376 4538 1450 4593 suo
1479 4507 1669 4591 ariditori.

257 4670 349 4726 eum
378 4671 472 4728 euru
501 4671 668 4728 monere
695 4644 866 4746 studuit,
906 4644 981 4729 nisi
1011 4643 1112 4728 illml
1144 4669 1217 4752 per
1245 4640 1442 4752 Spiritum
1473 4636 1667 4722 Sanctum

239 4774 540 4884 regnavisset,
583 4775 635 4858 ael
671 4775 893 4860 monaches
931 4775 1054 4861 etiam
1084 4774 1282 4860 adtinere.
1345 4768 1448 4853 Nam
1478 4772 1583 4854 sieut
1612 4767 1670 4853 illi

260 4907 400 5017 populi
413 4905 682 4990 historialiter
702 4904 1020 5016 elehegyptiaea
1035 4903 1230 5020 seruitute
1250 4887 1449 5001 exierunt,
1474 4900 1533 4984 ita
1548 4901 1670 4984 etiam

260 5035 448 5122 rnonaehi
479 5035 713 5139 aalalitor,
758 5063 851 5154 eum
893 5033 943 5120 ale
982 5035 1179 5120 eoeenhui
1218 5033 1483 5116 corruersioue
1511 5040 1672 5130 exerant,

259 5168 374 5275 (prum
400 5166 721 5275 alompypltaea
752 5167 948 5250 seruitute
978 5165 1216 5249 liberantur.
1268 5161 1315 5246 lh
1337 5165 1442 5245 sieut
1465 5162 1521 5246 illi
1550 5165 1673 5245 histo-
1721 5219 1723 5224 -
1838 5222 1844 5235 .
