4334 5750
509 183 588 270 130
1132 177 1220 272 θεν·
1244 175 1331 284 nu
1365 199 1368 206 ’

505 397 602 483 inde
628 399 662 484 si
691 398 845 484 luerint
871 401 937 484 tot
962 401 1288 500 coubarietatee,
1330 405 1435 510 quot
1459 401 1775 508 congruentiae,
1814 409 1911 494 tuuc
2045 389 2048 394 ¹

503 528 793 614 discernendae
830 537 930 612 eant
967 557 1041 642 per
1076 529 1273 637 pondus,
1302 530 1330 620 i.
1359 558 1396 614 e.
1423 529 1458 614 ai
1492 531 1779 638 superaverint
1815 504 1910 622 cori·

474 643 718 770 “genennae
745 661 838 746 illae
864 661 1197 760 contrarietates,
1239 663 1340 742 tuuc
1369 659 1480 744 bona
1506 668 1570 744 eet
1597 687 1676 748 res.
1730 663 1910 762 Qualiter

501 793 766 900 perveniatur
806 792 858 890 ad
887 793 1085 901 optimum
1113 817 1200 873 rem
1228 788 1578 900 cognoscendam,
1616 791 1803 900 superius
1823 795 1906 902 jaun

501 921 656 1005 dictum
685 929 774 1022 est;
804 924 862 1006 ita
889 924 1000 1008 enirn
1027 920 1343 1029 intelligendum
1369 926 1434 1004 est
1460 920 1512 1005 de
1538 921 1908 1022 contrarietatibus,

500 1061 639 1138 utrnrn
668 1055 778 1138 mala
803 1055 871 1158 sit,
899 1085 951 1140 an
982 1055 1098 1164 pejor
1124 1059 1198 1136 aut
1226 1056 1338 1138 certe
1364 1053 1560 1161 pessima,
1599 1052 1707 1136 sicut
1733 1051 1785 1138 de
1811 1083 1906 1140 con·

367 1178 380 1204 ‘
498 1186 700 1294 grueutiis
750 1185 949 1286 diximus,
993 1185 1019 1273 i.
1056 1211 1096 1271 e..
1132 1183 1168 1266 si
1214 1184 1469 1292 superaverit
1515 1183 1588 1266 illa
1638 1187 1906 1270 contrarietas

496 1317 607 1426 ipsas
634 1319 939 1428 congruentias.
998 1316 1054 1400 Et
1092 1315 1187 1399 ideo
1223 1341 1385 1424 seraper
1419 1314 1584 1440 pondus
1618 1314 1741 1398 debes
1774 1325 1906 1402 consi·

496 1449 640 1532 derare
679 1457 764 1533 tam
793 1452 837 1536 in
877 1446 1238 1535 contrarietatibus
1272 1475 1398 1557 quam
1427 1447 1470 1530 in
1498 1447 1794 1555 congruentiis,
1823 1451 1906 1534 sive

359 1618 361 1623 ·
419 1605 422 1611 ·
496 1582 538 1664 iu
579 1583 787 1692 paucitate
828 1581 913 1664 sire
952 1582 995 1662 in
1038 1578 1275 1689 naturalitate
1317 1579 1404 1662 sive
1441 1575 1483 1660 in
1523 1579 1770 1687 aequalitate
1809 1611 1906 1666 corr·

340 1809 344 1816 ,
494 1713 776 1824 grneutiarunr
806 1720 850 1798 et
876 1714 1233 1814 contrarietatum,
1271 1711 1367 1823 quin
1395 1711 1503 1796 solet
1530 1741 1612 1796 uua
1641 1719 1728 1796 tam
1758 1735 1941 1824 magna·
2013 1753 2016 1758 ·
2085 1729 2090 1787 :

493 1873 580 1930 esse
607 1847 693 1928 siue
711 1845 983 1954 congruentia
1001 1845 1087 1930 sire
1108 1844 1391 1944 contrarietas,
1419 1849 1467 1926 ut
1485 1871 1568 1928 non
1585 1844 1718 1930 solnm
1736 1845 1902 1934 alteram

459 2025 462 2032 1
492 1989 678 2088 superet,
720 1977 944 2061 sedetiam
973 1977 1074 2060 (luas
1104 1975 1169 2059 vel
1199 1983 1283 2060 tres
1313 1975 1377 2058 vel
1407 1974 1555 2084 plures.
1612 1975 1734 2060 Nunc
1766 1978 1902 2064 riden-

492 2111 590 2193 dum
620 2091 695 2212 est,
723 2109 833 2218 qnid·
851 2110 907 2190 sit
932 2111 1096 2216 perones.
1140 2107 1311 2206 Quoties
1328 2107 1601 2218 intelligitur:
1629 2115 1722 2212 qrrot
1743 2110 1902 2200 viritem.

492 2241 724 2345 Praecipua
753 2255 815 2322 est
841 2241 916 2324 illa
943 2269 1020 2341 res,
1050 2266 1156 2350 quae
1184 2237 1236 2322 ad
1265 2243 1394 2320 totam
1420 2241 1786 2350 congregationem
1808 2245 1904 2324 atti·

380 2473 382 2478 ,
490 2381 561 2459 raet
589 2379 633 2457 et
659 2373 736 2456 sub
765 2371 976 2456 dubietate
1005 2379 1081 2473 est,
1110 2373 1136 2456 i.
1164 2396 1202 2456 c.
1230 2397 1336 2478 quae
1363 2371 1791 2492 argumentationibus
1821 2401 1900 2457 nou

490 2511 626 2614 potest
654 2503 843 2603 discerni,
873 2514 1012 2588 ntruru
1044 2527 1243 2613 prospera
1276 2512 1340 2584 est
1365 2531 1418 2588 en
1450 2531 1594 2603 nocere,
1624 2504 1738 2588 verbi
1769 2505 1903 2614 gratia

488 2639 707 2750 praecipua
734 2642 797 2720 est
823 2633 894 2718 illa
924 2663 1007 2738 res,
1046 2661 1140 2738 cunr
1170 2632 1298 2716 irater
1327 2634 1507 2746 novitius
1534 2633 1577 2719 in
1608 2637 1899 2721 monasterium

487 2771 721 2882 srrscipitnr,
762 2797 811 2853 eo
849 2767 959 2880 quod
1002 2767 1054 2852 ad
1092 2771 1227 2872 totana
1265 2766 1634 2876 congregationem
1673 2771 1825 2853 attinet
1859 2781 1901 2854 et

474 2903 563 2988 sub
591 2903 907 2992 dubietateest.
964 2901 1063 2986 ldeo
1091 2901 1245 2987 attinet
1279 2901 1333 2986 ad
1361 2905 1493 2986 num
1520 2901 1898 3012 congregationem,

372 3071 381 3080 ·
485 3037 604 3147 quiet,
641 3036 677 3118 si
707 3037 839 3121 bonas
867 3037 1014 3138 fuerit,
1053 3033 1246 3120 omnibns
1274 3033 1429 3119 imnum
1457 3033 1690 3144 exemplum
1721 3033 1899 3144 praebet,

485 3176 528 3250 et
556 3171 590 3252 si
614 3170 758 3256 rutulus.
790 3169 982 3251 orrrnibns
1002 3166 1154 3253 malurn
1174 3168 1404 3279 exemplum
1424 3167 1701 3264 demonstrat,
1729 3174 1773 3249 et
1795 3167 1898 3268 ideo,

483 3301 580 3411 quia
609 3301 803 3406 crescitur,
833 3304 970 3386 utrum
1001 3308 1331 3412 perseveraturus
1354 3301 1409 3387 sit
1432 3327 1507 3384 nec
1537 3327 1603 3400 ne,
1633 3325 1796 3384 necesse
1823 3305 1895 3400 est,

355 3528 360 3535 ‚
482 3435 615 3517 ‹irrru'is
643 3435 915 3544 corrgregatio
959 3435 1239 3544 interrogetur
1279 3461 1328 3516 ex
1369 3433 1460 3522 boc.
1518 3431 1574 3516 Et
1602 3429 1751 3518 iterum
1782 3461 1897 3540 pmc-

481 3569 610 3678 cipue*
629 3575 713 3668 est,
750 3593 843 3649 curn
873 3569 1002 3650 frater
1030 3566 1081 3650 de
1110 3568 1358 3650 monasterio
1396 3565 1617 3676 expellitur
1656 3593 1732 3675 pro
1759 3564 1896 3673 aliquo

360 3757 363 3764 ,
411 3727 434 3770 ·,
483 3701 603 3802 vitio,
651 3699 836 3808 eoquod
867 3700 1048 3784 irascitur
1084 3698 1196 3783 illius
1226 3699 1345 3800 linis,
1385 3708 1522 3782 utrum
1550 3697 1635 3782 cito
1665 3697 1806 3780 veniat
1842 3725 1894 3780 arr

478 3833 606 3934 tarde,
633 3836 708 3915 ant
735 3833 842 3915 l'orte
870 3831 1153 3932 mediconno,
1181 3840 1255 3917 aut
1277 3858 1363 3915 uno
1381 3857 1520 3914 nrense
1544 3855 1627 3912 non
1650 3830 1731 3914 erit
1755 3833 1895 3937 postea

479 3964 673 4067 victurus,
685 3961 715 4060 ¹)
755 3969 797 4046 et
833 3961 940 4046 sorte
977 3961 1123 4046 habuit
1151 3963 1381 4071 exenrplum
1411 3961 1567 4044 bouum
1598 3960 1795 4044 iratribus
1822 3961 1897 4041 tri·

402 4095 405 4102 ’
478 4095 625 4194 linere,
666 4094 700 4175 si
729 4099 1061 4190 converteretnrr
1104 4100 1147 4178 et
1181 4093 1274 4180 ideo
1310 4094 1433 4178 debet
1461 4091 1595 4177 omnis
1624 4089 1893 4202 congregatio

476 4255 526 4308 cx
556 4225 634 4308 lroc
662 4225 932 4333 interrogari,
972 4232 1021 4308 nt
1047 4225 1158 4334 quod
1188 4253 1273 4311 nou
1302 4231 1441 4335 potest
1468 4223 1643 4308 discerni
1672 4249 1892 4334 argumen-

475 4357 722 4456 tationibus,
765 4356 912 4470 merito
954 4339 1228 4448 discernatur.¹
1279 4357 1335 4442 Et
1375 4359 1523 4442 itemru
1566 4355 1615 4445 B.
1643 4355 1892 4440 Benedictus

469 4490 671 4599 judicavit
700 4489 751 4574 de
779 4490 921 4590 fratre,
964 4491 1034 4598 qui
1063 4491 1266 4600 grandnm
1294 4492 1440 4600 cnlpae
1468 4517 1579 4575 noxa
1618 4494 1807 4590 tenetur,
1846 4489 1892 4567 ut

474 4623 528 4704 ab
556 4622 735 4706 oratorio
765 4627 807 4706 et
835 4649 859 4708 a
889 4650 1030 4706 rrrensa
1057 4622 1178 4707 siruul
1206 4609 1494 4732 suspendatur,
1538 4628 1581 4706 et
1609 4627 1748 4706 tamen
1778 4620 1890 4716 horn,

103 4777 106 4792 ·
181 4807 195 4844 „
318 4839 319 4844 Ν
473 4739 646 4862 (pusille
669 4754 791 4840 debet
818 4753 956 4838 cibum
988 4755 1209 4865 percipere,
1238 4763 1318 4858 aaut,
1341 4783 1571 4839 urerrsurarn
1596 4754 1676 4838 cibi
1706 4754 1749 4835 in
1777 4749 1891 4834 urbi·

471 4887 553 5018 trio
577 4883 1005 5020 ¹'priorissecorratituit3
1051 4891 1094 5013 et
1121 4886 1213 4970 ideo
1231 4883 1338 4998 'quun
1369 4889 1575 4989 crescitur,
1616 4889 1716 4996 qrrot
1746 4883 1889 4968 «liebus

559 5179 586 5262 ¹)
610 5179 787 5244 velaturus.
832 5171 918 5242 nou.
947 5172 1156 5258 liranum-arn.
