3930 5788
181 451 184 460 .
305 289 439 424 'sot
946 287 1180 428 ciprum:

464 553 680 668 Sequiturr
732 564 771 641 et
808 556 968 640 student
997 555 1099 664 plue
1133 557 1272 644 ornari
1305 581 1428 664 mom
1465 558 1622 661 timeri3
1669 557 1762 642 rub-

267 743 270 760 ·
318 700 326 788 '.
352 686 602 772 audiendum
630 693 713 774 est:
741 717 767 773 a
795 687 928 774 bonis.
987 685 1072 772 isto
1099 689 1223 774 modo
1250 693 1390 798 potest
1408 685 1488 774 hoc
1504 696 1756 802 praeceptum

352 817 535 928 impleri:
563 847 602 907 v.
616 847 681 932 gr.
706 819 740 903 si
764 817 973 928 flagellum
995 818 1179 920 adhibet,
1207 818 1331 903 debet
1353 818 1415 902 illi
1439 827 1584 930 postea
1605 822 1756 910 dulcem

351 951 726 1070 confabulationem
766 949 978 1062 porrigere
1006 951 1068 1036 rel
1107 951 1410 1061 hujuscemodi,
1449 957 1653 1063 quatenos
1678 954 1756 1066 [ut]

351 1085 403 1170 ad
432 1114 613 1171 amorem
642 1087 899 1198 provocetur.
957 1082 1013 1196 Et
1039 1082 1120 1168 lroo
1155 1089 1242 1181 est,
1281 1083 1393 1193 quod
1434 1085 1537 1169 dicit
1563 1084 1608 1171 S.
1637 1087 1757 1172 Bena-

353 1215 508 1301 dictus:
547 1217 592 1299 iu
628 1214 773 1320 quibus
802 1224 890 1309 ‚nou
928 1195 1104 1300 dicineus
1142 1223 1187 1298 ut
1214 1216 1427 1322 premiittot
1461 1219 1616 1302 nutriri
1651 1223 1778 1320 uitio,

351 1345 424 1430 aed
443 1345 672 1452 prudenter
689 1352 727 1430 et
745 1371 835 1430 eum
852 1335 1021 1430 caritote
1041 1373 1089 1429 eo
1106 1347 1298 1451 orrrprdet.
1355 1345 1585 1431 Prudenter
1600 1349 1753 1449 dicitur,
1900 1345 1907 1441 J

142 1459 174 1550 ¹.
289 1531 313 1574 ·,
350 1479 470 1586 quasi·
487 1500 616 1582 porro
649 1475 849 1577 addentur,
887 1477 916 1564 i.
943 1507 979 1564 e.
1025 1479 1148 1562 linem
1190 1478 1248 1561 rei
1278 1477 1476 1562 videnter.
1535 1479 1633 1562 Ideo
1670 1507 1757 1587 pru·
1901 1522 1905 1531 ·

214 1659 218 1672 ·
331 1609 496 1690 dent-er
523 1607 635 1706 dicit,
664 1605 760 1714 quia
787 1634 949 1716 semper
975 1606 1098 1690 debet
1128 1608 1277 1708 videre,
1306 1609 1334 1690 i.
1367 1637 1401 1691 e.
1432 1605 1700 1708 considerare,
1726 1611 1756 1693 si

347 1736 401 1820 ud
430 1737 662 1845 profectum
692 1737 807 1820 venit
834 1736 906 1819 illa
934 1738 1141 1846 correptio
1167 1745 1241 1820 ant
1256 1737 1483 1848 flagellatio
1511 1745 1586 1822 aut
1603 1768 1759 1822 excom·

349 1867 596 1969 manicatio,
631 1867 710 1953 hoc
738 1873 803 1965 est
828 1866 952 1951 debet
980 1867 1316 1969 animadvertere,
1346 1868 1379 1951 si
1411 1868 1556 1952 melius
1585 1871 1666 1956 erit
1690 1869 1756 1952 ille

348 1997 476 2108 frater
502 2023 577 2106 per
603 1998 733 2108 ipsam
763 1997 992 2082 doctrinam
1028 2005 1101 2082 ant
1129 2001 1245 2109 pejus
1273 2004 1348 2084 ant
1374 2006 1488 2083 certe
1516 2029 1591 2084 nec
1619 2000 1760 2084 melius

350 2155 424 2212 nec
454 2131 583 2239 pejus,
613 2131 682 2213 sed
703 2130 809 2212 sicut
834 2128 925 2212 luit.
970 2127 1027 2211 Et
1049 2127 1129 2215 hoc
1152 2134 1285 2241 ipsum
1313 2159 1407 2213 cunr
1428 2132 1605 2215 caritate
1626 2129 1759 2230 iaciat,

347 2263 375 2350 i.
394 2290 431 2348 e.
461 2289 552 2344 cnm
580 2262 670 2345 nelo
690 2257 766 2344 Dei
794 2268 837 2343 et
864 2259 1082 2344 dilectione
1111 2261 1397 2363 illius-fratris,
1425 2263 1524 2372 quia
1553 2263 1758 2346 vulteum

298 2443 300 2450 ,
347 2394 503 2506 salvum
533 2420 633 2499 esse,
661 2390 859 2500 corripiat
885 2397 1010 2502 atque
1037 2393 1271 2478 admoneat.
1327 2392 1420 2477 Hoc
1449 2392 1658 2476 sciendam
1687 2401 1761 2494 est,

346 2526 444 2634 qnia
481 2525 651 2634 pulchre
679 2525 780 2608 dicit
814 2526 1040 2629 prudenter
1065 2533 1102 2606 et
1130 2552 1217 2608 eum
1246 2526 1440 2628 raritute,·
1481 2526 1577 2634 quia
1604 2555 1760 2636 semper

180 2687 208 2720 ²
347 2658 434 2742 lieri
463 2657 587 2740 debet
614 2657 686 2742 illa
713 2657 919 2766 correptio
947 2685 1043 2740 cunr
1071 2659 1304 2760 dilectione,
1333 2685 1418 2740 non
1447 2684 1541 2741 cunr
1570 2657 1689 2760 odio,
1715 2664 1759 2741 et

20 2789 25 2796 ’
91 2805 97 2816 “
236 2821 241 2834 ·
344 2790 453 2872 siout
478 2788 666 2898 superius
702 2789 901 2889 diximus,
928 2817 1091 2899 semper
1117 2791 1242 2874 debet
1271 2791 1393 2874 linem
1423 2789 1625 2896 aspicere3
1665 2817 1759 2872 nam

289 2983 291 2988 .
346 2920 490 3003 melius
528 2925 592 3002 est
628 2921 853 3028 prudenter
883 2919 972 3004 sine
1000 2923 1194 3023 caritate,
1222 2949 1345 3030 quarn
1388 2948 1481 3003 cum
1520 2921 1693 3003 caritate
1718 2925 1761 3001 et

177 3063 185 3082 ⁸
319 3080 426 3136 ¹non
458 3049 694 3159 prudenter.

173 3267 176 3274 ,
453 3181 667 3290 Sequitur:
697 3179 792 3264 Non
814 3183 868 3263 sit
888 3181 1141 3266 turbulentus
1170 3189 1208 3267 et
1234 3184 1410 3284 ararium
1435 3207 1514 3265 eron
1533 3181 1588 3262 sit
1610 3181 1760 3263 rrimus

194 3295 198 3302 ¹
342 3319 380 3396 et
407 3310 655 3412 obstinatum·
694 3338 773 3394 reon
812 3312 867 3396 sit
899 3311 1105 3420 zelotypus
1141 3321 1179 3396 et
1208 3313 1332 3397 niruis
1359 3313 1632 3417 conspicimus,
1660 3311 1754 3416 quin
1887 3305 1900 3428 ἰ

184 3433 192 3539 J
290 3465 294 3474 '
340 3468 546 3548 rrrrnquurn
573 3443 794 3548 requiescit.
851 3441 1132 3527 'l'u'rbnlentns
1160 3443 1268 3528 errim
1300 3429 1453 3526 dicitur
1489 3441 1581 3540 ille,
1617 3442 1756 3552 quiin
1866 3537 1874 3556 .

216 3637 217 3642 r
342 3571 458 3654 vultu
489 3600 564 3656 suo
591 3571 842 3656 hilarituleur
871 3603 955 3657 non
985 3575 1177 3658 ostendit.
1234 3575 1394 3659 Anxius
1421 3578 1485 3656 est
1512 3573 1785 3681 superfluus,⁴
1873 3607 1877 3620 ·

193 3788 198 3798 ,
341 3701 447 3783 sicut
476 3731 550 3784 uos
579 3703 774 3800 diciorum
802 3705 889 3786 sive
915 3703 1061 3785 anxins
1090 3713 1153 3786 est
1179 3705 1262 3808 ille,
1292 3705 1362 3814 qni
1391 3733 1476 3788 uno
1505 3705 1548 3788 iu
1574 3712 1754 3814 tempore

340 3831 501 3916 diuersa
529 3835 644 3941 cupit
666 3863 789 3942 agere
810 3836 898 3917 sine
924 3834 1063 3942 aliqua
1086 3835 1416 3945 interpositione.
1459 3835 1629 3920 Il'inn'us
1647 3837 1753 3919 euim

341 3971 383 4050 et
416 3965 641 4050 obstinatus
677 3993 805 4050 unnm
844 3967 1075 4076 siguificat:
1117 3951 1346 4052 obstinatus
1381 3975 1464 4073 est,
1495 3970 1568 4077 qni
1602 3951 1753 4078 aliquid

340 4099 661 4218 praecipitanter
688 4105 731 4182 et
751 4099 839 4181 sine
861 4100 1122 4182 revocatione
1142 4099 1275 4184 lacere
1298 4100 1489 4199 festinat;
1517 4101 1754 4199 onsrinnuu,
1784 4175 1788 4186 ,
1842 4163 1845 4168 ⁴

339 4233 366 4318 i.
395 4260 431 4316 e.
462 4231 763 4329 irrevocabilisr
806 4260 902 4322 narn
933 4231 974 4313 in
1004 4233 1153 4341 priore,
1181 4233 1253 4343 qui
1282 4231 1516 4319 obstinatos
1544 4235 1619 4333 est,
1648 4230 1692 4314 h.
1719 4257 1753 4312 e.

338 4363 410 4472 qni
448 4392 522 4474 per
551 4362 726 4448 aliorum
763 4364 978 4448 consilium
1015 4364 1074 4448 nil
1116 4364 1204 4448 vult
1240 4393 1385 4476 agere,
1416 4364 1568 4449 malum
1611 4364 1753 4446 vitiuur
1890 4351 1895 4359 ’

318 4501 402 4610 ¹est
432 4495 565 4598 istud,
593 4501 636 4578 et
664 4496 719 4578 ob
747 4493 826 4578 lroc
856 4497 907 4580 ad
938 4495 1089 4579 naulum
1128 4497 1251 4580 linem
1291 4495 1398 4582 solet
1432 4497 1648 4609 pervenire
1683 4495 1753 4576 illc

338 4625 540 4734 princeps.
597 4628 714 4725 Quod
747 4637 842 4710 vero
870 4627 971 4709 dicit
998 4653 1078 4711 non
1105 4629 1160 4710 sit
1197 4627 1407 4736 zelotypus
1433 4637 1471 4712 et
1508 4629 1635 4713 nimis
1661 4653 1751 4711 errr-

181 4813 186 4822 ·
263 4845 283 4862 ,
329 4758 538 4861 piciacus,
575 4785 702 4840 arrum
746 4757 965 4864 signifieat.
1022 4759 1285 4863 Srrspiciosus
1327 4787 1412 4842 non
1457 4759 1579 4864 dicit,
1618 4764 1668 4843 ut
1708 4759 1749 4842 in

28 4869 32 4882 ⁸
155 4904 158 4911 '
267 4967 270 4974 ,
337 4887 485 4971 divinis
513 4887 635 4971 rebus
664 4915 745 4972 non
774 4889 842 4986 sit,
870 4887 940 4971 sed
969 4888 1011 4970 in
1040 4891 1338 4998 temporalibus
1367 4891 1513 4989 rebasr
1553 4920 1592 4976 v.
1622 4920 1684 5000 gr.
1714 4889 1781 4980 si.

336 5018 495 5102 dederit
525 5020 795 5104 midlsterium
833 5017 954 5102 alicui
993 5019 1133 5122 lrutri,
1163 5020 1290 5104 veluti
1319 5027 1383 5105 est
1409 5021 1648 5107 cellerarius
1678 5029 1752 5108 ant

335 5151 562 5252 vestiarius,
589 5155 632 5236 et
659 5149 747 5249 rel,
776 5149 827 5233 de
854 5149 918 5233 lris
948 5178 1029 5234 non
1058 5152 1114 5234 sit
1140 5153 1264 5235 nimis
1280 5153 1543 5262 suspiciosus,
1570 5157 1620 5236 ut
1643 5153 1750 5237 forte

333 5284 577 5394 plusquam
617 5287 796 5393 oportet.
854 5281 909 5366 Er
947 5285 1024 5368 lroc
1060 5287 1289 5370 notundnur
1329 5293 1411 5392 est,
1439 5290 1537 5398 quin
1573 5289 1625 5370 de
1660 5287 1752 5370 istis
1880 5340 1885 5354 ·
