3960 5774
875 301 959 398 ctn·
984 301 1039 376 m.
1565 309 1645 394 497

844 521 943 628 Gap.
973 522 1051 610 LI.

283 700 684 793 necteremus,
714 699 804 794 QUI
835 700 941 778 NON
975 701 1149 786 nonan
1178 699 1325 783 stulu
1357 701 1607 784 Pnoulcls·

351 833 355 842 '
833 833 1057 922 CUNTUR.
1508 831 1509 836 ‘
1532 878 1534 882 ·

351 981 524 1068 Fratres
560 977 630 1096 arri
660 1005 742 1086 pro
779 980 917 1086 utrovis
955 1003 1147 1084 responso
1178 979 1410 1085 dirimentur
1446 989 1484 1064 ct
1510 1007 1557 1065 ca
1585 981 1651 1065 die

41 1153 44 1182 ⁵
169 1119 456 1223 pennantur
494 1111 641 1194 reuerti
682 1113 739 1196 ad
779 1115 1087 1210 resonastcriam,
1124 1135 1204 1194 nore
1239 1113 1507 1214 praesumunt
1545 1111 1651 1214 soris

242 1243 517 1340 rnrerrdacarc,
547 1241 707 1325 etiarnsi
734 1267 761 1323 a
788 1242 929 1346 'atrocis
956 1248 1163 1347 roycntnr,
1191 1243 1274 1324 nisi
1300 1241 1404 1344 sorte
1431 1242 1482 1324 alr
1510 1241 1656 1329 oblate
1766 1227 1769 1232 Δ
1862 1233 1867 1244 ’

243 1401 313 1461 sno
341 1375 400 1456 cis
423 1373 716 1477 praecipiatur.
760 1371 852 1456 Hoc
880 1373 1105 1456 rnotnndum
1136 1379 1209 1470 est,
1240 1374 1336 1480 quin
1364 1374 1406 1454 in
1436 1372 1515 1455 hoc
1543 1373 1652 1480 copi·

242 1507 350 1598 tulo,
391 1503 501 1613 quod
530 1503 633 1587 dicit
671 1503 755 1587 aiei
785 1506 892 1606 torto
928 1502 980 1586 ud
1007 1503 1150 1586 adlato
1177 1529 1251 1586 nero
1278 1505 1337 1586 aie
1361 1503 1651 1608 praecipiatur,

245 1635 511 1746 intelligitur:
542 1633 699 1718 nitelis
728 1642 791 1719 est
818 1661 1006 1744 persona,
1035 1661 1141 1742 quoe
1167 1635 1405 1720 non'debet
1430 1636 1652 1736 contemni,
1811 1653 1815 1663 ·

242 1764 368 1850 veluti
405 1770 468 1846 est
501 1766 714 1874 episcopus
753 1775 827 1851 nut
861 1766 989 1851 abbas
1029 1771 1102 1851 out
1142 1773 1251 1850 certe
1293 1765 1387 1848 tulis
1408 1763 1651 1848 wmonnehus

243 1897 474 2004 religiosus,
509 1896 615 1980 urendo
644 1922 807 1980 securus
834 1897 909 1998 sit,
938 1896 1035 2006 <luia
1070 1925 1164 1981 cum
1193 1897 1392 2004 religione
1420 1893 1652 1994 nrronndueet,

243 2034 377 2138 potest
405 2026 500 2110 dure
530 2025 738 2112 licentiam
769 2015 1061 2126 innurnduonndir
1090 2055 1186 2110 num
1207 2029 1240 2108 si
1270 2026 1351 2110 aliu
1374 2053 1547 2134 persone
1575 2030 1654 2126 est,

243 2187 324 2242 non
345 2157 476 2240 debet
505 2155 602 2239 dore
639 2157 846 2242 licentiam
885 2157 1013 2242 abbns
1050 2187 1124 2244 nuo
1157 2155 1360 2242 nnonnclno
1396 2157 1653 2258 manuducens,

244 2289 400 2372 etiamsi
430 2287 556 2371 nbbus
585 2286 709 2406 luerjt
736 2294 810 2374 out
838 2290 1064 2400 episcopus,
1095 2288 1253 2412 situlis
1283 2298 1357 2392 est,
1388 2289 1540 2398 inquo
1568 2315 1653 2371 non

245 2425 307 2506 est
332 2418 579 2530 religiositas
608 2447 682 2504 nec
711 2449 804 2506 cunr
833 2420 1033 2532 religione
1061 2420 1294 2521 munducat,
1325 2420 1531 2530 quianon
1561 2425 1654 2504 tnn-
1725 2495 1727 2498 ,

62 2565 65 2570 ’
200 2661 202 2666 Α
246 2563 329 2634 tum
360 2550 611 2634 attendenda
640 2557 703 2634 est
732 2581 929 2662 persona,
960 2559 1161 2662 quantum
1202 2551 1346 2660 religio
1386 2551 1430 2633 in
1469 2578 1653 2660 [vernoun.

248 2681 336 2765 Hoc
366 2680 513 2764 iterum
544 2682 771 2768 ructandum
800 2689 873 2783 cst,
904 2683 1001 2794 quin
1030 2685 1080 2768 de
1108 2682 1181 2766 illo
1210 2681 1312 2764 dicit
1339 2682 1553 2782 monmcho,
1584 2682 1653 2790 qui

66 2789 70 2797 ’
113 2817 116 2828 ’
244 2813 317 2896 sub
359 2839 441 2895 uno
478 2811 544 2894 die
583 2811 669 2896 exit
708 2815 823 2898 etin
859 2813 932 2897 illo
961 2813 1027 2898 die
1054 2812 1288 2911 revertitur.
1344 2810 1563 2895 Sciendum
1593 2817 1656 2894 est
1937 2922 1938 2926 Ν

250 2943 376 3042 enim,
404 2943 501 3051 quin
533 2941 604 3026 illo
644 2943 772 3028 frater
807 2945 930 3029 debet
964 2945 1213 3029 munducare
1250 2969 1341 3026 enm
1380 2941 1453 3026 ille
1480 2969 1657 3050 persona
1807 3003 1809 3006 -
1925 3030 1933 3047 ‚

245 3075 382 3184 digna,
409 3073 460 3158 nd
490 3101 611 3183 quom
643 3074 835 3174 mittitur,
864 3078 960 3158 unte
972 3073 1004 3181 ¹)
1033 3073 1175 3158 horam
1204 3073 1326 3157 etium
1357 3073 1469 3175 dicit,
1498 3075 1525 3161 i.
1549 3101 1584 3157 e.
1607 3075 1654 3177 si,

245 3233 334 3288 cnm
364 3204 555 3304 mittitur,
587 3205 666 3314 [et]
697 3210 794 3290 unte
823 3205 967 3290 horum
995 3205 1223 3315 rogaverit,
1254 3229 1345 3286 enm
1373 3228 1509 3287 secum
1539 3231 1657 3308 mun·¹

245 3333 411 3432 ducere,
440 3334 563 3418 debet
599 3335 868 3439 nunndncure,
905 3336 938 3418 si
979 3325 1106 3443 digne
1145 3334 1271 3417 fuerit
1308 3359 1495 3442 persona.
1558 3333 1655 3418 'Prin
1706 3355 1738 3428 ·,

245 3463 350 3554 enim
373 3463 627 3574 inspiciendo
649 3475 746 3551 suunt
774 3466 818 3552 in
842 3465 1110 3550 urundncnre:
1141 3464 1254 3572 prius
1274 3462 1419 3571 religio
1445 3490 1654 3572 personne,

244 3593 269 3678 i.
299 3621 333 3678 e.
363 3595 397 3678 el
426 3622 613 3680 ruvereus
642 3601 685 3680 et
713 3596 929 3682 timoratus
958 3596 1033 3697 eit,
1062 3594 1147 3680 sive
1175 3591 1398 3678 monnellus
1435 3596 1520 3679 sive
1549 3595 1657 3705 epin-
1749 3647 1786 3715 ε·
1933 3699 1938 3712 .

244 3750 368 3834 copus
398 3726 482 3809 sive
510 3724 638 3810 nbbns
667 3733 740 3812 nnt
768 3729 952 3830 clericus,
982 3733 1029 3810 ut
1050 3754 1143 3811 curn
1160 3726 1388 3810 reverentie
1416 3731 1459 3808 ot
1480 3723 1680 3809 lectione
1724 3797 1726 3800 .
1812 3783 1817 3796 ι
1848 3758 1850 3764 '

245 3862 286 3938 et
317 3853 464 3939 timore
494 3856 569 3942 Dei
608 3859 851 3956 manducem
894 3857 1041 3944 deinde
1081 3855 1319 3942 scandulum
1357 3855 1654 3964 inspiciendum
1782 3921 1790 3929 ,

60 4053 85 4108 ·,
158 4017 160 4020 ·
244 3992 317 4089 est,
345 4011 396 4070 ns
424 3983 531 4070 forte
559 3986 629 4074 illo
658 3988 803 4091 homo,
833 3985 931 4100 quin
959 3994 1107 4100 potens
1136 3994 1220 4089 est,
1249 4012 1326 4096 pro
1355 3975 1686 4108 indignatione,

245 4113 339 4224 quio
368 4144 452 4200 non
481 4116 745 4204 manducavit
767 4146 860 4203 eum
883 4119 956 4204 illo
980 4119 1050 4205 ille
1074 4119 1211 4220 irater,
1243 4122 1390 4203 nocent
1406 4117 1655 4202 monasterio

243 4253 286 4331 et
312 4247 505 4333 damnum
545 4275 740 4360 magnum
778 4249 922 4352 focium
963 4250 1109 4335 deinde
1147 4247 1366 4332 necessitas
1405 4249 1657 4359 inspicienda
1815 4347 1816 4352 Ν
1869 4300 1875 4317 ·

245 4384 317 4482 est,
347 4380 444 4488 quin
471 4407 553 4465 non
583 4379 720 4484 habet,
749 4381 849 4492 quid
877 4386 950 4468 eut
977 4380 1086 4466 nude
1113 4384 1188 4464 eut
1217 4379 1285 4462 ubi
1314 4377 1542 4462 manducet.

353 4510 569 4622 Sequitur:
601 4511 714 4618 Qum
736 4513 775 4597 si
797 4513 919 4598 aliter
930 4497 1111 4617 feceriut,
1126 4510 1522 4595 exconzmunicmrur
1565 4509 1655 4612 Hoc
1817 4561 1821 4571 ·

179 4636 183 4644 ’
245 4643 470 4729 nolendum
499 4649 581 4745 est,
611 4645 720 4755 quie,
750 4672 843 4729 cnm
872 4643 973 4728 dicit
999 4639 1406 4741 mcoonmaniccntar,
1443 4638 1486 4726 S.
1523 4637 1657 4724 Beue·
1820 4747 1824 4756 Δ

244 4768 374 4857 dietus
402 4773 518 4857 illum
544 4775 759 4882 judicavit.
815 4774 901 4861 Isto
930 4775 1035 4859 enim
1066 4771 1191 4856 modo
1229 4771 1351 4856 debet
1379 4798 1465 4855 esse
1493 4798 1657 4855 excom·
1727 4857 1729 4862 .
1804 4793 1807 4802 ’

76 4985 81 5018 ,
245 4904 498 4988 munientur:
539 4904 609 4988 olii
639 4903 801 5005 dicunt,
831 4910 880 4990 nt
918 4906 1067 4988 debent
1094 4899 1354 4987 solummodo
1390 4899 1532 4984 vinum
1574 4929 1655 4984 non

77 5029 81 5094 l
246 5029 384 5117 bibere
398 5043 442 5119 et
454 5059 549 5118 cum
566 5034 765 5120 frutribus
775 5032 943 5147 insimul
953 5033 1219 5133 manducarm
1233 5031 1304 5116 elii
1322 5029 1484 5115 dieunt:
1504 5029 1659 5114 debent
1677 5067 1679 5074 v

334 5251 361 5342 ¹)
382 5251 446 5343 qui
468 5258 553 5326 ente
574 5251 634 5345 (l).

310 5369 502 5446 nuum..
518 5375 672 5446 usmarus
690 5373 817 5445 umas
949 5461 951 5464 Ι
1406 5361 1459 5444 32
