3994 5770
65 381 69 390 Ι
238 213 379 344 ara·
843 253 1036 352 mvn·
1181 295 1183 300 ·

116 535 119 542 ,
154 581 161 595 ι
237 501 323 560 uon
350 471 510 560 habeut
536 473 836 585 erectam-qui
856 478 930 558 aut
959 503 1034 586 pro
1055 474 1297 561 necessitate
1316 477 1416 560 suut
1441 475 1486 559 iu
1504 504 1648 563 moue·
1698 431 1701 438 .

237 603 385 706 sterio,
426 632 476 689 eo
513 603 625 715 quod
661 631 747 689 nou
784 602 963 707 habent,
1006 603 1115 690 uude
1141 604 1242 691 toria
1269 603 1434 708 vivant,
1473 607 1504 695 i.
1532 636 1568 693 e.
1604 611 1647 694 iu

161 722 166 733 ’
223 735 422 840 ὀοοοοὶο,
457 740 532 818 aut
559 739 669 820 certe
696 743 797 822 sunt
821 733 962 836 multi,
1000 735 1150 844 quibus
1177 737 1316 848 gravis
1344 740 1409 821 est
1435 736 1673 850 discipliua-

49 853 51 856 ⁵
86 883 89 890 '
182 929 193 969 .,
236 879 280 952 et
305 895 390 952 nou
428 865 586 953 habeut
620 867 751 952 ullum
787 894 966 954 amorem
998 867 1097 970 Dei,
1141 873 1185 954 et
1219 869 1333 980 quia,
1355 897 1440 954 uou
1477 876 1649 980 pessunt

94 1085 96 1090 .
234 1000 420 1111 jejunare
447 1021 629 1110 semper,
656 999 751 1086 ideo
778 1027 822 1084 se
850 999 1123 1085 ticuthomaut
1150 997 1543 1112 (fleubethomauti)
1569 1002 1649 1086 tre·

238 1135 436 1241 quanter,
466 1134 516 1214 ut
544 1130 753 1214 meliorem
784 1130 919 1216 eibum
949 1132 1198 1230 manducent
1224 1134 1268 1215 et
1293 1131 1542 1216 concedatur
1569 1131 1648 1215 illis

238 1261 416 1348 dormire
442 1267 486 1346 et
508 1263 659 1372 jacere.
717 1261 773 1347 nt
799 1268 898 1346 sunt
926 1263 1018 1369 alii,
1060 1263 1130 1374 qui
1159 1263 1352 1346 videntur
1379 1261 1505 1372 quasi
1523 1290 1645 1345 uuum

191 1405 194 1410 ’
237 1393 344 1478 latus
373 1401 553 1480 ereetum
582 1393 746 1498 habere,
775 1395 955 1505 eoquod
977 1395 1106 1478 nimio
1124 1381 1326 1480 desiderio
1346 1393 1521 1504 eupiunt
1540 1394 1648 1478 bona

102 1597 105 1604 .
237 1555 454 1637 peragere,
492 1529 564 1612 sed
593 1533 731 1614 tamen
760 1529 944 1640 corporis
972 1528 1238 1638 corruptione
1265 1527 1414 1610 devicti
1435 1554 1528 1610 -nou
1557 1555 1650 1634 pos·

63 1691 65 1698 ‘
178 1647 181 1652 ’
237 1662 336 1740 suunt
365 1686 412 1742 ea
441 1685 585 1769 agere,
628 1690 733 1770 quae
762 1659 1021 1763 desiderant,
1058 1657 1127 1744 sed
1155 1657 1319 1770 gravati
1346 1687 1372 1740 a
1400 1655 1534 1741 caruis
1561 1685 1647 1741 eor·

237 1790 431 1896 ruptione
467 1790 509 1877 iu
550 1791 823 1876 delectatione
863 1791 997 1874 carnis
1034 1792 1288 1900 permanent.
1355 1785 1648 1905 Verumtamen

100 1907 108 1924 ’
190 1911 193 1918 ’
237 1946 321 2002 uon
360 1921 458 2002 suunt
497 1920 741 2030 desperandi
778 1921 860 2023 illi,
900 1920 971 2030 qui
1008 1925 1171 2004 tantum
1212 1947 1341 2002 unum
1378 1915 1486 2000 latus
1524 1917 1650 2025 ipsios

236 2047 370 2131 scalae
399 2051 579 2133 erectum
607 2049 781 2151 habeut,
816 2076 867 2134 eo
895 2049 1006 2158 qnod
1034 2053 1184 2158 potens
1213 2051 1276 2130 est
1306 2045 1529 2147 Dominus,
1559 2045 1650 2128 illos

236 2179 394 2288 erigere
422 2180 475 2263 ad
503 2181 685 2282 eoelum,
715 2185 762 2264 ut
787 2180 871 2266 duo
899 2182 1031 2264 latera
1057 2185 1193 2263 erecta
1219 2176 1413 2278 habeant,
1441 2176 1485 2263 h.
1514 2205 1549 2262 e.
1578 2181 1651 2260 aut

113 2358 118 2366 ·
236 2338 310 2420 per
339 2310 548 2420 flagellum
578 2318 652 2396 aut
679 2341 752 2421 per
780 2314 957 2422 aliquem
985 2341 1081 2395 suae
1103 2309 1270 2418 pietatis
1294 2308 1553 2395 instinctum.
1597 2308 1650 2390 lit

91 2489 97 2534 ·.
236 2443 334 2524 item
362 2447 461 2524 sunt
487 2442 572 2543 alii,
601 2444 672 2553 qui
701 2472 785 2530 non
810 2443 942 2528 solum
967 2442 1094 2526 aninri
1120 2441 1337 2523 affectione
1365 2439 1648 2520 verumetiam

235 2549 419 2682 eorporis
433 2571 706 2658 delectatione
719 2573 953 2658 desiderant
967 2571 1161 2670 coelestia
1175 2574 1394 2679 appeter03
1424 2568 1490 2653 isti
1511 2574 1646 2653 autem

193 2775 198 2788 .
229 2703 317 2814 jem
337 2703 420 2790 due
441 2703 573 2789 lutera
590 2703 719 2815 ipsius
731 2705 864 2790 scalae
879 2712 1014 2791 erecta
1032 2702 1200 2792 habent.
1240 2699 1338 2788 ldee
1360 2700 1447 2786 dixi
1465 2701 1649 2812 superins

46 2843 49 2852 '
206 2835 397 2946 ¹animae
434 2837 501 2921 vel
539 2840 722 2949 eorporis
762 2839 891 2924 latera
933 2865 1009 2948 pro
1042 2835 1351 2940 affectionibus,
1392 2862 1484 2920 cnm
1525 2832 1649 2918 bomo

182 2990 191 3009 ·
234 2967 477 3076 quibusdam
508 2969 762 3080 spiritalibus
789 2970 1076 3056 affectionibus
1105 2969 1275 3070 erectis,
1316 2971 1454 3051 tamen
1483 2966 1651 3078 quibus·

185 3133 188 3140 ·
235 3098 328 3182 dam
358 3099 492 3186 adhuc
520 3104 752 3190 carnalibus
780 3104 1001 3204 consentit,
1031 3103 1146 3212 qnasi
1175 3129 1302 3184 uuum
1331 3099 1441 3184 latus
1462 3099 1645 3184 'ereetum

233 3230 387 3344 scalae,
426 3261 554 3317 unum
594 3264 691 3321 vero
714 3237 854 3345 jacens
885 3235 1023 3322 babet.
1080 3231 1146 3315 lta
1174 3232 1267 3316 dico
1295 3234 1511 3333 miraevalli,
1553 3229 1649 3340 quia

92 3379 96 3386 ⁴
234 3363 335 3445 turre
364 3367 427 3445 est
456 3363 624 3468 errulum,
652 3365 685 3448 si
713 3367 942 3466 cousentit3
970 3367 1003 3448 si
1034 3391 1131 3448 vero
1159 3363 1327 3462 resistit,
1354 3361 1471 3471 quusi
1500 3361 1541 3442 in
1569 3361 1649 3443 eri·

133 3562 154 3598 Ι.
233 3491 371 3599 gendo
399 3491 507 3576 latus
537 3494 720 3597 laborut;
759 3506 804 3579 et
832 3499 992 3596 marren,
1023 3485 1269 3605 quamquam
1298 3491 1424 3591 nolit,
1453 3489 1646 3601 quamdiu

233 3622 349 3724 sivit,
379 3650 538 3733 semper
556 3617 706 3730 ¹¹babet,
735 3625 801 3711 cui
830 3627 962 3711 atalae
990 3623 1247 3737 suggestioni
1276 3623 1491 3707 renitatur.
1541 3619 1647 3705 Ecce

231 3753 365 3838 Jacob
392 3755 436 3838 in
460 3783 603 3841 sonmo
626 3743 731 3841 vien
748 3757 921 3858 scalam3
951 3763 994 3842 et
1016 3759 1120 3842 bene
1139 3759 1345 3841 insomne
1363 3754 1646 3854 viditsealam,

99 3913 102 3919 ’
232 3887 348 3995 qnia,
379 3887 457 3970 nisi
486 3887 724 3992 dormisset,
752 3888 905 3976 scalam
934 3889 1161 3972 insomnis
1192 3917 1276 3972 uon
1305 3887 1483 3974 vidisset.
1541 3884 1644 3983 Quid

232 4019 342 4101 euim
377 4019 421 4102 in
458 4017 539 4103 hoc
576 4020 668 4105 loeo
706 4050 779 4133 per
806 4001 1019 4124 somnum,
1056 4021 1165 4106 sicut
1191 4020 1240 4110 Β.
1270 4019 1494 4131 Gregorius
1533 4017 1644 4119 dicit,

231 4151 312 4234 nisi
348 4151 516 4235 calcatis
560 4156 694 4237 carnis
736 4137 948 4238 desideriis
986 4153 1102 4264 quies
1138 4155 1248 4238 vitae
1287 4152 1348 4264 (h.
1376 4181 1412 4239 e.
1450 4147 1645 4260 quietudo

205 4283 358 4393 ¹sitae)
389 4282 618 4393 liguratur?
663 4284 897 4392 Aliquando
925 4287 1033 4371 enim
1060 4308 1198 4368 serrano
1227 4349 1237 4370 .
1266 4345 1278 4368 .
1307 4347 1321 4372 .
1349 4347 1360 4368 .
1390 4283 1455 4366 ceri
1482 4307 1527 4365 se
1547 4304 1644 4386 pre·

232 4412 350 4500 batvin
365 4414 377 4463 ¹
377 4417 401 4521 )

342 4541 556 4654 Sequitur:
602 4545 784 4630 diuersos
819 4545 978 4655 quodne
1014 4545 1266 4631 lorentiano
1287 4544 1349 4630 rel
1391 4543 1644 4652 disciplinam.

34 4759 39 4766 .
126 4771 133 4784 ,
231 4673 462 4784 Disciplina
490 4677 598 4762 euim
627 4679 779 4763 attinet
806 4679 858 4762 ud
886 4707 1010 4787 opera
1034 4679 1213 4787 pietatis,
1242 4677 1369 4763 veluti
1390 4682 1490 4762 areret
1508 4677 1642 4777 tiniec,

154 4815 160 4826 '
229 4805 465 4892 obedientia
504 4815 547 4894 et
574 4812 713 4934 reliq„
757 4838 860 4922 quae
888 4839 963 4920 per
979 4810 1170 4916 ‚diversos
1198 4809 1351 4921 gradus
1374 4814 1643 4904 exercentem

229 5005 493 5020 ..ΦΨ-

319 5117 348 5204 ¹)
371 5113 494 5189 lierni.
515 5116 578 5185 lib.
603 5119 635 5186 5.
649 5115 685 5186 in
708 5139 787 5206 cap.
809 5115 991 5189 4.11.Jon.
1015 5137 1109 5188 uum.
1136 5119 1192 5188 m.
1215 5119 1269 5188 55.
1304 5075 1453 5208 (tdigne,
1476 5117 1561 5186 tem.
1585 5113 1638 5182 75.

131 5233 136 5242 '
229 5226 294 5297 cel.
319 5225 522 5320 ees-⁷10.)
