3930 5788
152 173 225 246 ’·
367 205 711 314 soo.·‘
979 149 1364 317 ussxtff

366 439 552 526 uuas.
606 437 726 538 ouon
754 443 893 526 suum
925 416 1054 530 aret}
1094 439 1190 560 aa
1215 441 1345 528 aaa
1372 448 1505 528 aum
1530 443 1782 548 meum,

368 573 442 658 rori
467 572 591 658 dmm
631 570 684 658 rie
716 570 1012 680 suprascriptis
1031 637 1036 645 .
1048 573 1249 685 proditus
1282 573 1535 661 marauna
1570 574 1633 660 aul
1653 573 1788 700 ,dert-

369 729 506 789 corurn
541 701 727 788 awtrlirc
757 709 892 810 patrat
930 704 1060 792 albos
1098 705 1143 790 in
1177 705 1507 818 apopompeum
1543 705 1785 814 increentur,

370 833 468 936 loro,
495 838 537 920 si
562 837 651 942 ejus
677 833 804 922 tutem
825 838 1076 944 perspexerit
1101 861 1190 923 ease
1214 837 1340 922 worn
1367 840 1412 920 et
1437 835 1570 949 reliq„
1592 885 1646 906 -
1674 865 1722 924 aa
1748 841 1784 924 si

368 967 547 1054 diceret:
577 997 662 1055 non
690 969 821 1054 solum
852 969 1100 1054 monachum
1128 968 1390 1080 peregrinum
1419 973 1557 1076 potest
1583 971 1711 1055 abbas
1738 970 1783 1056 in

367 1099 567 1208 superiori
595 1100 688 1186 loco
715 1101 980 1201 constituere,
1008 1100 1080 1184 sed
1096 1100 1221 1186 etiam
1241 1099 1408 1209 deipsis
1431 1101 1629 1210 gradibus
1650 1130 1785 1186 sacen

309 1333 314 1348 Ι
368 1228 513 1316 dotum
551 1231 615 1316 vel
651 1231 892 1316 clericorum
931 1235 1071 1341 potest
1109 1229 1154 1314 ia
1198 1231 1344 1338 majori
1384 1232 1476 1317 loco
1515 1229 1721 1331 stabilire,
1746 1236 1784 1316 si

367 1361 456 1470 ejus
486 1361 612 1445 vitam
648 1361 770 1444 talem
808 1361 1068 1468 conspexerit
1094 1387 1196 1456 esse.
1256 1359 1784 1463 manutenuerunt.

189 1484 194 1495 ’
312 1539 330 1574 ·.
369 1493 518 1575 Notum
559 1491 852 1576 monasterium
890 1495 974 1590 est,
1004 1488 1113 1572 unde
1147 1491 1363 1598 cognoscis
1404 1491 1493 1574 uisu
1534 1491 1599 1574 rel
1638 1491 1820 1574 auditu·

368 1623 441 1700 arnt
470 1618 694 1704 morrachoa'
730 1619 793 1702 vel
821 1619 1037 1718 abbatem,
1066 1619 1153 1701 sive
1180 1618 1304 1702 ctiam
1333 1619 1490 1702 uicinos
1517 1648 1679 1721 eorum,
1708 1627 1783 1704 aut

367 1753 478 1834 certa
505 1744 788 1836 illi'monachi
816 1748 975 1856 cogniti
1002 1753 1100 1848 sunt
1127 1748 1172 1830 in
1200 1747 1274 1830 illo
1302 1747 1407 1850 loco,
1435 1749 1480 1832 in
1499 1779 1583 1858 quo
1605 1751 1780 1838 habitas.

368 1879 418 1964 Iu
448 1879 526 1965 hoc
555 1908 735 1990 namque
762 1879 869 1982 loco,
897 1881 942 1963 in
968 1905 1050 1988 quo
1077 1877 1180 1962 dicit
1202 1877 1254 1962 de
1273 1883 1374 1963 noto
1394 1882 1659 1980 monasterio,
1686 1885 1783 1963 sub-

163 2009 190 2102 ζ
366 2011 629 2120 intelligitur,
657 2012 755 2121 quia
781 2012 834 2096 ale
861 2014 1009 2120 ignoto
1038 2010 1289 2093 monasterio
1311 2010 1516 2120 suscipere
1538 2015 1679 2120 potest
1695 2011 1783 2095 sine

271 2171 273 2176 ·
367 2142 498 2225 literis
535 2142 893 2229 commendatitiis.
910 2113 930 2238 ζ
949 2141 999 2226 Ia
1027 2141 1107 2226 hoc
1143 2145 1295 2224 etenim
1332 2140 1426 2234 loeo
1453 2141 1679 2226 notandum
1707 2147 1782 2238 est,

291 2307 294 2314 Δ
367 2273 465 2382 quia
493 2272 626 2356 tribus
654 2271 787 2356 modis
816 2273 938 2357 datur
965 2273 1134 2356 licentia
1161 2270 1288 2355 eundi
1314 2271 1561 2356 monachum
1589 2272 1642 2356 ad
1670 2271 1781 2355 aliud

326 2477 329 2484 .
368 2403 680 2506 monasterium,
711 2406 737 2488 i.
766 2432 802 2496 e.
838 2406 973 2514 primo
1009 2429 1229 2505 coruscasse,
1257 2403 1285 2488 i.
1313 2429 1349 2490 c.
1385 2430 1479 2487 cnm
1506 2408 1630 2513 rogat
1656 2401 1783 2487 abtas

366 2535 569 2646 quispiam
607 2535 782 2620 alterum
821 2536 1038 2639 abbatem,
1066 2539 1113 2618 ut
1150 2562 1241 2620 cum
1281 2561 1357 2620 suo
1397 2563 1596 2620 couseusu
1634 2534 1784 2618 habeat

342 2668 614 2753 'monachum
653 2669 793 2778 pium,
829 2673 872 2752 et
913 2666 984 2752 ille
1023 2669 1240 2754 consentit.
1307 2666 1454 2752 Altero
1492 2665 1616 2752 modo
1655 2663 1783 2748 liter-is

372 2806 474 2884 noto
502 2799 643 2884 abbati
673 2799 723 2882 ‹la
752 2799 825 2884 illo
853 2799 1045 2886 snutrein
1067 2799 1147 2882 hoc
1171 2799 1314 2885 modo:
1345 2798 1436 2912 Ego
1459 2797 1627 2882 humilis
1643 2798 1781 2882 abbas.

100 2877 111 2914 ἰ
172 2927 214 2954 ’“
302 2909 307 2918 ’
368 2929 542 3016 Noverit
582 2929 750 3015 dileetio
793 2938 888 3031 tua,
927 2933 1025 3042 qnia
1065 2931 1275 3040 suggessit
1316 2930 1387 3014 ille
1429 2929 1576 3030 irater,
1619 2930 1782 3012 nomine

146 3153 149 3162 ,
187 3069 210 3084 ’“
365 3059 548 3144 Jounnes
577 3061 641 3144 vel
671 3059 844 3163 Paulus,
873 3064 1021 3168 nobis,
1050 3070 1098 3147 ut
1125 3063 1162 3145 ei
1191 3060 1401 3146 licentiam
1430 3061 1618 3146 daremus
1645 3060 1780 3142 robis·

332 3199 337 3210 '
366 3219 459 3274 cum
489 3191 719 3276 habitandi.
767 3190 855 3276 Nos
875 3199 1028 3293 antem,
1056 3192 1155 3302 quia
1183 3197 1226 3276 tc
1253 3189 1524 3300 cognorimus
1552 3191 1779 3298 regularem

368 3321 552 3406 ordinem
592 3303 754 3422 tenere,
784 3349 991 3406 assensum
1005 3321 1082 3407 ·illl
1111 3320 1394 3430 praebuimus,
1424 3320 1636 3406 vobiscum
1664 3321 1780 3404 hubi·
1849 3358 1852 3364 ·

368 3451 499 3540 tandi.
546 3449 669 3536 Nunc
697 3455 836 3536 autem
865 3452 981 3537 illurn
1011 3453 1088 3537 tibi
1116 3452 1372 3560 comnmpin,
1403 3455 1450 3534 ut
1478 3457 1631 3537 tractes
1654 3451 1783 3558 illum,

366 3581 488 3666 aienti
529 3609 631 3691 ego,
677 3588 720 3666 et
755 3610 833 3692 pro
862 3584 934 3670 illo
963 3581 1053 3670 Deo
1090 3584 1309 3685 rationem,
1346 3585 1454 3670 sicut
1490 3611 1592 3694 ego,
1627 3584 1783 3670 reddas.

284 3737 288 3792 ῑ
366 3711 509 3797 Tertio
538 3713 660 3796 modo
692 3714 741 3797 lit
781 3716 1029 3823 generaliter
1069 3715 1283 3819 omnibus,
1323 3717 1351 3805 i.
1378 3743 1413 3802 e.
1451 3715 1642 3802 omnibus
1681 3717 1785 3825 epis·

366 3846 480 3955 copis
508 3839 584 3929 seu'
608 3844 766 3930 cunctis
795 3845 1009 3932 ordinibus
1037 3853 1205 3933 sanctae
1232 3847 1425 3932 ecclesiae
1455 3875 1612 3932 necnon
1635 3845 1794 3932 cuncto

366 3975 521 4085 populo
557 3975 683 4064 fideli.
739 3973 898 4062 Notnnr
935 3981 1051 4066 vobis
1088 3980 1163 4082 sit,
1190 3979 1290 4090 quia
1326 4007 1407 4092 ego
1442 3980 1536 4063 dedi
1575 3978 1780 4074 licentiam

366 4109 433 4192 isti
464 4107 584 4193 fratri
612 4107 780 4193 nominc
806 4107 990 4198 Joarrnea
1021 4113 1084 4198 vel
1105 4111 1271 4213 Paulus,
1298 4115 1359 4212 ut,
1389 4110 1461 4194 ubi
1484 4111 1562 4195 sibi
1580 4110 1785 4196 invenerit

367 4241 627 4326 commodum
667 4239 859 4327 habitare
897 4243 1125 4354 regularem
1165 4242 1352 4328 ordinem
1391 4241 1608 4348 ducendo,
1635 4243 1786 4356 habeat

366 4370 576 4455 licentiam
600 4372 823 4485 penitendi
851 4375 902 4458 aul
931 4403 1043 4459 suam
1075 4374 1295 4461 utilitatem
1325 4379 1368 4459 ct
1390 4353 1654 4462 monasterii.l
1688 4375 1784 4460 Nou

367 4504 476 4592 «sirint
506 4503 733 4611 aequaliter
759 4505 966 4614 agendum
994 4512 1058 4592 est
1079 4535 1172 4593 cum
1191 4507 1277 4608 illo,
1306 4507 1377 4620 qui
1399 4534 1477 4616 pro
1503 4506 1786 4614 persecutione

194 4675 197 4680 ·
318 4661 336 4698 s
368 4633 556 4742 lugiens,
585 4638 629 4717 et
657 4633 796 4738 illum,
825 4635 898 4745 qui
933 4636 1079 4720 leviter
1115 4640 1216 4724 exiit
1251 4639 1305 4724 dc
1342 4667 1418 4725 suo
1457 4638 1706 4725 monasterio
1741 4646 1786 4721 et

273 4809 277 4816 -
369 4763 484 4846 uenit
510 4761 563 4846 ad
590 4762 760 4848 alterius
781 4767 1097 4868 monasterinmr
1127 4797 1222 4853 nam
1251 4767 1435 4880 ille‚···qui
1463 4768 1608 4852 leviter
1637 4769 1686 4854 tle
1709 4797 1785 4853 suo

369 4893 619 4978 monasterio
639 4893 753 4995 exiit,
781 4896 927 4980 «licant
945 4923 1140 4981 canones:
1170 4925 1253 4982 non
1272 4897 1496 5008 recipiatur
1511 4899 1600 5004 sine
1618 4899 1784 4984 licentia

305 5057 308 5066 ⁴
368 5023 429 5106 ani
459 5024 655 5134 episcopi.
681 4997 788 5106 illle
816 5051 931 5126 vero,
960 5027 1032 5135 qui
1060 5054 1136 5136 pro
1163 5029 1449 5137 persecutione
1475 5027 1642 5138 fugiens
1670 5028 1786 5113 venit

369 5154 622 5278 adulterius
652 5155 902 5262 parochiana,
924 5158 1068 5240 dicunt
1094 5186 1294 5259 curiones,
1322 5157 1469 5241 ‹lurrrrn
1497 5188 1607 5261 esse,
1635 5160 1669 5242 si
1700 5189 1782 5244 non
