3974 5778
295 209 577 340 aon-⁸
856 229 1123 342 'cum-

297 471 455 558 tatibus
467 471 505 584 1)
544 473 723 584 possunt
748 469 830 556 dici
867 469 1136 572 festivitates,
1176 472 1222 554 et
1246 466 1497 552 festivitates
1524 465 1721 551 malesani·

297 609 418 705 tatea,
445 593 660 716 quianon
683 600 968 688 solemnitates
994 607 1202 712 aepamut,
1228 599 1301 684 scd
1314 602 1581 724 'unctum

407 735 542 836 Quare
561 733 754 818 dimutur
777 731 995 816 natalitiae
1018 732 1070 816 de
1089 731 1233 817 diebus
1252 729 1447 816 modium
1470 733 1719 837 menno,

296 896 391 984 cum
417 866 481 950 illi
507 867 553 950 in
580 863 680 976 ipsis
709 861 855 946 dicbus
879 891 963 948 uon
984 863 1184 972 leguntur
1205 865 1307 964 uati,
1334 861 1406 946 aed
1425 859 1591 961 mortui,
1617 860 1721 948 haec

299 999 408 1081 ratio
437 995 499 1080 ita
524 993 721 1095 solvitur,
757 993 855 1103 qnia
882 992 990 1077 deut
1014 993 1224 1094 homines,
1259 1019 1354 1075 cum
1384 995 1630 1091 nascuntur,
1655 992 1721 1078 «de

299 1130 419 1212 utero
465 1129 645 1208 manum
692 1151 857 1208 suarum
907 1123 954 1231 [i.
992 1151 1028 1208 e.
1068 1122 1231 1234 cum]²)
1266 1125 1420 1206 exeunt
1453 1120 1506 1203 de
1539 1121 1720 1207 tenebris

297 1258 497 1340 eiecernm
528 1259 706 1338 matrum
733 1253 788 1338 ad
815 1253 922 1340 hanc
950 1254 1110 1356 lucem,
1149 1255 1210 1339 ita
1246 1251 1380 1336 macti
1408 1249 1453 1334 in
1480 1250 1548 1334 die
1575 1253 1719 1334 mortis

297 1388 349 1472 dc
375 1385 556 1472 tenebris
584 1386 815 1494 praesentis
843 1386 952 1470 ritae
977 1391 1130 1484 meunt
1153 1391 1203 1490 et„
1220 1386 1265 1470 in
1291 1384 1423 1468 lucem
1446 1380 1719 1492 sempiternae

296 1517 566 1603 beatitudinis
592 1515 711 1626 quasi
741 1515 947 1600 nascendo
974 1515 1279 1628 ingrediuntur.

406 1647 694 1736 solemnitates
717 1645 869 1731 Christi
891 1649 1009 1731 sunta
1038 1645 1260 1748 Nativitas,
1275 1645 1554 1744 Circumcisio,
1580 1645 1719 1756 Appa-
1787 1749 1792 1757 Ι

297 1784 416 1884 ritic,
455 1778 739 1866 Praesentatio
766 1780 811 1861 iu
838 1779 1017 1889 templo,
1056 1777 1196 1863 Coena
1225 1777 1413 1878 Domini,
1455 1777 1719 1880 Parasceren,

297 1915 524 2002 Sabbatum
549 1918 753 2013 muctam,
779 1909 946 2014 Pascha,
967 1912 1181 2012 decensio,
1206 1911 1491 1996 Pentecosten.
1550 1908 1720 1994 l‘estiri·
1795 1955 1801 1968 ·

296 2051 405 2131 tates
432 2073 530 2131 reru
557 2049 809 2145 sanctornm,
837 2073 945 2155 quas
971 2043 1215 2154 praecipuae
1242 2043 1462 2134 habentur,
1490 2046 1609 2126 snut:
1639 2041 1714 2126 Xll

218 2277 224 2288 ⁵
296 2175 596 2286 apostulorum,
620 2177 668 2266 S.
689 2175 865 2264 Joannis
877 2175 1106 2287 Baptistae,
1131 2175 1173 2259 8.
1193 2174 1410 2285 Stephani,
1434 2172 1478 2261 S.
1493 2173 1717 2276 laurentii,

298 2309 339 2396 S.
365 2307 522 2392 Mariae
547 2307 592 2392 in
621 2309 756 2392 medio
775 2311 968 2418 Augusto
995 2312 1039 2392 et
1062 2305 1269 2391 Nativitus
1296 2309 1399 2414 ejus,
1426 2303 1469 2389 S.
1494 2305 1717 2414 Michaelis,
1889 2295 1898 2310 ’

299 2436 342 2526 S.
360 2437 545 2544 Martini,
572 2439 616 2526 S.
638 2439 852 2540 Caeciliae,
880 2437 923 2526 8.
941 2439 1134 2549 Agnetis,
1160 2435 1204 2524 S.
1228 2437 1430 2546 Agathos,
1458 2443 1503 2520 et
1526 2439 1567 2524 8.
1589 2437 1719 2522 Bene·

300 2568 402 2655 dicti
431 2571 475 2652 iu
513 2569 851 2680 quadragesimae
891 2569 1057 2668 diebus,
1097 2575 1142 2652 et
1181 2569 1225 2650 in
1253 2567 1446 2652 Calendis
1473 2567 1720 2653 Novembris

248 2791 251 2800 ,
296 2699 527 2784 celebratur
553 2700 753 2784 festivitas
781 2675 964 2784 omnium
990 2697 1250 2784 Sanctorum.
1308 2696 1416 2782 latae
1436 2727 1593 2798 omnes,
1620 2699 1717 2807 qnia

263 2845 267 2851 '
298 2835 519 2940 pertotum
533 2829 731 2915 muudum
743 2830 1017 2929 celebrantur,
1041 2829 1243 2913 ideosuot
1257 2829 1514 2939 praecipuae.
1556 2826 1715 2911 Deinde

195 2952 206 2969 ’
296 2964 398 3046 snut
437 2961 680 3072 praecipuae
718 2960 902 3044 omniurn
941 2965 1205 3060 sauctorum,
1244 2959 1317 3069 qni
1356 2959 1401 3043 iu
1440 2959 1512 3044 illa
1554 2959 1719 3044 ciritate
1888 3014 1892 3020 -

299 3092 582 3202 requiescunt,
621 3091 693 3177 ubi
721 3120 864 3176 eorum
893 3119 1068 3202 corpora
1104 3099 1204 3176 suut
1229 3089 1425 3194 humata,
1465 3091 1594 3176 veluti
1621 3097 1719 3174 suut
1888 3093 1902 3192 ξ

268 3222 343 3309 S.
371 3221 601 3326 Ambrosii,
638 3221 712 3308 88.
741 3221 927 3308 Gerrasii
965 3230 1010 3304 et
1048 3221 1246 3327 Protasii,
1288 3223 1489 3324 Victoris,
1528 3222 1718 3320 Naboris,
1888 3220 1903 3312 i

300 3349 487 3456 Nazarii,
526 3352 634 3438 Celsi
661 3359 707 3438 et
732 3353 919 3438 omnium
953 3358 1217 3460 sanctornm,
1258 3384 1434 3466 quorum
1474 3381 1648 3464 corpora
1674 3353 1718 3435 in
1889 3315 1903 3376 ἑ

298 3486 477 3597 propriis
489 3483 715 3594 provinciis
738 3486 1013 3596 requiescunt.
1067 3485 1335 3599 Reliquorum
1351 3515 1450 3572 rero
1469 3491 1718 3585 sanctorum,

301 3617 374 3728 qni
402 3621 614 3704 nunaunt
641 3618 871 3728 praecipui,
891 3617 1036 3702 ‘relati
1064 3627 1163 3703 suut
1190 3620 1233 3710 S.
1260 3621 1437 3706 &mani
1465 3627 1509 3704 ct
1532 3618 1736 3718 aliorum..

300 3749 487 3860 quamvis
515 3776 656 3836 eorum
685 3751 834 3834 missae
860 3749 947 3835 sint
972 3753 1151 3864 scriptae
1176 3753 1220 3836 in
1239 3753 1572 3856 sacramentario,
1601 3751 1718 3833 utin
1887 3741 1903 3877 ξ

302 3879 576 3966 decollatione
603 3879 646 3966 S.
674 3877 869 3982 Joauuis,
909 3883 1017 3970 sicut
1042 3885 1088 3969 iu
1116 3885 1222 3986 illis,
1262 3884 1335 3995 qni
1363 3912 1447 3969 uon
1479 3891 1579 3967 sunt
1605 3910 1719 3992 prae·
1891 3887 1902 3921 “·

300 4009 425 4121 cipni,
455 4011 662 4122 agendum
690 4015 765 4098 est
823 4009 889 4097 lta
916 4041 1012 4098 vcro
1030 4014 1156 4100 debet
1180 4017 1252 4126 agi
1279 4015 1430 4100 inillis
1456 4015 1622 4114 sanctis,
1648 4011 1720 4122 qui

299 4169 386 4225 non
414 4145 513 4225 sunt
549 4140 785 4250 praecipui,
824 4141 854 4225 i.
883 4169 919 4228 e.
954 4141 1215 4232 solummodo
1240 4150 1287 4232 in
1314 4173 1483 4256 vespere
1509 4143 1718 4252 praeteriti

298 4273 382 4359 diei
419 4271 545 4358 lectio
583 4273 821 4357 memoriter
859 4273 913 4360 de
949 4275 1052 4385 ipsis
1088 4278 1244 4364 sanctis
1282 4305 1368 4361 non
1407 4273 1637 4386 praecipuis
1676 4277 1721 4354 et

299 4407 604 4514 responsorium
640 4403 832 4492 similiter
871 4411 915 4492 et
952 4406 1132 4518 hymnus
1170 4413 1297 4520 atquc
1324 4437 1467 4496 rersus
1502 4435 1576 4492 sen
1611 4403 1720 4490 anti·

299 4539 439 4650 phoua
479 4539 522 4622 in
564 4537 806 4648 Magnificat
842 4528 910 4625 rel
952 4540 1087 4628 oratio
1129 4542 1181 4628 de
1222 4541 1322 4654 ipsis
1363 4571 1449 4626 uon
1491 4537 1720 4650 praecipuis
1894 4612 1901 4659 ÷

300 4673 456 4758 sanctis
484 4672 658 4757 dicenda
683 4677 794 4758 suut
850 4671 918 4758 Ad
942 4679 1192 4760 nocturnum
1214 4679 1354 4761 autem
1375 4701 1516 4760 versus
1542 4671 1596 4758 de
1620 4671 1721 4780 ipsis

299 4833 384 4893 uon
425 4803 657 4915 praecipuis
683 4805 836 4892 auctis
864 4835 958 4893 cum
984 4805 1118 4893 tribus
1144 4806 1415 4922 responsoriis
1439 4811 1568 4917 atquc
1606 4801 1722 4890 lecti·
1896 4804 1905 4917 ξ

389 5121 418 5210 ¹)
437 5118 683 5192 solemnitates
705 5119 764 5210 (l).

380 5237 417 5324 3)
438 5229 689 5304 Ausculuthou
710 5231 769 5326 (ἲ).
