3994 5770
877 199 963 294 cap.
986 199 1067 275 vn.
1541 169 1547 180 ’
1599 205 1702 318 255„

267 427 473 520 lroruiueru
505 452 587 509 nou
630 423 733 509 odeo
769 425 1036 528 constrinxit,
1078 451 1128 508 eo
1168 422 1276 534 qsrod
1314 421 1356 506 in
1399 423 1489 508 ullis
1527 421 1679 532 regulis
1717 431 1720 438 ’

172 629 178 639 .
266 565 497 650 cunctorum
531 555 701 642 Petrum
742 557 834 668 plus
861 556 1187 670 constringitur,
1229 553 1447 665 sicutipse
1476 555 1517 642 S.
1551 555 1679 640 Bene·

266 697 395 784 dictus
425 689 546 778 dicit:
588 689 678 777 licet
707 689 898 800 leporino,
928 687 1064 774 cincun
1097 686 1257 773 omnino
1284 687 1567 772 urorroclrorurn
1596 711 1675 771 uon.

265 853 359 916 csse.
417 821 618 912 Similiter
647 823 697 912 de
726 821 981 910 vestimentis
1019 827 1061 906 et
1091 818 1240 932 vigiliis
1264 815 1410 929 ¹urujor
1437 818 1677 906 constrictio

265 963 305 1048 in
345 955 424 1044 illis
464 955 688 1046 iuvenitur.
763 955 921 1042 Deinde
965 961 1012 1041 ut
1054 951 1275 1039 uronurlrus
1318 950 1419 1038 nilril
1463 949 1514 1036 orl
1559 978 1675 1036 suurn

264 1093 425 1178 libitum
454 1087 578 1177 locist
608 1089 649 1173 in
679 1087 879 1174 exteriore
908 1086 1087 1185 nornine,
1116 1084 1149 1169 si
1178 1084 1270 1196 plus
1299 1083 1453 1195 aliquid
1483 1085 1593 1187 velit,
1623 1083 1675 1169 ed

263 1237 494 1310 sanctoruni
525 1222 711 1332 exornplo
745 1249 843 1307 *euru
886 1219 1050 1330 dirigit,
1093 1218 1208 1328 qrrrrsi
1238 1217 1411 1300 diceret:
1452 1221 1525 1301 eut
1565 1223 1676 1326 eget,

263 1355 369 1467 quod
400 1353 500 1436 haec
528 1353 673 1463 regula
701 1351 931 1438 cornruunis
962 1349 1196 1436 nrouasterii
1227 1349 1359 1453 docet,
1388 1354 1461 1432 out
1491 1359 1611 1448 certe,
1642 1351 1674 1433 si
1771 1342 1774 1350 ’

233 1487 351 1597 ‘plus
381 1483 481 1568 velit
508 1513 631 1596 agere
660 1487 702 1568 iu
731 1512 805 1570 suo
835 1512 1018 1593 corporo,
1050 1484 1076 1566 i.
1094 1511 1127 1570 o.
1156 1482 1189 1565 si
1211 1483 1302 1592 plus
1325 1480 1549 1567 districtius
1575 1481 1675 1565 velit

135 1714 138 1718 ,
262 1619 415 1716 virere,
460 1615 601 1715 faciut,
644 1616 753 1728 quod
794 1619 994 1727 ruujoruur
1025 1616 1297 1700 cohortantur
1333 1616 1530 1726 exernple.
1588 1617 1676 1700 Hoc
1737 1637 1739 1642 ·

170 1731 179 1745 ’
260 1751 382 1835 etieur
410 1748 818 1835 animadvertendum
860 1756 942 1852 oet,
985 1749 1101 1858 quin,
1142 1747 1177 1832 si
1205 1747 1404 1833 attentius
1432 1745 1675 1856 consideres,

188 1961 190 1964 ,
261 1883 374 1984 bene,
396 1885 613 1992 postquurn
630 1881 801 1984 dixerut,
823 1883 1012 1965 ornnibus
1028 1911 1070 1965 se
1085 1881 1249 1966 credere
1264 1880 1411 1964 debere
1426 1877 1673 1962 nrouachuur

262 2013 493 2098 inferiorem
524 2018 566 2097 et
585 2013 781 2117 viliorem,
813 2017 1016 2124 letlspost
1035 2013 1262 2123 subjunxit,
1292 2018 1340 2094 ut
1368 2010 1425 2094 nil
1455 2016 1569 2118 agat,
1597 2009 1673 2092 uisi

230 2143 365 2254 'quod
395 2143 623 2231 counnunis
653 2147 890 2228 nrorresterii
919 2146 1063 2256 regula
1082 2146 1144 2229 rel
1176 2145 1375 2254 nrejoruru
1404 2141 1676 2227 cohortantur

259 2277 460 2387 exeruplo,
501 2275 599 2387 quia
637 2275 726 2377 ille,
766 2275 836 2384 qui
878 2275 938 2361 ita
968 2284 1030 2360 est
1069 2279 1367 2388 mortificatus,
1408 2279 1455 2358 ut
1484 2274 1674 2360 omuibus
1758 2377 1760 2384 y

260 2407 403 2491 intiruo
433 2408 568 2494 cordis
598 2407 746 2494 ellectu
777 2407 918 2492 credat
944 2437 986 2492 se
1023 2438 1110 2492 esse
1137 2409 1372 2494 int'orioreur
1404 2412 1446 2489 et
1474 2405 1671 2507 viliorem,

261 2539 409 2624 nullaur
440 2545 591 2624 sectum
621 2537 805 2647 nihilque
834 2537 988 2649 uliquirl
1020 2540 1116 2623 nori
1135 2538 1236 2650 egit.
1294 2537 1349 2621 Er
1372 2537 1412 2620 iu
1444 2537 1533 2639 troc,
1562 2527 1670 2648 quorl

128 2719 133 2727 -
258 2669 355 2753 dicit
383 2667 507 2770 nillil,
550 2670 651 2755 nihil
694 2671 896 2776 exclrulit,
937 2678 983 2754 ut
1022 2671 1175 2782 aliquid
1218 2668 1442 2753 ruouuelurs
1471 2669 1522 2754 ud
1550 2699 1668 2754 suurn

258 2799 418 2884 libitum
448 2800 593 2901 focict3
624 2830 718 2884 narn
741 2803 937 2912 rrrejorcru
965 2805 1045 2886 riur
1068 2802 1247 2914 negundi
1266 2802 1388 2885 hebet
1406 2801 1528 2904 istud,
1558 2803 1667 2913 quod

256 2931 423 3016 diciturr
464 2929 670 3042 collapso,
710 2935 896 3044 quamsi
926 2934 1094 3019 diceret:
1139 2959 1219 3017 uon
1256 2939 1362 3040 aput.
1423 2929 1529 3017 Nero
1558 2934 1668 3020 istud

36 3091 40 3098 ’
172 3136 176 3146 .
256 3063 361 3146 ευίιιι
390 3066 611 3148 communis
644 3067 855 3178 ‘genitivus
899 3065 1016 3151 casus
1053 3045 1134 3170 esti
1177 3065 1396 3174 respondet
1423 3067 1669 3167 ruouustcrii,

256 3195 294 3282 lr.
323 3196 627 3280 e.'coruruunis
669 3197 920 3287 monasterii.
976 3197 1098 3283 Nunc
1127 3196 1345 3281 rideuduru
1376 3203 1457 3301 est,
1500 3197 1550 3282 de
1586 3227 1669 3308 qno

255 3326 393 3438 regule
423 3327 554 3431 dicet,
585 3357 676 3414 cum
705 3331 858 3414 multoe
885 3330 1053 3440 regulae
1082 3329 1364 3431 inveniantur,
1395 3358 1500 3440 qrroe
1529 3329 1669 3415 obser·

234 3469 398 3541 rentur
427 3459 469 3542 in
499 3459 664 3543 diversis
695 3461 974 3562 u'ronusteriis‚
1003 3490 1050 3554 r.
1080 3488 1142 3570 gr.
1167 3460 1424 3561 columboni,
1454 3459 1596 3546 Basilii
1626 3468 1668 3545 et

249 3588 450 3676 eliorum?
493 3589 588 3676 Nou
619 3591 727 3675 eninr
760 3592 921 3676 videtur
950 3593 1013 3686 de,
1030 3592 1196 3677 illoruur
1225 3591 1374 3676 dixisse
1403 3592 1567 3702 regulis,
1597 3593 1666 3676 sed

225 3718 297 3834 ¹de
326 3719 404 3804 hac
445 3720 588 3832 regule
624 3719 742 3822 dicit,
784 3752 907 3833 quani
949 3723 1035 3833 ipsc
1063 3721 1105 3810 S.
1135 3711 1383 3808 Benedictus
1411 3723 1666 3833 corrscripsit,

251 3851 311 3933 vel
341 3851 495 3952 dehis,
525 3880 630 3962 quae
658 3883 773 3938 secus
796 3883 850 3956 se,
882 3854 906 3941 i.
926 3883 960 3943 e.
986 3855 1106 3963 juxte
1135 3883 1177 3938 se
1197 3853 1427 3963 dereliquit,
1456 3860 1499 3939 et
1527 3859 1668 3964 (quoe)

158 4049 165 4092 ι.
249 4009 320 4088 per
347 3980 453 4067 lrcuc
483 3983 669 4093 regulam
699 3995 871 4094 possunt
909 3984 1112 4094 intelligir
1155 4013 1250 4070 rrum
1280 3971 1387 4079 suut
1406 3985 1559 4069 unrltue
1589 4013 1665 4082 ros,

249 4137 351 4218 ‹prroc
379 4138 453 4220 per
481 4105 587 4198 lreuc
614 4115 801 4226 regulum
830 4112 1134 4224 intelliguntur,
1168 4113 1354 4225 quurnris
1379 4145 1460 4201 uon
1490 4116 1667 4226 pleniter

247 4246 290 4322 ct
316 4251 457 4350 aperte
488 4241 583 4328 iude
604 4245 747 4356 regule
769 4243 898 4344 ‹licotr
929 4225 1172 4354 v'.g1·.rlicit
1201 4245 1344 4356 regulo
1370 4247 1419 4332 de
1440 4245 1665 4330 hebdomo·

220 4367 366 4456 ·deriis
382 4372 603 4486 coquinae:
628 4375 684 4460 Iu
703 4375 844 4462 dictus
859 4380 992 4462 auteur
1011 4375 1255 4463 eolcnnrilms
1274 4403 1398 4484 usquc
1422 4377 1478 4461 od
1494 4376 1665 4461 ruissorn

245 4502 480 4612 errotlrrcoul.
534 4504 640 4590 Vide
661 4504 795 4608 modo,
817 4506 961 4618 regule
984 4536 1068 4594 nou
1093 4509 1206 4613 dicit,
1227 4506 1338 4593 utin
1361 4508 1426 4594 dic
1452 4507 1664 4592 Dominicu

248 4631 368 4719 ruisse
395 4637 600 4739 coutetur,
628 4637 699 4723 sed
728 4665 802 4749 per
830 4635 920 4746 lroc,
950 4639 1060 4758 quod
1089 4638 1211 4724 dixit:
1253 4663 1377 4745 rupere
1408 4638 1662 4724 adseuerate

245 4767 492 4884 erretiucuut'
511 4763 634 4852 «latur
656 4767 849 4882 intelligi,
880 4769 1043 4856 missam
1069 4769 1320 4884 praecepisse
1338 4767 1548 4854 celebrari.
1607 4767 1663 4852 llt

150 4997 157 5006 .
246 4892 321 4980 lroo
351 4898 527 4984 rneximc
555 4897 598 4984 in
629 4898 791 5010 judiciis
819 4906 862 4987 et
879 4901 1131 5022 vestimentis
1158 4907 1275 5011 potes
1304 4898 1551 5012 intelligere.
1611 4899 1659 4984 ln

239 5023 403 5130 judiciis
428 5031 548 5127 enim,
573 5054 666 5116 cunr
683 5031 807 5120 dicit:
830 5031 870 5118 ei
891 5030 983 5139 perio
999 5033 1133 5139 frater
1156 5039 1371 5117 uictumae
1385 5037 1455 5116 rud
1467 5030 1664 5137 superlore
1768 5091 1777 5104 ,

243 5161 313 5242 out
338 5185 601 5246 rnurrrnuuue
633 5167 681 5246 et
707 5160 877 5272 reliquo.
935 5162 1133 5250 Similiter
1172 5157 1489 5274 intelligendum
1526 5170 1589 5247 est
1619 5165 1658 5249 tu
