3930 5788
857 62 941 154 Cup.
965 61 1089 137 LXIV.
1607 69 1682 150 591

283 284 362 366 est:
405 278 649 387 plusquam
680 283 855 387 oportet.
913 279 1019 365 Num
1058 281 1155 392 quid
1194 281 1248 365 sit
1289 280 1434 381 uitreis,
1473 279 1520 363 B.
1551 283 1694 389 Augu·

282 413 413 494 stirme
450 407 493 492 in
526 407 649 490 Beati
678 407 926 494 irrrrnaeututi
954 407 1153 522 exponit,
1173 411 1242 496 ubi
1272 413 1445 497 dieitur:
1476 409 1550 494 Tu
1577 438 1692 494 uiuer-

282 539 391 626 etusti
422 543 617 624 etatulam
652 543 722 623 tua
762 541 957 626 ereetodiri
988 543 1135 644 rutenis,
1166 543 1245 627 hoe
1286 543 1407 626 morlo
1445 542 1604 642 diceus,
1633 543 1693 624 ait
1808 617 1810 622 .
1863 635 1865 642 ,

283 673 417 754 euim:
465 669 603 755 Nimia
644 669 790 776 quippe
833 671 1001 773 diuitem,
1040 673 1235 778 perrupere
1267 672 1367 778 ptus
1406 672 1531 776 luerit
1572 699 1705 784 quum¹

281 809 441 907 opertet.
510 799 622 885 Neue
657 827 811 906 prmum
848 809 885 886 et
921 802 1090 885 uiurieuu
1132 805 1211 888 dno
1247 809 1341 886 ureret
1379 803 1483 887 iuter
1498 791 1506 806 ⁸
1521 829 1564 886 se
1602 828 1693 887 eurr·

224 993 227 1004 .
282 934 425 1016 truria.
486 929 642 1014 Parnm
672 937 742 1031 est,
771 933 877 1036 priori
903 933 1039 1016 ruinae
1067 939 1125 1016 est
1153 923 1452 1039 panope-ur
1466 961 1477 1033 ,·
1506 935 1690 1033 nimium,

281 1063 384 1166 qued
405 1058 517 1165 plue¹
533 1067 591 1142 eet
626 1087 746 1166 perum
784 1067 945 1166 oportet.
1002 1061 1161 1146 Iterum
1201 1063 1244 1146 iu
1280 1061 1409 1144 mettio
1452 1061 1594 1145 trenetur
1622 1069 1691 1160 eut,
1786 1042 1793 1055 ⁸

279 1189 381 1296 quud
422 1188 595 1275 dieitur:
637 1193 739 1272 eutis
778 1197 847 1275 est.
921 1191 1019 1278 Oruu
1060 1193 1192 1298 itaque
1231 1191 1327 1274 utile
1368 1191 1421 1274 eit
1457 1191 1500 1272 in
1541 1191 1622 1272 uita
1659 1197 1693 1270 et

280 1319 467 1422 moritur,
497 1317 764 1424 etamplius,
803 1347 923 1426 peram
952 1327 1125 1426 opertet,
1154 1322 1259 1405 unu
1287 1322 1448 1404 auertiue
1472 1319 1718 1421 tuciuumr,

276 1451 451 1556 protecto
489 1475 626 1534 rerum
666 1473 753 1532 erse
792 1450 1054 1534 seutentiam:
1104 1479 1177 1535 »ere
1218 1448 1316 1555 periet
1358 1448 1525 1549 uiritim«
1568 1449 1693 1550 lateri

274 1581 560 1688 potiusquam
588 1607 737 1687 erepere
776 1579 973 1667 uouemus.
1033 1580 1116 1666 seu
1144 1577 1365 1688 aliquantu
1395 1577 1521 1663 tutiuu
1552 1578 1691 1684 tiupuu

279 1709 349 1794 troc
375 1709 492 1793 reete
521 1707 580 1792 sie
611 1710 800 1811 ubertitur,
840 1715 882 1792 ut
914 1707 1083 1792 »retenire
1110 1735 1191 1814 pru
1219 1737 1275 1810 eo,
1304 1709 1409 1815 priori
1437 1716 1495 1792 ert
1526 1709 1687 1791 »vetite«
1819 1713 1820 1718 '

240 1863 244 1870 ·
279 1851 314 1926 et
337 1842 515 1948 pruritum
544 1841 795 1924 inueniuntur
823 1839 865 1923 iu
896 1837 1027 1923 literis
1055 1839 1200 1941 suerin,
1240 1845 1277 1923 et
1297 1863 1501 1943 perunum
1532 1839 1574 1922 iu.
1603 1864 1690 1920 eer-

280 1973 462 2055 uroru'tus
489 1970 655 2056 uestris.
713 1969 825 2054 Nutu
854 1978 890 2054 et
916 1968 1002 2054 irie:
1035 1971 1122 2054 »Tu
1134 1969 1381 2076 praecepisti
1400 1967 1593 2052 rrruuduta
1622 1976 1689 2050 tue
1755 2034 1766 2057 ,.

279 2103 471 2186 aratoriiri
499 2101 660 2203 niente«
692 2125 771 2184 uon
801 2102 883 2184 uiri
912 2099 1028 2184 nutele
1052 2100 1327 2208 iutettipiume,
1356 2101 1394 2182 ei
1414 2105 1516 2183 reete
1544 2097 1691 2182 iutetii·

276 2233 424 2339 pimus.
482 2231 539 2315 Et
558 2233 705 2316 »rriruir
719 2239 755 2314 te
770 2231 933 2340 diripe„
964 2229 1148 2315 riutieui
1170 2229 1581 2332 rarissimudicineus,
1612 2259 1689 2313 unu

277 2366 408 2470 tetigere
438 2361 535 2468 ptus
576 2389 697 2468 quern
735 2369 908 2468 oportet,
948 2367 1022 2448 eert
1054 2363 1171 2448 rutile
1211 2389 1284 2445 um
1326 2361 1493 2472 ‹titipere
1521 2361 1691 2470 iutritipi

277 2495 471 2580 ueternum.
529 2494 713 2601 Denique
742 2493 814 2577 ura
839 2521 988 2602 prueeu
1028 2497 1224 2579 sententie
1254 2520 1333 2578 rruu
1362 2493 1477 2577 tutet
1504 2493 1575 2576 true
1601 2521 1690 2576 ver·
1782 2542 1785 2548 ·
1893 2585 1897 2604 ..

279 2625 388 2728 breue,
430 2630 536 2732 qamt
564 2626 628 2710 ieie
656 2625 820 2732 legitate
859 2625 917 2709 iti
944 2625 1050 2740 euim
1090 2633 1149 2709 est
1175 2627 1296 2729 ἄγαν,
1334 2626 1439 2731 prud
1466 2630 1524 2706 ert
1550 2623 1686 2728 triente,

277 2755 339 2840 trie
369 2764 428 2839 eet
455 2763 585 2840 auteur
615 2760 801 2867 σφοδρα,
842 2759 948 2863 quaet
982 2766 1041 2841 est
1068 2755 1195 2846 valete.
1255 2756 1338 2842 seu
1365 2755 1606 2872 aliquando,
1647 2763 1688 2837 ut

279 2886 471 2992 riiriruuu,
500 2889 623 2973 nimie
643 2915 726 2996 pre
754 2917 810 2989 eo,
839 2889 945 2994 qued
973 2875 1032 2973 ert
1059 2887 1194 2987 valete,
1224 2895 1261 2970 et
1287 2889 1435 2972 dietum
1463 2887 1688 2969 invenimus

62 3031 64 3104 :
186 3013 188 3016 ’
277 3024 311 3099 et
341 2997 537 3122 diiiurrre,
579 3020 685 3105 terrete
711 3019 896 3103 permulti
930 3021 1049 3104 etiam
1087 3017 1207 3104 lutirri
1237 3019 1389 3103 euetieer
1416 3045 1494 3102 erun
1523 3018 1687 3101 tutent:
1747 3103 1749 3108 ,
1829 3063 1832 3070 -

228 3161 231 3166 ’
281 3154 343 3230 »tu
365 3153 613 3257 praecepisti
640 3149 837 3234 ‚raumara
865 3156 935 3234 teu
962 3151 1158 3235 eurtodiri
1176 3151 1338 3246 niueis«,
1368 3149 1440 3232 rect
1462 3149 1638 3234 »uiride«.
1654 3151 1684 3256 ¹)
1722 3257 1725 3266 Ι

244 3274 247 3282 ’
278 3277 380 3364 Nam
412 3285 636 3367 naturalem
668 3283 896 3368 doctrinam
928 3283 1067 3386 ducet,
1089 3284 1194 3367 'dum
1225 3282 1325 3366 dicit
1353 3310 1402 3364 ue
1430 3285 1526 3366 deren
1561 3281 1685 3364 uitreis

281 3415 388 3517 eupit
415 3413 581 3498 eradere
608 3412 859 3524 uernpineur,
884 3413 1105 3522 sr·urrputur
1132 3438 1222 3515 rua,
1253 3414 1349 3523 quia
1378 3413 1483 3498 sieut
1512 3414 1554 3496 in
1584 3414 1687 3496 rasis
1785 3473 1787 3478 ,

195 3601 197 3606 ·
276 3542 480 3630 iuvenitur
502 3573 671 3657 aerugo,
701 3547 760 3631 ita
789 3548 912 3631 etiam
941 3545 983 3628 in
1014 3544 1249 3632 huminibus
1279 3545 1544 3629 inveniuntur
1564 3544 1683 3642 vitiem

280 3703 314 3762 v.
344 3704 406 3787 gr.
437 3684 499 3762 est
528 3678 635 3762 enim
667 3677 749 3760 tale
779 3707 861 3786 rus,
892 3677 1000 3791 quud
1030 3683 1191 3762 tautum
1221 3679 1263 3762 in
1293 3679 1529 3762 summitate
1556 3674 1685 3762 habet

234 3879 237 3885 .
274 3808 535 3920 aeruginenr;
577 3815 619 3893 et
646 3812 796 3894 iterum
827 3817 889 3894 est
916 3809 1026 3894 alind
1058 3839 1146 3912 vus,
1177 3811 1443 3921 quoiusque
1479 3808 1521 3891 iu
1550 3807 1684 3892 medio
1735 3891 1739 3898 ,
1776 3911 1779 3934 ¹

274 3938 399 4025 habet
425 3943 683 4054 aeruginem
713 3947 776 4027 est
804 3949 846 4026 et
872 3941 981 4026 uliud
1013 3942 1179 4028 tertium
1199 3941 1419 4045 vasculum,
1448 3939 1557 4049 quod
1588 3968 1683 4048 pro·

275 4067 438 4156 suudius
462 4059 614 4177 habet,
643 4075 669 4159 i.
699 4093 902 4184 erueque'
919 4074 962 4158 in
991 4073 1112 4158 alium
1143 4077 1301 4183 partem
1332 4099 1536 4183 egressam
1566 4100 1683 4154 aeru-

272 4200 421 4308 ginem.
480 4204 637 4290 Deinde
677 4207 711 4290 si
752 4205 926 4290 volueris
960 4203 1071 4290 istud
1101 4231 1171 4288 vas
1200 4203 1461 4312 aerugiuare,
1492 4203 1600 4312 quud
1641 4203 1681 4285 in
1786 4199 1792 4212 ’

273 4359 428 4417 summo
457 4334 582 4420 habet
610 4337 862 4446 aeruginem,
891 4341 1008 4446 potes
1036 4335 1136 4419 iliud
1158 4335 1311 4446 absque
1340 4333 1540 4418 irautioue
1563 4361 1682 4416 aeru·
1767 4405 1793 4420 „

272 4459 426 4571 giuure.
444 4445 453 4485 '
472 4465 670 4553 Similiter
689 4465 723 4562 ei
744 4467 852 4552 istud
870 4495 953 4569 rue,
983 4463 1093 4575 quod
1122 4493 1248 4575 neque
1275 4463 1319 4577 iu
1350 4461 1527 4547 medinm
1558 4462 1684 4546 habet
1732 4483 1736 4490 ·

272 4591 521 4706 aeruginem,
555 4595 653 4682 velie
681 4596 943 4709 aeruginem,
972 4597 1089 4707 putee
1118 4595 1272 4705 ubsque
1303 4593 1493 4703 ruptione
1521 4595 1684 4702 aerugi·
1729 4610 1732 4615 ’

271 4750 380 4812 nare.
420 4725 463 4810 Si
482 4736 620 4814 autem
644 4727 752 4815 istud
778 4755 860 4833 rue,
890 4725 998 4838 quod
1020 4721 1264 4837 profundius
1282 4718 1412 4808 'habet
1430 4721 1680 4832 aeruginem,
1748 4791 1749 4796 ¹

358 5014 385 5106 ¹)
406 5013 569 5092 Enarrat.
592 5016 628 5089 in
653 5016 778 5110 psalm.
807 5015 877 5086 ua
903 5033 935 5083 r.
957 5012 991 5083 4.
