3994 5770
246 243 325 364 ¹¹3⁸,
440 193 442 198 ’
617 249 620 258 ·
789 334 800 366 θ
878 241 1051 336 osam.

243 405 416 548 sessione
454 462 636 572 ponitur.
692 461 890 590 Deinde,¹
915 464 1013 574 quia
1040 465 1152 552 dixi:
1180 403 1393 550 incertum
1408 469 1493 566 est,
1520 471 1659 550 utrum
1695 519 1698 524 -
1875 517 1876 520 κ

245 593 347 696 Deo,
375 623 430 678 un
458 592 619 678 bomini
641 593 887 704 satisfacere,
916 594 945 682 i.
967 625 1005 682 e.
1026 595 1326 682 confessionem
1345 596 1481 682 facere
1498 596 1661 704 (debent,

90 817 97 832 ,
226 724 430 830 =quamvis
465 721 667 808 incertum
705 723 774 824 sit,
819 729 955 810 tamen
997 725 1161 812 videtur
1187 727 1304 828 mihi,
1330 733 1391 814 ut
1423 726 1660 826 satisfaciat,

210 912 212 920 1
242 851 270 936 i.
299 880 335 936 a.
364 851 662 940 confessionem
692 855 817 938 iaciat
844 855 1029 961 bomini,
1068 859 1098 944 i.
1126 889 1162 944 e.
1191 857 1308 944 fratri
1344 857 1549 966 spirituli,
1589 860 1662 966 qui

243 982 368 1086 sciat,
409 981 515 1066 sicut
542 983 687 1092 regula
714 985 814 1070 dicit
852 983 1050 1089 inferius,
1089 990 1119 1076 i.
1146 1017 1196 1071 e...
1211 989 1255 1070 iu
1299 985 1481 1096 capituto
1518 985 1661 1088 navt,

244 1138 387 1196 curare
415 1140 489 1198 sua
515 1115 559 1198 ct
585 1111 721 1198 aliena
750 1113 932 1214 vulnera,
963 1144 1049 1202 nou
1077 1116 1273 1228 detegere
1300 1121 1344 1201 et
1371 1115 1595 1226 publicare.

826 1331 945 1438 Cup.
983 1333 1060 1424 VI.

687 1513 757 1590 DE
784 1513 1223 1592 nncn‘nnnlnnnn.
1388 1569 1392 1577 ·

357 1657 551 1766 Superius
579 1658 689 1742 enirn
718 1659 1013 1744 informaverat
1038 1661 1252 1765 abbatem,
1290 1662 1469 1772 qualiter
1495 1662 1665 1748 deberet

245 1817 332 1874 esse
371 1789 414 1872 iu
454 1786 518 1872 bis
555 1791 702 1892 rebus,
741 1821 847 1902 quae
885 1793 939 1876 ad
977 1821 1022 1878 se
1050 1795 1113 1878 vel
1143 1793 1187 1877 iu
1215 1821 1259 1878 se
1286 1792 1489 1888 attinentz
1518 1792 1665 1878 deiude

245 1919 442 2004 instruxit
478 1947 596 2023 cunr,
635 1923 814 2032 qualiter
861 1923 1029 2008 deberet
1067 1924 1309 2036 disponere,
1347 1925 1375 2010 i.
1403 1952 1439 2010 c.
1475 1923 1665 2009 ordinare

130 2162 135 2172 ι
246 2052 451 2158 exteriora
477 2081 565 2154 sua,
594 2054 623 2140 i.
651 2051 688 2142 c.
707 2081 771 2140 res
795 2056 1045 2146 monasterii.
1093 2057 1195 2168 Post
1219 2085 1330 2158 vero,
1350 2056 1448 2165 quia
1469 2055 1665 2140 docturus

248 2189 338 2268 erut
355 2189 517 2269 caetera
535 2184 731 2286 membra,
750 2186 904 2290 docuit,
924 2215 1030 2297 quae
1051 2192 1149 2272 sunt
1165 2188 1442 2273 instrumente
1461 2188 1665 2274 bonorum

250 2339 420 2434 opernm
448 2313 491 2396 io
521 2342 648 2398 unum
676 2318 814 2402 omniu
831 2318 1206 2436 comprehendens.
1249 2318 1350 2423 Post
1371 2317 1663 2400 indicationem
1731 2411 1737 2430 ,
1867 2381 1876 2421 ,

251 2443 616 2528 instrumentorum
649 2447 745 2532 boui
775 2447 929 2556 operis,
960 2446 1059 2554 quin
1095 2446 1295 2556 cognorit
1321 2445 1372 2535 B.
1401 2447 1665 2548 Benedictus,

249 2563 459 2656 diabolum
486 2573 539 2657 de
566 2575 683 2660 coelo
711 2606 785 2687 per
811 2578 1044 2688 superbiam
1075 2577 1269 2662 cecidisse
1297 2579 1340 2660 et
1367 2576 1502 2662 Adam
1531 2605 1559 2660 a
1577 2575 1666 2660 Deo

252 2732 325 2814 per
352 2704 675 2798 inobedientiam
702 2711 926 2812 recessisse,
952 2709 1104 2794 idcirco
1134 2706 1337 2818 imprimis
1361 2707 1413 2793 de
1430 2705 1666 2790 obedientia
1706 2758 1707 2762 κ

128 2843 165 2940 ’,
252 2845 296 2920 et
330 2835 563 2922 humilitate
597 2835 723 2940 dixit;
752 2841 813 2925 ait
850 2841 987 2926 cuim:
1030 2839 1201 2926 Primus
1227 2837 1468 2926 ductariiitatis
1505 2837 1664 2946 yrodas
1791 2870 1792 2874 ¹
1883 2861 1888 2924 ζ

159 3063 162 3070 ,
252 2977 311 3055 cst
339 2969 562 3056 odedientia
586 2972 678 3058 sine
702 2999 830 3062 oraora.
887 2973 996 3058 Sunt
1022 2973 1131 3059 euim
1162 2971 1295 3075 multi,
1324 2972 1395 3082 qui
1424 2971 1593 3072 dicant,
1622 2970 1666 3054 in

254 3103 333 3186 hoe
363 3103 454 3188 loco
480 3101 606 3186 istum
636 3105 814 3214 primurn
832 3104 1084 3189 humilitatis
1112 3103 1286 3213 gradum
1314 3131 1400 3188 non
1420 3130 1496 3211 pro
1522 3102 1666 3184 ordine
1749 3097 1753 3104 ’

254 3233 456 3342 positam,
498 3231 569 3315 sed
598 3259 675 3340 pro
704 3235 1011 3342 magnitudine,
1040 3237 1138 3342 quio
1168 3261 1251 3318 non
1280 3231 1546 3338 subsequitur
1572 3256 1662 3312 eum

206 3381 208 3386 ’
253 3363 465 3446 secundus.
504 3359 560 3444 Et
586 3361 736 3446 iterum
766 3373 864 3448 snut
892 3365 978 3465 alii,
1006 3363 1077 3474 qni
1107 3365 1263 3467 dicunt,
1290 3391 1376 3448 non
1405 3387 1666 3461 essenorum,
1818 3433 1825 3454 ,

255 3499 302 3576 nt
319 3523 394 3602 pro
410 3494 696 3605 magnitudino
722 3499 779 3580 sit
794 3500 964 3608 positnS,
992 3499 1065 3582 sed
1092 3525 1167 3606 pro
1196 3496 1354 3595 ordine,
1383 3493 1480 3604 quis
1495 3493 1668 3578 iuferius

121 3677 125 3688 =
255 3629 412 3713 incutio
441 3631 490 3712 iit
517 3629 677 3714 timoris
706 3630 990 3742 gebennucet
1018 3635 1157 3714 arctae
1184 3629 1287 3718 viae.
1328 3625 1372 3710 Si
1387 3629 1495 3711 enim
1513 3628 1668 3736 mentio

255 3789 340 3844 aon
357 3761 500 3844 inisset
526 3751 696 3844 inferias
723 3761 884 3846 timoris
907 3763 1121 3871 gehennoe
1144 3766 1217 3844 eat
1230 3765 1367 3842 arctae
1387 3760 1488 3859 viae,
1505 3764 1669 3868 poterat

108 3889 141 3918 ''
255 3919 343 3974 esse
370 3919 446 4000 pro
475 3892 783 4000 magnitudinc3
811 3893 882 3976 sed
897 3895 996 4003 quia
1019 3894 1191 3978 inferius
1211 3893 1259 3976 fit
1285 3892 1440 3976 mentio
1455 3892 1670 4000 gehennias
1775 3921 1778 3926 ·

175 4033 188 4105 .’
256 4022 420 4106 timoris
448 4027 492 4106 et
518 4032 657 4105 arctoe
684 4025 787 4120 riae,
817 4023 909 4108 ideo
935 4025 980 4106 in
1009 4023 1102 4108 loco
1130 4023 1286 4108 ordinis
1310 4051 1397 4108 esse
1412 4019 1569 4132 positas
1593 4021 1670 4104 iste

30 4273 34 4282 Ι
172 4223 174 4226 .
256 4153 413 4263 primns
440 4154 718 4264 cognoscitur,
746 4185 794 4240 ac
824 4184 897 4266 per
924 4154 1004 4240 hoo
1030 4157 1221 4240 ridentur
1248 4155 1308 4238 illi
1337 4155 1541 4252 cecidisse,
1571 4151 1597 4236 i.
1632 4181 1669 4239 e.

177 4337 179 4342 ·
257 4313 341 4368 non
370 4289 481 4368 recte
509 4286 671 4395 dixisse,
701 4287 771 4396 qni
798 4293 872 4398 pro
899 4282 1341 4396 magnitudincdicunt
1364 4313 1451 4370 esse
1474 4283 1668 4393 positum.
1790 4365 1792 4370 ,

256 4415 338 4505 Sed
366 4418 598 4536 econtrario
626 4421 899 4528 respondeat:
930 4419 1147 4520 Quomodo
1176 4402 1314 4528 potest
1339 4418 1418 4503 iste
1440 4417 1598 4528 prinms
1624 4417 1667 4498 ia

217 4611 219 4614 -
257 4547 349 4632 loco
377 4549 532 4634 ordinis
559 4578 659 4652 esse,
687 4578 781 4634 cum
805 4552 974 4636 inferius
992 4552 1093 4636 dicit
1117 4551 1159 4637 S.
1176 4551 1445 4636 Benedictus:
1475 4548 1670 4658 erigenda

258 4687 320 4764 est
342 4681 486 4770 scala?
523 4681 619 4766 dum
640 4683 805 4792 quando
833 4683 935 4766 dicit
962 4684 1149 4770 inferius:
1180 4684 1291 4768 scala
1319 4663 1515 4794 sagonen
1532 4691 1608 4785 cst,
1626 4687 1694 4764 ct·
1821 4743 1823 4748 -

257 4816 406 4899 iterum
424 4815 552 4901 dicits
578 4811 739 4924 'primus
764 4815 1009 4900 hamilitatis
1031 4818 1184 4926 gradus
1198 4825 1272 4918 est,
1299 4825 1399 4902 tuae
1415 4817 1493 4898 iste
1515 4813 1671 4925 primm
1728 4851 1730 4854 ·
1872 4891 1877 4926 ,

259 4978 343 5034 non
369 4947 411 5032 in
435 4947 578 5032 ordine
605 4955 682 5051 est,
709 4949 779 5032 scd
795 4976 871 5058 pro
895 4949 1194 5058 nregnitudine.
1222 4941 1409 5061 'Insuper
1432 4948 1510 5032 ista
1532 4945 1669 5045 claris,

259 5110 365 5192 quae
409 5079 581 5168 dicitnr:
626 5081 693 5168 Dc
727 5082 1021 5186 taciturnitate,
1062 5111 1145 5167 non
1186 5081 1381 5168 convenit
1422 5080 1481 5166 illi
1523 5080 1670 5191 primo,

110 5272 112 5278 ν
259 5245 352 5302 eum
382 5215 451 5301 ilic
480 5216 635 5326 prinms
664 5215 716 5301 dc
746 5215 982 5304 obedientia
1010 5222 1053 5302 et
1081 5215 1314 5303 humilitate
1341 5215 1484 5316 dicut,
1522 5217 1566 5300 ct
1592 5212 1670 5299 hoc
