3930 5788
358 325 360 332 y
400 217 484 304 574
709 257 714 276 ·
981 211 1069 304 cup.
1089 171 1220 292 uxuu‘
1254 276 1278 305 ¹.

257 521 260 528 ,
401 437 473 518 curt
499 431 661 522 odedire
685 429 850 542 malae
874 432 1000 534 nolit,
1026 431 1340 538 manifestatur,
1367 430 1479 544 quod
1513 430 1594 517 'ute
1629 431 1812 517 aucerdoa

400 589 475 674 per
493 567 604 650 'octo
632 561 785 674 grrdus
824 561 919 646 duci
957 560 1101 663 debet,
1127 588 1213 646 nou
1252 587 1328 670 per
1361 567 1542 672 septem,
1567 561 1675 646 sicut
1709 559 1812 644 nlius

401 690 629 776 monachus
663 719 750 776 nou
788 690 989 790 mcerdus,
1005 689 1039 798 ¹)
1077 690 1105 778 i.
1133 717 1169 780 c.
1206 688 1364 802 primus
1391 691 1546 800 gindus
1571 699 1637 774 eat
1661 696 1813 773 secmta

401 822 654 924 admonitio,
682 822 885 908 secundus
923 820 1090 932 publiea
1125 820 1353 932 correptio,
1381 822 1529 908 tertius
1567 817 1719 933 gradus
1750 825 1813 902 est

402 955 774 1040 excommunicatio
797 955 985 1064 simplex,
1013 957 1186 1064 quartus
1202 958 1265 1036 cat
1286 951 1424 1038 nimiis
1435 951 1618 1061 jejuniis,
1644 949 1810 1060 quintus

303 1094 307 1103 '
403 1084 556 1196 grudus
583 1091 659 1188 est,
687 1088 722 1170 si
742 1085 893 1195 diguus
910 1091 985 1186 est,
1014 1083 1237 1194 flagellum,
1264 1091 1403 1170 'sextus
1418 1085 1570 1196 grndns
1587 1089 1650 1168 est
1671 1083 1813 1182 oratio,

359 1211 364 1222 ’
401 1216 599 1336 septimus
627 1217 855 1327 episeopus,
883 1215 1031 1300 deiude
1052 1215 1249 1325 expulsio.
1302 1215 1395 1300 Hoc
1420 1221 1557 1300 cutem
1580 1213 1691 1326 quod
1715 1213 1814 1296 dicit

197 1352 202 1362 '
251 1409 256 1417 -
400 1347 440 1429 si
473 1345 594 1441 srrddi
631 1354 702 1428 aut
738 1349 899 1432 obedire
936 1345 1037 1431 erodit
1066 1394 1118 1410 -
1152 1345 1270 1456 quusi
1306 1346 1484 1431 diceret:
1524 1347 1560 1430 ai
1596 1348 1812 1430 contumax

401 1477 538 1562 luerit.
596 1478 714 1577 erod
744 1481 852 1564 euim
891 1477 992 1562 dicit
1026 1503 1108 1562 nou
1145 1477 1356 1579 sacerdos,
1400 1477 1475 1561 sed
1512 1475 1673 1561 rebellis
1700 1473 1812 1579 judi·

401 1613 529 1707 cetum
571 1657 626 1678 -
655 1610 819 1694 rebellis
858 1610 969 1694 euim
1008 1610 1139 1719 ipsum
1177 1607 1376 1692 malitiam
1408 1607 1573 1720 proprie
1599 1602 1814 1716 signifieat,

330 1810 335 1818 .
401 1741 564 1825 rebellis
594 1771 690 1825 vero
718 1742 869 1827 dicitur
896 1744 1118 1852 superbum
1146 1771 1243 1826 uam
1270 1741 1314 1824 in
1342 1739 1422 1826 hoc
1444 1740 1537 1826 loco
1555 1735 1718 1822 rebellis
1740 1762 1813 1842 pro

401 1874 578 1983 superbo
597 1874 777 1984 ponitur,
805 1873 904 1976 sive,
932 1879 980 1956 ut
994 1872 1137 1958 Servio
1155 1874 1302 1982 placet,
1326 1871 1490 1955 rebellis
1512 1871 1662 1954 dicitur
1678 1865 1811 1960 homo,

402 2007 492 2115 ipsu
522 2033 618 2089 vero
632 2029 633 2034 ‘
647 2034 711 2090 res
739 2003 933 2104 rebellio,
962 2033 1047 2088 non
1076 2004 1302 2090 rebellatio.
1359 2003 1560 2113 Superbia
1587 1998 1739 2084 attinet
1764 1996 1813 2078 ud

329 2169 336 2188 ·
401 2136 525 2238 illud,
554 2136 589 2220 si
617 2136 710 2244 plus
737 2135 866 2244 petit,
894 2163 1016 2245 quam
1046 2134 1310 2244 dignoscat,
1338 2135 1464 2220 elatio
1496 2140 1634 2219 nutem
1672 2128 1724 2214 ad
1753 2128 1814 2210 in·

404 2265 613 2352 flutioueru
642 2267 806 2366 attinet,
836 2267 865 2355 i.
893 2295 930 2355 c.
957 2266 991 2350 si
1020 2295 1095 2376 pro
1124 2266 1243 2352 bouis
1269 2265 1354 2350 suis
1381 2266 1485 2350 ulios
1512 2263 1699 2372 despicit.

956 2485 1058 2592 Cap.
1087 2483 1269 2571 LXIII.

706 2663 775 2742 DE
803 2662 1003 2742 ORDINE
1030 2663 1508 2744 CONGREGA'I'IONIS.

446 2859 450 2868 ·
512 2810 722 2896 Hactenus
758 2806 807 2892 B.
838 2808 1087 2894 Benedictus
1123 2811 1230 2894 dixit
1274 2811 1507 2920 specialiter
1536 2809 1581 2891 in
1609 2837 1682 2909 eo,
1709 2805 1814 2916 quod

402 2943 514 3054 prius
542 2941 649 3025 dixit
677 2941 831 3025 noviter
856 2940 1018 3024 coricus
1045 2943 1103 3026 cd
1143 2945 1506 3046 coronersotioreen13
1547 2937 1697 3020 deiude
1722 2934 1816 3017 sub-

395 3075 537 3188 junxit
564 3074 616 3159 de
645 3073 823 3184 paruulis
851 3077 895 3158 et
922 3073 1215 3180 sacerdotibus,
1244 3074 1315 3186 qui
1344 3075 1387 3157 in
1415 3071 1665 3158 monasterio
1693 3067 1809 3155 hubi·

401 3215 492 3292 turo
527 3207 757 3310 volueriut,
785 3213 829 3292 et
865 3208 917 3292 de
955 3207 1167 3290 monachis
1202 3207 1430 3318 peregrinis
1466 3213 1510 3289 et
1535 3199 1811 3288 sacerdotibus

261 3332 265 3340 ’
400 3337 663 3436 monosterii3
700 3343 745 3424 et
781 3367 890 3424 uurrc
927 3337 1144 3448 subjunxit
1180 3339 1231 3423 de
1259 3345 1351 3425 toto
1378 3365 1549 3446 corpore
1582 3333 1813 3419 monasterii

324 3459 327 3466 ¹
403 3471 664 3582 generaliter,
694 3499 787 3555 cum
815 3469 917 3555 dicit
944 3469 995 3552 de
1022 3469 1168 3556 ordine
1194 3469 1546 3580 congregationis.

513 3601 730 3710 Sequitur:
762 3599 937 3685 Ordines
964 3625 1061 3683 suros
1087 3601 1131 3683 iu
1155 3601 1400 3685 coonusterio
1426 3601 1486 3684 ito
1508 3602 1748 3697 miremort,
1777 3599 1815 3677 ut

257 3743 263 3754 ’
403 3731 717 3816 coerceo-sationis
743 3737 898 3836 tenpus
919 3738 956 3814 et
981 3733 1087 3814 citae
1112 3731 1295 3840 riserito²l
1324 3731 1532 3830 disceruit,
1560 3736 1677 3836 rrtqrrc
1694 3726 1817 3812 colas

401 3861 652 3948 coristituerit
674 3909 721 3924 -
744 3863 859 3972 qussi
885 3861 1060 3946 diceret:
1090 3861 1159 3944 Sic
1180 3861 1334 3944 debent
1358 3858 1506 3944 iratres
1534 3858 1699 3941 ordines
1725 3883 1816 3937 suos

402 3992 634 4093 custodire,
663 3993 770 4077 sicut
805 3993 990 4078 conversi
1027 4003 1148 4094 suut,
1178 3989 1286 4122 lue.
1322 3991 1593 4082 intrauerunt,
1610 3990 1653 4070 iu
1681 4015 1818 4070 mona·

403 4127 587 4230 sterium,
615 4129 659 4209 et
688 4125 797 4210 vitae
826 4126 1033 4224 meritum,
1063 4123 1105 4208 h.
1128 4153 1164 4210 e.
1189 4125 1311 4233 juxta
1329 4123 1439 4208 sitne
1462 4123 1667 4223 meritum,
1694 4123 1817 4228 utque

142 4261 151 4280 ‘
308 4249 532 4348 &obbas
558 4257 845 4359 constituerit,
875 4256 916 4346 h.
947 4285 982 4344 e.
1013 4260 1056 4338 et
1083 4255 1191 4340 sicut
1217 4257 1346 4340 abbas
1374 4253 1647 4342 constituerit.
1704 4249 1817 4333 lstud
1935 4345 1936 4348 w

402 4389 538 4491 euim,
567 4387 677 4496 quod
705 4387 881 4471 dicitur}
907 4395 1025 4495 utqrcc
1051 4387 1180 4472 oddus
1206 4388 1465 4488 corestitucrit,
1501 4385 1662 4470 duobus
1688 4382 1818 4466 modis

285 4521 289 4546 ²
404 4520 678 4629 intelligitur,
719 4516 748 4606 i.
788 4545 825 4606 e.
846 4521 977 4603 'sicut
1015 4521 1144 4604 abbas
1187 4521 1431 4628 cognouerit
1469 4520 1659 4602 meritum
1699 4517 1816 4612 vitoe,

277 4733 283 4744 ,
405 4651 503 4762 quio
538 4651 609 4735 ille
645 4649 769 4736 debet
805 4645 1053 4760 cognoscere
1093 4653 1285 4737 meritum
1326 4653 1446 4737 sitne.
1504 4649 1587 4734 Alii
1616 4656 1715 4732 suut
1752 4646 1818 4758 qui

377 4784 648 4896 ‘intelligunt
667 4783 872 4868 diceutes:
901 4785 1048 4870 tertius
1070 4786 1234 4896 gradus'
1253 4791 1316 4868 est
1342 4784 1433 4886 iste,
1463 4784 1506 4867 iu
1536 4812 1619 4892 quo
1647 4781 1817 4868 dicitur:

404 4979 669 4994 W

496 5075 524 5162 ¹)
547 5071 740 5143 llonuchus
762 5073 814 5144 cel
824 5073 998 5144 sacerdon
1046 5073 1157 5148 Codd.
1173 5071 1378 5146 Divionous.
1389 5071 1557 5161 Tegerns.
1579 5075 1618 5140 ct
1628 5067 1819 5138 uictricem.
1935 5033 1936 5054 .

363 5211 366 5218 ’
495 5183 524 5276 ²)
545 5180 724 5256 meritum.
768 5181 853 5252 cod.
875 5183 1041 5272 'l'egerua
