3960 5774
788 299 873 398 cap.
897 301 1126 380 xxxxvnr.
1341 373 1343 380 ,
1428 389 1437 414 ,
1590 306 1671 392 tro
1801 288 1804 295 ’
1899 378 1901 386 ,

141 625 143 630 ,
181 575 183 580 .
261 523 377 634 ploitt
405 546 543 608 morirer
570 521 754 630 eirrontoo
772 523 924 610 codices
948 525 997 610 do
1012 525 1256 632 bibliotheca,
1284 552 1381 636 quor
1401 554 1478 634 oro·
1498 525 1678 611 ordinem
1712 541 1727 567 ‘²

262 681 312 739 oe
339 655 491 762 intumo
519 652 665 761 leuant,
695 653 764 762 qni
787 655 941 739 oollioeo
962 659 1005 741 ln
1027 659 1156 764 cupito
1181 657 1522 766 erodruoouinruo
1545 657 1676 744 doridi
1741 653 1750 666 '

262 793 366 870 srtrrl.
409 781 452 868 Si
471 780 578 870 enirn
598 783 836 896 diligentius
854 784 932 870 boe
952 787 1176 898 eopitulnnr
1198 787 1506 890 attenderimus,
1531 777 1681 897 rnuguu

263 946 356 1028 pore
385 912 551 1026 regulae
580 913 622 998 iu
652 943 702 1000 eo
730 915 934 1001 contineri
962 915 1183 1021 iuvenitur,
1213 917 1309 1029 quio
1332 919 1364 1002 oi
1389 917 1611 1028 diligenter
1634 921 1676 998 et
1740 915 1749 930 '

263 1044 447 1134 studioso
476 1045 697 1129 rnouoobus
726 1047 805 1132 boe
822 1049 1048 1158 capitulum
1073 1051 1360 1150 observaverit,
1391 1049 1414 1134 i.
1445 1078 1479 1136 e.
1509 1049 1543 1132 si
1572 1078 1678 1132 nun·

263 1205 382 1288 quoru
414 1175 501 1260 eine
536 1177 771 1262 obedientia
808 1179 993 1264 extiterit
1032 1210 1159 1292 usqne
1187 1182 1239 1266 ud
1267 1181 1485 1265 leotiouern
1516 1185 1559 1264 et
1586 1207 1677 1262 coe·

263 1317 362 1408 tera,
401 1307 520 1392 sicuti
550 1308 591 1391 iu
622 1307 700 1392 boo
729 1309 913 1421 capitulo
943 1311 1113 1413 dieitur,
1155 1315 1399 1416 exercuerit,
1437 1312 1488 1395 do
1515 1311 1677 1420 mugnis

264 1439 452 1550 perieulis
481 1438 738 1543 liberabitur,
767 1441 794 1529 i.
823 1471 858 1528 e.
889 1443 939 1527 de
969 1447 1312 1546 murmuratione,
1347 1446 1397 1528 de
1426 1443 1498 1542 iro,
1529 1442 1579 1525 do
1608 1442 1676 1526 de-

54 1567 59 1583 ’
160 1621 164 1636 ·
264 1573 480 1675 tructione,
508 1571 558 1655 de
586 1571 686 1672 otio,
716 1570 766 1654 de
795 1573 1125 1678 verbositatibus,
1155 1579 1204 1662 de
1233 1577 1395 1678 subulis,
1424 1581 1467 1658 et
1494 1604 1598 1686 quoe
1626 1575 1676 1658 nd
1785 1613 1791 1630 ·

264 1734 349 1789 reru
380 1732 463 1787 non
497 1704 706 1812 portinent
726 1731 859 1812 noque
875 1702 927 1789 od
945 1706 1181 1812 utilitutern,
1212 1713 1253 1792 et
1276 1709 1326 1790 de
1348 1707 1516 1792 onetorio
1545 1705 1675 1806 unalis,

262 1865 309 1920 oo
349 1834 458 1946 qnod
496 1835 681 1919 diabolus
718 1862 802 1917 uon
842 1837 997 1946 poterit
1031 1868 1121 1924 eum
1161 1844 1342 1938 tentore,
1383 1839 1416 1921 ei
1446 1837 1504 1921 ita
1533 1837 1679 1921 viderit

269 1998 358 2054 euru
390 1968 610 2069 intentum,
635 1965 742 2051 siout
769 1965 940 2053 dieitur:
983 1968 1161 2054 Otioorun
1187 1970 1422 2058 monoclnun
1450 1967 1557 2052 millo
1585 1971 1680 2054 doe·

262 2125 398 2184 monos
426 2103 582 2182 teretuut
610 2105 652 2182 et
689 2097 827 2207 reliq.;
870 2095 978 2183 unde
1020 2098 1336 2212 intelligendum
1374 2103 1459 2202 est,
1497 2100 1593 2211 quio
1622 2097 1678 2183 ibi

256 2216 416 2315 ¹bonurn
449 2255 529 2311 non
561 2226 662 2331 erit,
704 2226 771 2313 nbi
801 2227 881 2314 boo
909 2227 1135 2341 eopitubun
1167 2229 1407 2342 diligentins
1436 2259 1515 2316 non
1557 2232 1679 2315 luerit

262 2361 533 2447 observatum.
594 2359 632 2445 N
638 2389 715 2445 nuo
746 2387 841 2444 voro
861 2362 976 2470 quusi
995 2361 1289 2472 iuterrugueset
1315 2363 1461 2472 uliquis
1482 2363 1523 2448 S.
1545 2359 1676 2448 Bono·

209 2585 212 2594 ,
263 2498 413 2580 dietum
444 2493 600 2576 lliceno:
639 2493 682 2575 B.
715 2491 947 2595 llenediote,
978 2497 1023 2576 tu
1048 2493 1204 2602 jussisti
1235 2493 1419 2578 luboruro
1448 2502 1491 2579 ot
1519 2494 1676 2602 legere:
1776 2501 1779 2508 ’

234 2628 358 2738 ·quid
389 2623 618 2708 iuoieudnru
649 2627 732 2726 ost,
773 2625 806 2708 si
846 2627 1067 2709 necessitas
1102 2631 1165 2709 est
1199 2625 1249 2708 ud
1281 2623 1420 2732 fruges
1449 2628 1538 2709 ire?
1579 2625 1674 2735 quid
1758 2715 1768 2734 1,

264 2763 396 2846 iuuere
424 2755 648 2843 debemus?
689 2755 764 2840 ille
792 2785 887 2842 vero
908 2757 1021 2868 quusi
1046 2758 1292 2869 respondeus
1322 2755 1440 2842 dicit:
1475 2756 1524 2843 Si
1546 2763 1675 2841 ‹rrrteur

263 2891 480 2978 rreceositos
519 2889 594 2974 looi
631 2897 699 2974 oret
737 2898 963 2998 palmerius
1001 2891 1193 2998 creuerit,
1232 2895 1274 2972 ut
1308 2889 1365 2974 od
1398 2895 1539 2999 {bolyon
1566 2888 1677 2972 oolli-

260 3023 414 3133 yendus
438 3031 515 3126 pei·
542 3025 585 3106 oe'
613 3031 860 3128 ooerrpoubu,
899 3047 980 3106 uon
1010 3025 1307 3108 contristentur.
1365 3019 1479 3104 Istud
1508 3026 1551 3104 ut
1578 3049 1674 3104 ouu-

263 3154 357 3237 suliu
386 3159 469 3251 ent,
514 3180 595 3237 uun
637 3152 933 3252 similitudino,
973 3157 1016 3236 et
1051 3151 1299 3256 intelligitur·
1330 3161 1501 3257 propter
1525 3159 1676 3260 libyn,

263 3282 378 3394 quuui
408 3281 582 3366 ‹liueretr
625 3281 659 3365 ui
690 3283 907 3368 uooessituu
936 3290 998 3366 eut
1038 3292 1205 3392 propter·
1245 3283 1381 3392 fruges
1411 3282 1676 3390 colligendus,
1718 3277 1723 3288 “

265 3445 346 3499 nun
376 3414 531 3498 debent
568 3412 736 3497 lectioni
766 3441 910 3500 vacare
948 3442 1022 3500 neo
1055 3415 1252 3516 dornnre,
1291 3415 1361 3498 uod
1391 3413 1599 3510 laborare,
1636 3419 1678 3493 et

263 3546 333 3628 dut
362 3543 702 3646 consolationem,
732 3571 823 3628 oum
853 3546 1011 3629 subdit:
1040 3573 1118 3630 uon
1139 3547 1433 3646 contristentur,
1462 3543 1557 3649 quio
1586 3549 1677 3624 buu

262 3701 350 3760 uero
370 3673 554 3760 nrornrobi
570 3680 673 3774 ureret,
702 3673 743 3758 ei
765 3675 901 3761 laboro
924 3703 1115 3762 ortornuun
1132 3703 1298 3763 setorrun
1318 3677 1466 3763 uiuunt.
1527 3671 1580 3758 nn
1600 3673 1677 3755 buo

192 3911 197 3921 .
262 3805 471 3891 soiendnnr
502 3809 583 3904 est,
615 3804 712 3914 quio
742 3832 814 3916 per
842 3805 941 3910 boe,
980 3807 1091 3918 quod
1120 3807 1221 3892 uicit
1248 3805 1304 3890 ud
1328 3805 1488 3914 libyen,
1527 3804 1677 3886 intolli-
1942 3833 1943 3922 3

261 3937 394 4044 geudu
423 3940 486 4018 est
515 3933 639 4018 utiuru
670 3935 752 4020 ulio
782 3936 1014 4041 uticensibus,
1046 3966 1151 4048 quun
1180 3935 1300 4022 ninris
1330 3933 1546 4036 ineurnbit,
1574 3963 1677 4044 quun

261 4068 411 4150 dillbrri
443 4093 526 4149 non
556 4069 692 4174 putent
721 4094 794 4150 nuc
824 4067 1074 4178 oxupooturi,
1112 4066 1219 4152 sieut
1259 4075 1321 4152 eut
1349 4069 1511 4151 doruuur
1554 4061 1675 4148 iubri-v

261 4223 364 4300 eure,
393 4195 487 4306 quin
518 4222 603 4278 non
633 4203 708 4297 est,
737 4194 807 4281 nbi
837 4195 1065 4298 dormiunt,
1096 4195 1376 4282 molendinum
1407 4195 1551 4295 irruere,
1581 4195 1677 4302 quin

261 4335 456 4430 nonest,
500 4327 570 4411 ubi
600 4326 802 4431 molatur,
843 4327 929 4412 sire
958 4333 1000 4412 ot
1028 4329 1141 4438 ligna
1174 4325 1363 4412 incidero.
1422 4323 1536 4408 Istud
1567 4325 1676 4406 enirn
1777 4368 1784 4382 -

260 4483 359 4564 vero,
389 4457 499 4569 quod
529 4457 691 4561 dieitur,
722 4485 807 4542 non
838 4456 1084 4568 intelligitur
1112 4457 1167 4541 ob
1186 4457 1264 4541 hoo
1292 4483 1398 4566 voro,
1423 4460 1469 4538 ut
1498 4453 1570 4556 illi,
1602 4453 1671 4564 qui

260 4589 425 4674 lectioni
454 4595 622 4693 vocent,
665 4617 750 4674 non
779 4588 864 4673 rint
892 4587 977 4704 ueri
1007 4585 1220 4690 monaehi,
1260 4585 1331 4671 eod
1360 4584 1675 4694 intelligendum
1700 4611 1711 4640 ¹

260 4727 339 4824 est,
391 4721 488 4832 quio
527 4747 603 4830 pro
641 4719 922 4805 consolatione
963 4716 1040 4802 hoo
1076 4717 1203 4817 dixin
1254 4715 1366 4801 uerbi
1405 4714 1541 4824 gratio
1581 4713 1679 4824 quio
1766 4819 1769 4824 Ι

259 4851 455 4959 coguovit
484 4849 531 4941 B.
561 4849 831 4952 llenedictnn,
875 4875 961 4933 osse
989 4845 1142 4934 ditioro
1172 4845 1420 4959 ruouuotoriu
1449 4851 1491 4927 et
1522 4871 1677 4953 ponpo-

259 4975 379 5084 riora,
408 4978 502 5068 ideo
532 4979 683 5092 [eninr]
712 4977 925 5066 monacbis
951 4975 1109 5061 inillis
1139 4975 1410 5074 monasteriis,
1448 5001 1553 5084 quae
1581 4979 1679 5058 suut

259 5107 408 5196 ditiora
425 5118 469 5195 ut
491 5115 665 5221 poruuut
683 5139 769 5198 eene
791 5107 938 5197 intenti
964 5105 1337 5218 utrulio'opiritnuli,
1367 5102 1482 5200 dicit.
1511 5105 1674 5189 leetioni
1737 5093 1742 5124 '

186 5231 189 5238 ’
259 5225 401 5366 tooure
430 5247 472 5324 et
488 5239 648 5352 uporuri
670 5269 741 5354 por
760 5239 923 5340 bornum
952 5235 1022 5350 qui
1043 5237 1075 5322 oi
1096 5265 1255 5348 uorrruer
1274 5237 1443 5354 lnotioni
1463 5244 1666 5336 vuoureut,

238 5531 266 5618 l
