3930 5788
857 157 859 162 ·
894 118 978 210 Cep.
1001 117 1072 191 ΙΝ.
1193 129 1195 132 ’
1608 127 1688 210 517
1747 121 1757 136 '

286 334 461 436 urceatim
503 360 632 440 apae
666 341 799 420 tarrrcn
836 333 977 418 abbate
1012 361 1169 440 sonrcpor
1206 337 1479 422 corrsidcretnr
1506 336 1581 422 illa
1607 365 1699 421 sorr·

284 466 407 553 tentia
435 470 595 550 actrrnaa
622 461 903 570 repostoloann,
932 464 1029 572 prtia
1057 464 1233 549 dabatur
1261 465 1446 574 sirrpnlie,
1471 474 1595 574 prout
1614 469 1699 553 cni·
1753 535 1754 540 Ν

284 624 357 706 pac
394 622 494 702 opens
532 598 632 680 erat.
697 591 766 700 Ito
805 619 898 700 arpo
943 597 978 676 et
1018 594 1145 678 retbere
1184 597 1406 680 consideret
1442 597 1698 704 infirmitates

286 726 569 832 indipcntiarn,
599 750 677 808 noa
707 723 859 807 ercolano
887 721 1126 808 volcentateon
1156 724 1429 810 inevidentinra.
1487 729 1542 812 Ia
1572 730 1699 814 orrrrci·
1757 737 1760 742 '

37 824 47 882 ³¹
132 871 134 876 '
285 859 357 940 bne
385 863 518 939 tannen
542 854 712 960 judiciis
739 856 827 939 ercis
847 851 928 936 Dei
959 855 1255 939 rolrilndioaonr
1280 856 1430 962 copitet.
1475 858 1565 944 Hoc
1587 886 1696 960 vera,

181 1013 184 1018 ’
282 985 391 1097 quod
421 984 521 1069 dicit
559 989 789 1090 [reprendar
815 986 1038 1070 scrutanda
1065 993 1160 1069 saort
1188 983 1286 1068 lecta
1316 986 1367 1069 ab
1406 988 1570 1091 abbate,
1615 990 1694 1074 isto

281 1120 403 1204 mado
433 1117 554 1201 debet
582 1115 689 1200 fieri:
728 1117 850 1200 alane
878 1114 1001 1216 enim,
1031 1115 1196 1225 quando
1226 1117 1450 1225 capitulum
1483 1121 1542 1220 fit,
1575 1122 1696 1205 debet

281 1251 412 1335 dicere
441 1247 588 1336 abbas:
633 1246 751 1347 Quod
790 1246 1003 1332 debuimus
1047 1247 1157 1330 enim
1194 1248 1349 1354 iacere,
1379 1277 1462 1332 non
1506 1250 1693 1348 fecimus,
1857 1275 1858 1278 ‘

282 1411 350 1466 vos
381 1379 488 1463 enim
517 1379 662 1461 fratres
692 1375 890 1460 debuistis
918 1376 1160 1476 admouere,
1192 1383 1240 1460 ut
1269 1377 1514 1468 fecissemus.
1572 1383 1695 1464 Oum·
1828 1455 1832 1472 ,

281 1542 359 1622 qne
388 1508 674 1619 responderint
702 1507 866 1594 iratres:
897 1513 1039 1607 Quae?
1068 1506 1191 1591 debet
1211 1508 1361 1605 dicere:
1392 1509 1497 1595 lecta
1520 1513 1692 1597 fratrum

281 1641 557 1725 debuissemus
595 1636 793 1744 scrutari3
828 1638 917 1744 jam
947 1637 1043 1746 quia
1071 1636 1225 1722 iactum
1257 1667 1339 1722 uon
1370 1639 1472 1740 tuit,
1501 1640 1694 1726 debemus

280 1773 411 1855 iacere
431 1769 563 1855 modo.
608 1767 724 1852 iluna
755 1767 890 1851 nullus
919 1764 1043 1849 debet
1071 1766 1180 1852 exire
1205 1770 1248 1852 in
1274 1769 1345 1853 illa
1374 1768 1476 1854 hora
1504 1769 1554 1854 de
1583 1772 1692 1880 eupi-

247 1895 249 1901 ’
278 1903 364 1985 talo
394 1897 575 2009 exceptis
603 1895 678 1999 hie,
709 1924 812 2006 quos
841 1895 968 1979 abbas
997 1896 1234 1983 decreverit.
1280 1896 1389 1981 Nam
1414 1899 1536 1984 debet
1564 1902 1690 1986 abbas

278 2033 452 2141 dirigere
493 2031 671 2141 quatuor
712 2032 785 2112 aut
820 2025 1000 2136 quinque
1034 2027 1156 2136 juxta
1193 2028 1470 2138 quantitatem
1502 2029 1689 2134 fratrum,

238 2167 244 2180 '
278 2163 379 2246 tales
418 2163 587 2260 iratres,
617 2159 687 2269 qui
716 2159 848 2243 bornae
877 2162 976 2242 snrnt
1004 2159 1347 2262 corrnersatiouis,
1378 2164 1425 2243 ut
1456 2165 1691 2244 scrutentur
1745 2268 1749 2276 ε
1901 2199 1903 2204 ·

277 2293 382 2376 lecta
418 2290 603 2377 fratrum.
664 2289 821 2374 Deinde
858 2287 893 2372 si
929 2287 1084 2398 aliquid
1118 2289 1374 2415 incurrerint,
1404 2299 1503 2376 tuno
1539 2291 1692 2374 debent

276 2421 433 2506 del'e'rre
462 2421 563 2506 illud
592 2421 841 2531 antepedes
869 2419 989 2516 illius,
1021 2419 1063 2501 in
1095 2422 1208 2532 cnjus
1239 2421 1303 2503 vel
1330 2421 1440 2532 apml
1466 2423 1582 2533 cujus
1609 2423 1689 2502 lee-

44 2507 50 2648 l
115 2641 117 2648 Α
277 2559 362 2639 tum
384 2553 596 2638 inventum
615 2552 750 2638 inerit.
782 2549 940 2646 Deinde
957 2550 1080 2637 debet
1098 2551 1225 2638 abbas
1243 2555 1499 2664 interrogare
1519 2551 1688 2636 fratrem
1824 2605 1827 2610 -

275 2685 404 2788 illum,
433 2686 543 2796 apud
571 2713 692 2796 quem
720 2682 935 2768 inventum
964 2687 1027 2767 est
1054 2682 1223 2796 aliquid,
1252 2685 1361 2796 quod
1390 2713 1461 2794 per
1481 2683 1684 2768 licentiam
1829 2801 1831 2806 Ι

146 2911 150 2920 .
276 2848 357 2901 non
395 2817 591 2903 habebat:
630 2846 735 2927 quaa
776 2824 838 2902 est
874 2825 1029 2903 causa?
1087 2816 1243 2902 Deinde
1284 2817 1317 2900 si
1348 2815 1592 2927 cognoverit
1620 2816 1689 2900 ille

275 2949 423 3052 abbas,
454 2949 565 3034 illam
606 2975 692 3033 esse
732 2975 842 3049 rem,
870 2977 993 3058 quam
1031 2947 1119 3057 ipse
1159 2947 1273 3032 dedit
1316 2947 1400 3049 illi,
1429 2957 1527 3033 tunc
1567 2948 1690 3032 debet

274 3079 428 3184 dicere,
458 3075 554 3190 quia
583 3107 662 3190 ego
691 3077 806 3180 dedi,
835 3083 878 3162 et
915 3081 1015 3162 tunc
1056 3078 1299 3163 liberabitur
1340 3079 1408 3164 ille
1450 3081 1588 3165 irater.
1646 3079 1687 3164 Si

272 3217 408 3296 antem
439 3211 565 3296 inerit
594 3209 687 3296 talis
710 3238 786 3312 res,
816 3239 937 3322 quam
963 3210 1106 3294 debuit
1130 3193 1298 3294 reddere
1325 3215 1369 3294 et
1392 3239 1476 3294 non
1496 3210 1686 3310 reddidit,
1765 3285 1767 3289 .
1877 3163 1890 3218 Ἰ

275 3341 398 3427 veluti
415 3342 692 3447 estcultellus,
717 3342 891 3443 tabulae,
916 3343 1112 3453 mappula
1128 3341 1191 3424 vel
1210 3341 1302 3425 talis
1322 3369 1398 3445 res,
1423 3370 1523 3451 quas
1547 3340 1688 3425 debuit

273 3471 501 3582 reddere,¹)
530 3473 635 3557 sieut
656 3471 755 3574 dixi,
784 3478 827 3558 et
845 3501 930 3558 non
947 3472 1136 3577 reddidit,
1164 3471 1197 3556 si
1218 3479 1280 3559 est
1307 3472 1564 3559 hebdomada
1592 3501 1686 3572 una
1762 3575 1764 3578 Ι
1873 3521 1884 3592 '.

184 3595 188 3610 '
273 3607 371 3686 tuno
398 3601 486 3687 sola
514 3603 585 3687 illa
613 3601 882 3706 confessione,
912 3633 995 3715 qua
1012 3604 1134 3689 dicit:
1164 3632 1254 3690 mea
1274 3605 1405 3716 eulpa,
1432 3601 1684 3690 liberabitur.
1796 3691 1798 3694 ,

165 3725 170 3738 ’
272 3733 316 3818 Si
345 3737 482 3818 autem
512 3735 604 3844 plns
633 3738 715 3836 est,
746 3762 796 3817 ex
825 3762 907 3844 quo
937 3734 1080 3819 debuit
1107 3735 1276 3820 reddere
1312 3747 1355 3819 et
1384 3763 1467 3819 non
1494 3734 1684 3838 reddidit,

272 3871 369 3950 tuna
397 3865 441 3950 in
469 3865 618 3952 minori
646 3865 768 3975 eulpa
794 3866 996 3950 tenendus
1025 3871 1100 3954 est.
1143 3865 1223 3952 Sed
1246 3873 1385 3951 tamen
1403 3867 1496 3978 plus
1519 3868 1684 3979 gravius
1774 3873 1776 3878 ’

270 3995 549 4110 corripiendas
567 4003 641 4102 est,
670 3995 698 4088 i.
722 4026 757 4084 e.
787 4002 861 4083 aut
883 3997 1006 4084 debet
1028 4027 1157 4085 unum
1179 3999 1354 4110 gradum
1384 3999 1693 4101 transcendere,
1733 3995 1737 4005 ’

45 4096 50 4272 ἑ
221 4213 224 4220 ,
269 4129 347 4214 hoo
376 4135 439 4214 est
465 4129 501 4214 si
528 4129 670 4244 debuit
698 4128 871 4242 corripi,
908 4134 1008 4214 tuno
1038 4130 1435 4237 excommunicetur,
1473 4135 1547 4215 aut
1576 4136 1683 4215 certe

46 4291 50 4316 ·
94 4327 97 4334 .
260 4261 310 4382 'in
341 4261 474 4372 primo
508 4260 640 4375 gradu
669 4263 762 4374 plns
799 4259 941 4346 durius
976 4263 1039 4345 est
1067 4264 1321 4373 arguendus,
1357 4263 1384 4347 i.
1414 4290 1448 4350 e.
1478 4261 1513 4346 si
1541 4261 1683 4382 debuit

270 4393 434 4503 publice
461 4391 685 4504 admoneri,
715 4394 761 4480 in
778 4395 868 4506 ipsa
885 4392 1166 4479 admonitione
1187 4393 1352 4506 publica
1376 4395 1515 4482 durius
1533 4425 1682 4508 argua-

269 4533 355 4628 tur,
395 4524 501 4612 sicut
530 4526 617 4636 ,iam
659 4525 848 4614 diximus.
906 4522 989 4610 Ubi
1026 4523 1126 4610 dicit
1165 4524 1403 4614 districtiori
1440 4527 1682 4634 disciplinae

267 4656 448 4767 reputari
481 4658 707 4768 adjaceat,
749 4659 829 4746 hoa
864 4657 986 4744 modo
1024 4658 1146 4744 debet
1185 4655 1364 4770 intelligi
1399 4659 1679 4767 pravissimae,

267 4789 374 4874 sient
412 4789 663 4878 districtiori.
721 4789 764 4876 Si
803 4797 940 4879 autem
979 4789 1141 4916 iurtim'
1162 4789 1308 4877 habuit
1326 4789 1327 4794 '
1345 4790 1457 4879 illam
1500 4791 1608 4916 rem,
1646 4791 1680 4877 si

49 5096 53 5194 ᾖ
141 5153 149 5176 ,
203 5167 205 5172 ,
356 5079 384 5172 ¹)
404 5095 496 5168 quae
518 5073 646 5152 debuit
666 5075 779 5151 reddi.
824 5073 909 5150 (tad.
932 5071 1098 5169 legemr.
