3994 5770
1394 18 1398 118 l

881 188 967 282 co·
993 189 1053 264 1v.
1283 191 1286 198 ·
1397 236 1400 291 .
1609 195 1695 280 aa·
1747 176 1813 244 '-

275 409 528 519 improbitas,
559 437 639 518 qna
668 407 845 519 proximi
869 399 1101 514 laedantur,
1131 411 1226 520 quia
1254 411 1361 496 sicut
1388 440 1535 528 corpus
1564 411 1689 496 licebat

273 569 363 625 arras
395 538 666 640 infirmitates,
696 539 756 623 ita
783 543 826 624 et
854 539 1006 641 anima,
1035 567 1206 650 quarum
1227 541 1510 625 infirmitatum
1529 539 1688 626 aninmo
1742 644 1745 650 ¹
1805 583 1809 594 ·

275 703 355 758 nna
385 689 446 756 ast
475 670 692 755 infirmitas
722 668 924 780 cupiditas
953 668 1186 774 ulciscendi,
1221 699 1342 781 quam
1372 671 1573 756 Dominus
1601 699 1685 758 non

181 861 182 864 κ
270 804 401 890 solnm
432 800 754 912 constringendo
769 801 801 912 ¹)
830 800 938 903 vult,
979 804 1026 885 ut
1063 827 1146 884 non
1188 801 1344 902 laedat,
1385 803 1456 887 seri
1485 803 1609 887 etiam
1640 809 1687 886 ut

270 943 413 1046 parata
442 935 496 1019 sit
523 933 574 1018 ad
599 932 773 1041 amplius
798 931 1112 1042 laed011a11m;²)
1142 931 1233 1016 icieo
1253 933 1368 1034 (lixit,
1399 961 1481 1018 non
1502 935 1687 1019 resistere
1736 1001 1739 1008 .

271 1065 390 1153 malo.
450 1064 504 1148 Et
532 1063 770 1175 implebitur
790 1061 831 1146 iu
860 1063 946 1166 illo,
976 1063 1044 1172 qui
1066 1061 1145 1148 lroc
1167 1067 1429 1176 pracceptum
1451 1065 1685 1182 servaverit,
1792 1073 1797 1082 '

271 1197 378 1308 qnod
410 1194 561 1280 Paulus
591 1194 711 1281 dicit:
743 1194 793 1280 Si
821 1195 1007 1280 curricrit
1035 1193 1223 1278 iniuriare
1242 1199 1345 1295 tiras,
1376 1195 1463 1279 cilia
1488 1195 1619 1299 iltrau,
1648 1200 1687 1280 si
1743 1273 1744 1278 r

266 1327 411 1412 sitierit
441 1335 603 1433 patrem,
655 1330 708 1415 cta
754 1325 843 1432 ilti,·
881 1325 953 1410 troc
988 1331 1119 1410 antem
1155 1327 1313 1434 sericus
1350 1327 1539 1412 carbones
1578 1329 1686 1436 ipris
1790 1429 1792 1434 ¹
1899 1428 1903 1440 ,

266 1485 454 1568 corrpcrcs
506 1485 630 1566 snper
672 1464 791 1566 caput
833 1459 932 1565 rjais.
1003 1455 1058 1539 llt
1100 1456 1201 1541 illud
1243 1457 1414 1573 lsaiae³)
1456 1459 1685 1570 Prophetae

226 1618 229 1626 ’
265 1590 457 1676 dicentis:
499 1591 639 1676 Hales
668 1591 873 1696 carbones,
898 1589 992 1675 secte
1021 1615 1144 1695 srqrcr
1170 1615 1251 1694 cos,
1287 1588 1371 1696 ipsi
1399 1597 1513 1676 eruerit
1541 1590 1613 1675 titi
1641 1592 1684 1675 ia
1759 1633 1761 1638 .
1792 1597 1806 1634 ·'

166 1831 170 1849 ⁴
267 1722 526 1830 adjutorium.
586 1725 788 1836 Loquitur
816 1753 948 1808 sermo
973 1721 1236 1834 propheticus
1259 1722 1572 1828 aeternalem,
1601 1724 1627 1812 i.
1649 1754 1683 1809 e.
1772 1807 1774 1812 .

265 1855 508 1958 Ecclesiam,
548 1857 632 1941 sire
661 1857 712 1942 ad
756 1885 1084 1966 unamquamque
1121 1855 1299 1940 animam
1335 1855 1518 1941 fidelem:
1559 1855 1683 1940 habes

191 1987 204 2020 ·’
262 1985 482 2087 sorbonae,
523 1985 549 2074 i.
581 2016 613 2071 e.
660 1992 877 2097 praecepta
914 1986 1117 2085 caritatis3
1161 1992 1203 2069 ot
1240 1985 1337 2096 quia
1372 2014 1446 2095 por
1486 1985 1683 2071 carbones

264 2121 482 2227 praecepta
501 2117 682 2202 caritatis
706 2119 1010 2228 intelliguntur,
1039 2118 1133 2201 serie
1149 2145 1272 2227 snper
1303 2144 1384 2218 eos,
1414 2117 1440 2204 i.
1459 2144 1492 2201 o.
1513 2117 1682 2202 observa

262 2246 331 2330 illa
362 2255 593 2358 praecepte,
623 2247 701 2359 ipsi
730 2256 851 2333 eruut
879 2249 956 2334 tibi
986 2249 1030 2332 iu
1050 2246 1314 2359 adjutorium,
1344 2247 1423 2334 lroc
1443 2252 1506 2331 est
1534 2247 1681 2335 dicero

261 2379 358 2489 qnia
386 2379 419 2464 si
449 2386 667 2493 praecepte
690 2379 872 2465 caritatis
898 2379 1188 2484 observaveris,
1217 2379 1306 2492 ipsa
1329 2383 1478 2466 caritas
1501 2380 1581 2466 erit
1602 2381 1679 2465 tibi
1724 2411 1727 2418 ·

260 2511 302 2594 in
332 2509 582 2620 adjutorium
613 2512 664 2597 ad
695 2511 1015 2597 convertendum
1034 2509 1244 2598 inimicum
1276 2517 1393 2598 tuum
1418 2514 1471 2598 ari
1498 2541 1678 2600 auroram

258 2640 438 2748 ejusdem
470 2643 668 2732 caritatis.
921 2649 924 2664 '
1512 2723 1514 2729 ,

371 2771 586 2882 Sequitur:
619 2775 826 2884 Irp'rau'um
853 2800 932 2859 noa
959 2775 1106 2880 lacere,
1136 2777 1210 2862 secl
1237 2781 1273 2860 ct
1297 2776 1451 2881 factam
1471 2775 1678 2888 patienter·

259 2905 469 2994 srrstieerc.
528 2909 644 3009 Quod
674 2916 810 2993 antem
843 2906 964 2993 dicit:
1008 2907 1215 3014 Irrjeaiaar
1243 2935 1323 2992 noa
1348 2910 1496 3014 facere,
1525 2907 1677 2991 attinet
1724 3011 1726 3016 Ι

259 3037 309 3122 ud
340 3038 431 3141 hoc,
460 3041 569 3151 quod
600 3041 720 3126 dicit:
764 3042 877 3148 Quod
904 3041 978 3124 tibi
1005 3066 1083 3125 noa
1112 3043 1175 3126 vis
1200 3041 1311 3144 fieri,
1340 3039 1417 3126 alii
1444 3066 1493 3125 nc
1518 3039 1674 3144 lecerit.
1744 3145 1747 3154 ,

261 3169 318 3254 De
348 3170 425 3257 lroc
453 3179 603 3278 antam,
635 3172 745 3284 qnod
770 3173 892 3260 dicit:
921 3173 995 3258 scat
1014 3177 1219 3281 etfaciam
1236 3173 1441 3281 patienter
1463 3172 1673 3275 serstiuere,

255 3304 378 3388 debet
408 3306 606 3416 respicere
634 3306 704 3391 ille
744 3307 795 3392 ad
836 3306 1043 3418 passiones
1072 3305 1243 3434 Christi,
1284 3312 1330 3390 ut
1371 3306 1513 3391 melius
1544 3305 1673 3414 possit
1716 3392 1720 3404 ,
1761 3333 1765 3344 ·

256 3436 424 3547 injurias
454 3440 666 3526 sustinere.
729 3480 741 3503 =
1239 3551 1242 3558 ι

364 3571 578 3681 Sequitnrz
608 3572 804 3659 Inimicus
827 3571 1006 3680 (iitiperc.
1064 3572 1159 3657 Nou
1186 3570 1296 3656 eninr
1314 3570 1437 3660 debes
1460 3570 1669 3656 inimicum

253 3699 436 3812 diligere,
475 3705 570 3814 quia
598 3702 787 3788 inimicus
817 3709 904 3806 est,
944 3704 1014 3788 secl
1044 3705 1140 3815 quia
1170 3703 1294 3789 horno
1322 3708 1405 3802 estt
1448 3730 1540 3786 nem
1571 3729 1671 3806 reru,

252 3860 374 3940 quarn
405 3833 564 3944 diligis,
605 3862 765 3944 seraper
794 3840 913 3945 optas
942 3863 1046 3936 esse;
1088 3843 1187 3920 tnnc
1216 3835 1347 3940 enim,
1389 3832 1424 3918 si
1458 3833 1675 3918 inimicum·

252 3961 402 4076 diligis,
432 3964 528 4076 quia
551 3965 737 4050 iuimicus
762 3969 837 4069 est,
866 3971 966 4052 tnnc
984 3973 1116 4080 optas,
1145 3996 1304 4078 semper
1327 3965 1537 4052 inimicum
1561 3993 1668 4065 esse;
1855 3977 1857 3982 '
1887 3987 1890 3992 ·

250 4094 319 4179 sed
351 4095 440 4183 ideo
470 4097 592 4181 debes
621 4095 831 4182 inimicum
860 4098 1044 4211 diligere,
1074 4098 1341 4210 inquantum
1367 4097 1597 4204 homoest3
1626 4097 1668 4180 in

249 4229 451 4336 quantum
481 4258 577 4315 vero
607 4229 737 4318 nialus
768 4236 843 4332 est,
873 4229 995 4316 debes
1026 4230 1150 4319 odire.
1574 4251 1580 4262 ·

361 4360 574 4472 Sequitur:
611 4360 902 4449 lltatccticcntcs
925 4389 968 4448 sc
989 4389 1069 4448 uon
1098 4363 1392 4451 remaledicere.
1450 4359 1666 4464 Sciendum
1715 4437 1718 4444 ,

250 4497 323 4616 est,
352 4493 449 4604 qnia
478 4521 560 4577 non
591 4498 654 4576 est
672 4494 933 4580 eontrarium
958 4493 1051 4597 lroe,
1080 4496 1190 4607 qnod
1212 4493 1252 4581 S.
1278 4491 1526 4580 Benedictus
1554 4492 1667 4602 dicit,
1784 4547 1786 4552 ,
1920 4611 1924 4630 ,

249 4651 332 4709 uon
362 4623 664 4731 remaledicere,
704 4624 785 4712 illis
813 4627 1041 4737 sententiis,
1070 4628 1219 4739 quibus
1247 4625 1507 4737 reperiuntur
1534 4628 1667 4720 sancti

336 4956 362 5046 ¹)
384 4953 637 5047 constringere,
661 4957 762 5030 codd.
787 4955 956 5052 Tagorae.
979 4915 1019 5033 et
1039 4957 1174 5032 Ftrsta.

333 5069 361 5158 1)
383 5067 425 5139 ut
446 5063 606 5158 amplius
629 5065 804 5142 laedatur.

217 5235 226 5252 .
279 5185 280 5188 ‘
334 5171 586 5268 ³)1suise(tt)

1876 405 1902 488 ‘a
