3968 5774
53 96 72 160 '¹
178 133 262 220 aet
372 127 375 136 ’
630 211 632 214 ,
755 125 840 221 cap.
864 123 1052 215 xuxv.⁴

178 349 354 434 tramite
381 347 434 436 ad
457 346 678 454 publicum.
720 347 778 432 Et
802 347 1137 434 hoeintnendum
1151 353 1236 436 eat:
1264 345 1351 432 aire
1368 347 1588 434 emortum

153 529 155 532 ·
179 507 340 566 aeneum
370 479 562 587 primum,
590 478 677 564 aiva
704 477 942 576 seeundum,
969 479 1013 562 iu
1037 479 1159 566 modo
1178 479 1343 564 terioris
1360 480 1510 589 ¹eulpae
1530 489 1593 566 eat

181 609 426 698 iaciendum.
466 607 671 720 Egregius
701 609 803 692 ordo
822 611 993 694 est-iate
1030 611 1166 710 ineo,
1193 611 1302 720 quod
1331 613 1444 720 prius
1473 611 1591 712 dixit,

180 744 389 852 proprium
412 767 494 837 nou
516 739 680 866 habere,
708 748 751 824 et
772 741 914 824 atatim
937 741 1171 848 subjunxit-2
1200 742 1269 826 sed
1294 742 1433 852 onmia
1453 771 1591 826 ueeer·

180 873 285 954 saria
313 901 338 953 a
367 870 749 978 patrenuouarterii
787 897 951 977 sperare
980 857 1141 967 debere,
1170 876 1213 952 et
1241 898 1350 954 raone
1381 862 1505 970 dicit,
1535 879 1592 969 ut,

180 1000 402 1082 seeundum
417 999 527 1110 quod
543 999 680 1097 habet,
701 1000 759 1080 ita
776 997 933 1082 dividat
949 997 1019 1081 ilie
1037 1000 1177 1085 abbas.
1219 997 1272 1084 Et
1285 1000 1363 1082 hoe
1379 1000 1588 1082 oriendum

180 1139 256 1236 est,
284 1131 380 1235 qnia
407 1129 512 1212 duae
529 1129 781 1211 intentiones
811 1127 1071 1234 reperiuntur
1097 1131 1143 1212 in
1166 1129 1244 1213 hoe
1267 1130 1478 1238 capitulo:
1499 1158 1594 1228 utra,
1681 1118 1686 1126 ¹

181 1290 262 1368 qua
276 1259 473 1346 admonet
489 1258 679 1368 priorem,
700 1265 747 1338 nt
760 1257 979 1366 uuicuique
993 1260 1215 1343 seeundum
1230 1260 1503 1368 indigentiam
1520 1263 1594 1344 tri·

183 1387 1594 1501 buat;altera,'quaadmouetnrdiscipulerumplueuouaeeipiat,eed

183 1523 404 1606 seeundum
419 1549 532 1606 suam
549 1521 843 1616 necessitatem,
861 1520 887 1604 i.
903 1549 937 1608 e.
953 1522 988 1604 ei
1004 1521 1096 1630 plna
1109 1522 1282 1632 indiget,
1301 1523 1391 1631 plus
1405 1525 1592 1630 accipiat,

27 1723 33 1738 .
93 1753 96 1762 .
182 1661 226 1735 et
252 1655 284 1735 ai
316 1653 448 1736 minus
472 1654 646 1761 indiget,
679 1655 813 1736 minue
833 1652 1028 1762 accipiam
1057 1659 1101 1738 et
1136 1683 1209 1737 uee
1231 1655 1300 1738 ilie
1323 1655 1445 1736 debet
1474 1656 1597 1737 irater

35 1788 39 1796 ’
182 1783 407 1892 superbire,
442 1789 476 1870 ei
509 1786 598 1894 pins
627 1785 789 1894 noeipit,
819 1793 862 1870 et
893 1811 967 1868 nee
995 1784 1067 1868 ilie
1100 1785 1225 1871 debet
1262 1814 1532 1885 murmurare,
1561 1785 1592 1868 ei
1620 1786 1642 1816 ”

185 1918 320 1998 minna
333 1917 496 2028 accipit,
515 1919 584 2002 sed
602 1917 735 2026 aragia
752 1918 907 2026 gratias
925 1916 1077 2002 referre
1094 1919 1192 2003 Deo.
1230 1919 1288 2004 Et
1302 1920 1399 2028 qnia
1415 1919 1484 2001 itte
1499 1947 1593 2028 eog-

21 2141 23 2146 ,
186 2047 312 2148 novit,
341 2075 594 2132 murmurare
621 2049 752 2146 iilum,
781 2049 851 2158 qni
882 2051 1015 2132 miuus
1042 2050 1213 2158 accipit,
1243 2059 1286 2131 et
1314 2050 1429 2134 illum
1459 2078 1596 2156 strper-

113 2221 121 2236 ·
185 2177 285 2280 bire,
315 2179 386 2287 qni
414 2179 518 2286 plus,
547 2179 639 2262 ideo
658 2179 870 2287 subjunxit
894 2179 1043 2285 legem,
1071 2209 1166 2264 enm
1185 2181 1307 2266 dicit:
1340 2181 1445 2263 Ante
1463 2181 1598 2261 omnio

184 2335 235 2392 ne
261 2311 593 2394 murmurationis
631 2310 780 2392 mulum
812 2335 893 2414 pro
929 2310 1192 2416 quelicrmqne
1228 2337 1352 2393 corno
1395 2312 1436 2392 in
1466 2309 1601 2415 atiquo

86 2507 88 2514 .
130 2489 136 2502 ‚
188 2438 449 2546 qualicunque
464 2440 581 2523 verbo
603 2438 661 2521 eet
689 2439 981 2544 aiynifimtione
1004 2449 1216 2544 ornarem,
1239 2447 1283 2522 et
1297 2439 1402 2522 dixit
1437 2440 1601 2522 distric-

42 2591 47 2600 ·
127 2672 131 2680 ¹
185 2572 281 2652 tiori
309 2567 554 2672 disciptinae
582 2569 790 2655 subdatur.
848 2569 1105 2677 Siynificntio
1128 2570 1235 2652 enim
1261 2573 1414 2653 attinet
1435 2570 1488 2652 ari
1514 2570 1602 2650 vul·

187 2706 276 2781 tum
301 2707 344 2782 et
366 2701 586 2784 incessum·
641 2697 694 2780 lit
715 2699 820 2782 bene
834 2700 905 2784 ille
927 2702 978 2784 de
992 2700 1298 2810 significatione
1319 2701 1434 2783 dedit
1455 2699 1600 2808 legem,

129 2833 283 2937 ·'qoin
327 2829 436 2914 naus
475 2829 732 2914 avennorum
777 2837 840 2914 est
882 2833 1067 2914 omnium
1109 2831 1321 2938 coguitorr
1365 2832 1459 2916 ideo
1499 2830 1602 2912 dixit

187 2961 543 3072 significationem,
572 2969 620 3044 ut
647 2988 785 3046 eoram
815 2963 903 3048 Deo
932 2964 1063 3048 malus
1092 2991 1175 3048 uon
1205 2964 1445 3072 reperiatur.

735 3159 834 3266 (inp.
867 3159 1060 3247 XXXV.

494 3341 562 3418 na
590 3341 997 3424 eumnmnrnns
1026 3297 1303 3459 coemere.

302 3489 474 3575 Fratres
501 3491 581 3612 ⁸¹7st
624 3494 789 3578 inuicem
826 3494 1029 3598 seruiunt,
1069 3502 1109 3578 et
1151 3493 1289 3578 trullus
1329 3501 1540 3578 erraretur
1577 3520 1604 3576 o

190 3628 385 3733 eoqrrinor
408 3614 674 3734 (311υόιόζήὼὶΙ
695 3633 766 3710 ortt
794 3630 1046 3734 oryritmtine
1073 3635 1145 3710 ont
1172 3654 1297 3711 caneo
1323 3628 1465 3736 yronia
1491 3625 1603 3710 utili·

192 3758 290 3840 totis
310 3757 401 3862 qnia
417 3765 630 3863 occupatus
641 3759 779 3862 lecerit,
801 3759 899 3863 qnia
913 3760 1059 3844 exinde
1080 3762 1215 3866 nrajor
1232 3785 1383 3844 rnerres
1401 3767 1438 3844 et
1451 3760 1607 3844 rariter

163 3883 424 3993 'acquiritur
458 3878 614 3973 'iubet‘
637 3890 746 3972 eninr
778 3888 827 3976 B.
858 3889 1127 3990 Benedictus,
1160 3898 1207 3973 ut
1238 3911 1378 3972 omues
1406 3891 1605 3997 coquinae
1707 3955 1711 3968 .

192 4021 372 4106 offitium
396 4023 625 4116 exerceant,
653 4024 696 4101 et
723 4019 1060 4120 mantuanam,
1088 4051 1227 4130 qnare,
1255 4049 1350 4106 eum
1384 4022 1484 4104 dicit
1510 4022 1605 4126 quio

82 4223 87 4232 .
191 4152 335 4235 exinde
363 4152 497 4254 major
525 4172 675 4231 rnerrea
712 4156 749 4231 et
786 4151 940 4233 coritas
974 4151 1223 4257 neqniritmz·
1265 4150 1428 4234 Merces
1455 4155 1607 4234 attinet

191 4283 242 4366 ad
271 4282 667 4380 remunerationem,
698 4281 851 4364 caritas
880 4311 976 4364 vero
1003 4281 1057 4365 ad
1086 4281 1348 4364 concordiam
1376 4281 1498 4366 etad
1525 4283 1609 4364 irn-

191 4423 351 4500 ternam
374 4411 649 4499 dilectionem.
691 4413 819 4506 Bene
834 4439 987 4496 meroes
1015 4415 1065 4498 nd
1086 4414 1456 4497 remunerationem
1483 4416 1609 4496 refer·

192 4553 273 4648 tur,
303 4546 401 4655 quin
429 4543 538 4628 istud
567 4545 749 4628 officinm
778 4545 980 4654 coquinae
999 4545 1180 4628 laborem
1203 4545 1343 4632 habet.
1385 4545 1609 4648 Namsunt

117 4757 124 4770 ‚
193 4677 404 4776 nonnulli,
442 4676 513 4783 qui
554 4677 686 4786 nmgie
725 4657 898 4786 cupiant
932 4676 1056 4759 uliam
1093 4676 1365 4760 obedientiam
1407 4703 1609 4776 exercere,

192 4838 314 4920 quarn
344 4809 386 4892 in
415 4809 590 4918 coquina
618 4810 769 4894 servire
799 4817 969 4921 propter
996 4808 1191 4894 laborem.
1253 4807 1305 4890 Et
1333 4808 1426 4891 ideo
1463 4805 1609 4916 [nrnle]
1666 4829 1669 4836 ·

193 4943 285 5044 ille,
324 4948 525 5052 quantum
564 4943 757 5052 majorem
797 4943 978 5028 laborem
1018 4941 1169 5042 habet,
1210 4945 1373 5024 tuntum
1412 4940 1610 5049 majorem

32 5136 34 5140 -
195 5076 566 5171 remunerationem
596 5076 706 5186 apud
735 5075 867 5160 Deum
897 5080 1180 5184 consequetur.
1223 5073 1280 5162 Et
1308 5073 1351 5158 iu
1381 5073 1458 5159 hoe
1485 5073 1608 5156 etiam
