3930 5788
205 51 208 62 ’
324 107 407 192 saa
545 98 553 112 ·
703 203 705 208 λ
889 47 1137 197 'esaum

325 321 403 424 bis,
430 321 503 433 qui
524 317 753 432 legitimum
776 323 956 406 sststem
973 319 1144 424 babent,
1169 347 1282 406 nunc
1306 312 1444 434 [roro]
1467 319 1571 407 dicit
1594 319 1736 410 dc'iu·

327 451 510 540 tuntibus
536 451 616 538 boc
636 451 878 563 capitulum,
907 453 1024 562 cujus
1049 451 1177 538 clusis
1202 457 1267 536 est
1293 452 1393 539 ists:
1427 447 1610 558 Dcfitiis
1625 455 1738 570 nobi·

327 583 427 668 tium
453 583 517 670 act
544 609 796 690 pacpmna,
821 585 895 689 aas·
920 581 1154 688 offeruntur.
1211 579 1383 669 Nobiles
1420 583 1529 668 enim
1559 583 1738 694 appellat

329 713 491 816 divites,
521 713 769 826 quamquam
798 715 1002 823 scriptura
1030 714 1169 798 dirius
1188 713 1371 826 appellet
1393 713 1553 800 nobiles
1576 714 1740 820 liberos,

325 840 427 956 onio
464 845 601 931 solent
616 877 623 890 ¹
636 845 755 932 multi
789 873 989 958 pauperes
1016 835 1104 930 s'sse
1142 845 1299 931 nobiles
1327 873 1500 954 genere,
1541 873 1592 930 eo
1630 849 1739 956 quod

331 979 381 1064 do
409 977 541 1066 nobili
573 1005 724 1090 genere
751 981 850 1062 suut
874 977 970 1063 orti.
1027 977 1083 1061 ln
1109 975 1257 1061 iterum
1286 976 1423 1061 solent
1448 975 1570 1063 multi
1597 977 1742 1062 divites

331 1109 540 1222 ignobiles
577 1137 687 1212 esso,
724 1111 751 1196 i.
780 1137 817 1198 e.
855 1107 953 1220 quio
990 1107 1042 1192 de
1078 1111 1234 1192 rustice
1270 1109 1470 1218 progenie
1505 1114 1607 1194 sunt
1641 1112 1741 1200 uati.

331 1239 451 1326 Unde
480 1239 528 1330 B.
560 1240 805 1326 Benedictus
843 1243 929 1324 sive
967 1241 1052 1323 sint
1089 1239 1245 1322 nobiles
1280 1239 1367 1322 sive
1397 1239 1621 1349 ignobiles,
1649 1240 1678 1329 i.
1705 1271 1742 1330 e.

332 1371 384 1454 de
412 1370 493 1454 iltis
520 1369 656 1471 dicit,
673 1371 744 1478 qui
773 1369 939 1454 divitias
967 1367 1146 1470 lrabeat,
1174 1378 1217 1453 et
1257 1370 1408 1454 iterum
1447 1371 1607 1454 nobiles
1644 1371 1744 1454 dicit
1825 1389 1828 1396 '

332 1501 385 1585 dc
413 1499 619 1586 divitibus.
675 1490 909 1604 Sciendum
926 1508 990 1582 est
1015 1507 1178 1601 auteur,
1207 1499 1304 1606 quis
1340 1506 1424 1582 trcs
1459 1499 1741 1585 distinctiones

334 1632 433 1716 lucit
461 1627 509 1712 B.
540 1627 803 1731 Benedictus,
835 1629 863 1714 i.
892 1657 927 1718 e.
956 1629 1155 1730 diuitum,
1186 1629 1433 1714 mediocrum
1467 1635 1511 1718 et
1538 1631 1643 1714 nibil
1669 1632 1744 1714 bu·

332 1760 531 1846 beatium.
1449 1819 1454 1826 -

447 1893 521 1978 tlit
538 1890 672 1976 enimc
703 1889 753 1976 Si
779 1892 871 1998 queis
894 1889 999 1996 [orto
1027 1893 1080 1976 de
1104 1889 1305 1975 nubilibus
1331 1891 1447 1994 offert
1471 1890 1603 1996 filium
1631 1918 1744 1975 sunus
1833 1933 1843 1960 ι

336 2021 424 2108 Deo
461 2023 504 2106 in
538 2024 801 2121 necarustcn'o,
829 2021 869 2102 si
897 2022 984 2126 ipse
1004 2049 1112 2127 μων
1137 2023 1271 2105 ηιίηον
1295 2028 1425 2106 acute
1441 2028 1532 2122 cst,
1554 2027 1745 2126 parantes

335 2157 422 2262 ejus
433 2153 592 2260 socium
603 2151 847 2258 petitionem,
869 2179 991 2260 qnam
1011 2178 1140 2258 surpra
1161 2153 1355 2254 diximus,
1383 2159 1421 2236 et
1442 2178 1531 2237 cum
1548 2151 1744 2264 oblatione

202 2327 205 2336 ¹
335 2287 473 2394 ipsam
496 2284 728 2392 petitionum
756 2291 794 2368 et
819 2309 983 2369 orranmn
1005 2289 1130 2392 pueri
1156 2285 1359 2370 introducat
1385 2286 1433 2368 tn
1454 2282 1574 2390 palla
1591 2284 1745 2370 ultoris
1817 2335 1820 2340 ·

336 2427 374 2504 et
401 2421 462 2504 sic
490 2444 577 2502 cnm
605 2418 790 2524 offenurrt.
847 2415 1023 2503 Puerum
1061 2421 1171 2503 euim
1211 2447 1294 2503 nou
1331 2417 1435 2502 dicit
1467 2417 1606 2518 illum,
1634 2417 1746 2526 cujus

178 2589 183 2604 ·
337 2556 450 2634 setus
477 2549 531 2634 ub
559 2555 709 2632 octsvo
735 2548 953 2636 inchoatur
979 2579 1117 2656 anno,
1144 2551 1216 2636 scd
1254 2551 1370 2634 illum
1407 2577 1580 2659 puerum
1619 2553 1747 2646 vocnt,

338 2681 409 2789 qni
438 2708 512 2791 por
539 2707 582 2764 se
609 2707 695 2764 nou
723 2683 861 2790 potest
886 2681 1072 2789 profiteri
1109 2683 1332 2766 secundnm
1368 2683 1524 2791 legem,
1554 2681 1746 2788 quonism

206 2811 215 2832 ⁸
305 2841 309 2852 ·
340 2815 528 2920 parentes
556 2811 644 2920 ejns
671 2813 829 2904 uiuunt.
843 2815 877 2925 ¹)
918 2817 1115 2900 Parentes
1141 2813 1251 2930 enirn
1279 2813 1468 2896 nominat
1494 2809 1748 2894 solummodo

209 2953 213 2962 '
340 2950 496 3054 putrem
527 2948 570 3026 et
598 2951 784 3045 mutuom,
812 2947 909 3056 quis
937 2954 1128 3057 parentes
1155 2943 1206 3028 de
1234 2951 1366 3026 anre
1393 2948 1437 3027 et
1463 2949 1583 3052 putre
1610 2942 1748 3026 dicun·

339 3085 410 3159 tur
436 3103 462 3158 u
490 3073 700 3184 periendo.
742 3075 860 3174 Quod
890 3078 999 3159 enim
1028 3077 1151 3159 ‹licitr
1175 3073 1335 3180 [iaciant
1355 3075 1602 3178 petitionem,
1630 3055 1749 3178 andan

340 3229 469 3310 snpra
489 3203 683 3306 «tiriaus,
713 3205 784 3288 illa
810 3206 1072 3312 intelligitur,
1101 3207 1144 3308 in
1173 3233 1256 3315 qna
1283 3205 1436 3288 dicitur
1461 3205 1514 3288 dc
1533 3203 1752 3286 stabilitate

339 3363 417 3420 sao
453 3341 492 3418 et
517 3337 773 3421 corrcersioac
799 3362 1149 3421 normannorum
1185 3342 1222 3421 et
1249 3335 1474 3452 oberticrrtia
1511 3339 1556 3418 et
1583 3334 1749 3444 reliquo.

345 3465 408 3550 no
437 3465 667 3551 iaciendum
695 3478 779 3554 est:
819 3467 969 3570 debet,
994 3471 1030 3553 si
1059 3475 1177 3580 poter
1203 3473 1267 3551 est
1294 3469 1424 3568 virus,
1452 3467 1588 3550 dicere
1616 3473 1750 3575 poton

341 3599 375 3682 si
403 3601 542 3682 autom
571 3605 760 3682 mortuus
788 3607 874 3702 cst,
902 3600 1037 3684 dicero
1064 3605 1196 3683 muter
1226 3647 1272 3662 -
1304 3627 1400 3682 num
1440 3598 1547 3681 nlius
1585 3597 1751 3706 propin·

341 3759 448 3840 quius
477 3758 561 3814 nun
590 3719 715 3814 debet
746 3777 789 3796 -
821 3729 850 3820 i.
879 3759 939 3816 c:
980 3730 1178 3815 Promitte
1213 3757 1285 3840 syo
1322 3731 1394 3816 r'tlc
1428 3755 1565 3816 curam
1593 3729 1684 3815 Deo
1715 3735 1751 3810 ct

339 3863 495 3948 suendis
528 3863 617 3970 ajon
646 3887 728 3969 sno
750 3863 840 3970 lilio
866 3889 953 3948 neco
988 3863 1040 3948 dc
1073 3863 1294 3951 stabilitate
1320 3891 1396 3949 sau
1436 3871 1474 3947 rt
1501 3863 1754 3948 mancusioac

341 4021 499 4082 ntorum
517 4020 683 4082 saronem
704 4002 824 4102 utque
843 3997 1106 4084 obatinrtiunr
1125 3996 1375 4100 tradendum
1398 4001 1442 4082 et
1462 3996 1585 4082 debet
1605 3996 1754 4081 babere

341 4129 584 4240 potitioncm
612 4129 807 4240 scriptum
837 4136 881 4213 et
910 4129 1220 4238 promissionem
1247 4129 1293 4213 in
1316 4157 1441 4213 runnu
1463 4159 1540 4242 pro
1563 4131 1651 4214 filio
1669 4159 1752 4218 suo.

342 4259 468 4344 Verbi
496 4259 647 4370 gratis,
674 4288 768 4344 cnm
796 4261 947 4346 lectum
970 4261 1095 4345 tuerit
1115 4261 1389 4373 evangelium,
1417 4263 1584 4373 qnando
1603 4264 1755 4348 debent

288 4469 293 4478 .
339 4390 511 4492 aufferre,
536 4397 760 4498 snthnsur
800 4390 1004 4500 incipiunt
1037 4389 1324 4496 Offcrtoriunr,
1363 4395 1488 4480 dubet
1522 4423 1677 4503 ponere
1712 4396 1752 4478 in

253 4583 264 4604 .
339 4519 508 4602 dexteru
545 4546 670 4602 uranu
713 4520 787 4604 tilii
822 4522 886 4603 sui
923 4521 1105 4608 oblatum
1142 4549 1236 4606 cnm
1273 4523 1489 4634 nrsppuls,
1519 4527 1563 4608 iu
1590 4527 1753 4608 sirristrs

340 4657 479 4732 numm
517 4649 697 4734 emnium
735 4653 833 4740 vini.
902 4649 1060 4734 Deinde
1097 4652 1221 4736 «lebet
1262 4653 1378 4736 illum
1420 4661 1540 4764 puter
1578 4663 1679 4738 autc
1712 4683 1754 4736 sc
