3960 5774
855 281 941 375 Gap.
965 281 1145 356 xxxxn.
1291 330 1294 336 ·
1618 285 1696 368 455

255 597 257 602 .
296 505 392 613 qnia
421 533 502 587 non
533 507 706 613 possunt
735 501 897 588 insimul
916 505 1037 613 pedm
1052 505 1216 589 abluere
1236 508 1278 589 et
1293 501 1532 590 collationes
1548 502 1695 610 legere,
1745 575 1750 586 .

290 636 357 716 aad
397 634 638 743 separatim,
667 632 693 717 i.
723 661 756 720 e.
800 635 987 744 primitus
1025 635 1144 744 peries
1186 634 1320 718 latrare
1355 640 1397 718 et
1436 631 1696 741 postmodum
1744 693 1748 703 .

289 767 436 876 legere.
495 767 571 850 Per
600 764 701 864 hoc,
729 765 838 876 qnod
869 763 970 848 dicit
1006 792 1141 872 rapum
1170 771 1239 848 cut
1265 765 1525 871 lrcptntieum,
1568 761 1697 874 sigui·
1767 749 1770 756 ’

229 955 235 968 ,
291 899 386 980 ticat
424 896 513 979 ilios
543 896 691 995 libros,
729 896 799 1006 qui
837 895 989 978 airnilcs
1017 898 1113 979 crunt
1141 895 1245 994 illis,
1277 894 1301 980 i.
1331 923 1364 980 e.
1396 895 1463 1004 qni
1494 895 1569 976 nub
1598 893 1699 976 ulic-

289 1026 439 1132 ponitis
470 1027 612 1136 figuris
647 1025 867 1137 conscripti
896 1029 1005 1107 eruut.
1068 1025 1179 1110 taturi
1218 1025 1350 1128 eninr,
1387 1025 1495 1134 quud
1525 1025 1625 1108 rticit
1661 1031 1697 1105 rt

263 1147 377 1238 ¹r'riro
406 1157 515 1238 arreni
542 1165 714 1262 tourpore
742 1161 826 1242 cicc
839 1154 992 1261 jrp'unii
1015 1155 1292 1260 oieepromiii,
1321 1155 1372 1238 rut
1391 1154 1488 1238 illua
1516 1154 1692 1264 respicit,
1750 1153 1753 1161 ’

186 1373 188 1378 .
289 1287 358 1370 ubi
388 1286 512 1372 dicit:
549 1313 636 1370 cum
665 1288 795 1372 crdiruc
831 1287 918 1370 dies
943 1285 1089 1390 licerit,
1128 1287 1236 1370 dicta
1258 1313 1423 1390 vespero
1451 1288 1510 1367 ita
1539 1291 1712 1391 uprrmr,

287 1418 393 1500 sieut
421 1415 532 1511 (licit,
562 1417 596 1501 si
626 1425 786 1526 ternpus
815 1415 940 1500 iuuerit
960 1415 1136 1520 prandii
1163 1420 1206 1500 et
1235 1416 1401 1526 reliqua.
1447 1410 1569 1498 Forte
1598 1413 1699 1499 dicit

286 1549 454 1658 aliquio:
497 1549 709 1647 cuonrado
738 1548 837 1632 illud
868 1545 1045 1656 respicit,
1075 1575 1168 1630 eum
1198 1546 1281 1630 illic
1309 1546 1574 1630 habetursua
1599 1574 1696 1628 corr·

286 1680 469 1778 structio,
499 1705 589 1762 eum
622 1679 740 1764 elicit:
782 1678 815 1762 ai
846 1684 1005 1789 tenipus
1027 1678 1180 1780 jejunii
1209 1680 1365 1790 t'ncrit't
1421 1679 1493 1763 Cui
1524 1707 1694 1788 respon·

224 1917 227 1920 ,
286 1809 461 1894 (laridum
493 1817 580 1894 aste
611 1809 864 1894 corisuctudo
894 1815 956 1894 est
983 1809 1203 1921 aliquando
1233 1809 1555 1910 doctorurnhoc,
1585 1809 1695 1919 quod

286 1941 491 2050 incapite
528 1939 755 2026 sententiae
800 1940 924 2038 dicit,
954 1941 1102 2024 iterunr
1147 1941 1190 2024 iu
1223 1941 1301 2024 fine
1342 1939 1562 2050 replicare,
1591 1939 1695 2024 aiant

285 2073 466 2178 aripertus
497 2072 686 2173 diximus,
717 2071 787 2155 ubi
817 2071 867 2152 de
897 2068 1093 2178 gradibus
1121 2071 1439 2180 exponebamna.

395 2199 606 2308 Sequitur:
649 2201 697 2284 Si
726 2203 857 2284 rrrrtem
878 2197 1029 2306 jr’junii
1057 2196 1151 2281 dica,
1170 2199 1348 2304 pirmini,
1378 2201 1491 2309 dictu
1516 2227 1693 2304 carpere,
1800 2223 1801 2226 ‘

244 2313 247 2319 ⁴
279 2355 408 2432 porro
436 2327 646 2428 irrtcreuila
684 2354 775 2412 nunu
805 2327 995 2413 ‹rcceduut
1022 2325 1079 2410 ori
1107 2325 1309 2440 lectionem
1338 2327 1612 2426 ooiirrtimmm,
1653 2335 1695 2412 ut

284 2460 489 2556 dimne-rra,
517 2464 552 2540 et
591 2455 700 2544 lectio
740 2466 910 2564 prrotuor
937 2463 1007 2546 rrrrt
1033 2459 1203 2565 quicque
1238 2459 1376 2569 siritio,
1405 2457 1464 2541 orl
1504 2464 1695 2565 puautmu

205 2594 222 2644 ·‘
283 2592 381 2674 torn
410 2589 627 2694 permittit,
659 2589 841 2673 onmitua
881 2589 923 2673 iu
963 2616 1086 2674 rrrrruu
1119 2589 1441 2674 conuenientibus
1479 2616 1554 2692 per
1592 2587 1695 2670 leuno

285 2747 437 2803 rrumnm
467 2716 655 2800 lanionia.
715 2715 770 2800 lut
809 2717 884 2800 hoc
925 2717 1134 2804 sciarniurn
1178 2727 1264 2815 oet,
1305 2719 1400 2828 quin
1442 2718 1550 2802 icturi
1581 2719 1690 2829 quod
1763 2727 1765 2732 '

285 2849 404 2933 dicit:
435 2849 473 2930 si
509 2853 665 2951 ternpus
702 2846 850 2948 jejunii
887 2848 1036 2951 licerit,
1067 2846 1318 2952 parcissimo
1356 2847 1563 2931 interuotto
1600 2875 1692 2930 rrrou
1729 2873 1730 2876 ‘
1767 2845 1771 2855 '

282 2979 470 3060 rrcccrinnt
499 2979 554 3061 od
582 2975 783 3058 tectionem
814 2977 1080 3076 collationum,
1113 2981 1159 3059 ut
1183 2977 1370 3078 diximus,
1400 2977 1481 3060 tulo
1498 2979 1586 3062 vult
1605 2978 1690 3062 tiori

285 3109 569 3210 intervalium,
600 3106 765 3216 querulo
803 3135 958 3206 coena,
987 3105 1107 3216 qrrale
1149 3107 1313 3215 quaudo
1343 3136 1427 3190 non
1456 3138 1608 3206 coeno,
1638 3111 1691 3192 ab

284 3238 370 3347 ipsu
401 3266 565 3346 vespera
595 3235 800 3346 usquead
830 3235 1072 3320 collationes
1102 3236 1314 3346 legendus,
1339 3238 1363 3323 i.
1394 3270 1427 3325 e.
1458 3239 1515 3322 aie
1534 3240 1690 3346 grande

282 3367 538 3488 intervallum
570 3369 691 3452 olebat
719 3397 805 3452 erac
834 3367 924 3480 ipsu
951 3395 1097 3468 coena,
1138 3363 1257 3478 quale
1286 3377 1374 3466 eet,
1415 3371 1578 3476 qnarnio
1608 3398 1689 3452 non

282 3506 471 3586 coenant.
604 3501 608 3510 '

391 3630 603 3742 Sequitur:
636 3630 685 3716 Si
712 3627 804 3734 prtia
829 3632 933 3733 torte
950 3627 993 3710 iu
1012 3628 1220 3736 accipiunto
1248 3628 1326 3712 eibi
1346 3625 1555 3713 corronium
1567 3629 1690 3732 feeerit

282 3770 505 3868 occupatur,
535 3767 730 3848 occurrat.
779 3761 926 3846 Omuea
954 3786 1046 3870 erpo
1083 3759 1127 3843 in
1154 3787 1278 3846 unum
1305 3759 1429 3864 positi
1457 3759 1689 3862 ‹rorrrpteunt

283 3889 336 3973 Iu
365 3893 585 4000 (recipiente,
616 3893 641 3980 i.
671 3923 704 3977 a.
737 3891 934 4000 injuncto.
997 3891 1114 3990 Quod
1144 3897 1280 3976 autern
1311 3891 1409 3977 dicit
1438 3915 1572 3972 ornnes
1600 3916 1690 3995 erpo

284 4020 323 4101 in
355 4051 476 4108 uuum
500 4024 627 4128 positi
657 4018 903 4128 compleant,
944 4020 1268 4105 subaudiendum
1298 4029 1381 4136 ent:
1419 4026 1580 4130 praeter
1607 4050 1688 4118 eos,

282 4151 349 4260 qui
382 4181 461 4236 non
495 4155 666 4262 posmrnt
694 4179 918 4252 occurrero,
949 4150 1077 4235 veluti
1100 4158 1163 4236 aet
1186 4149 1401 4261 portarius,
1431 4149 1689 4248 infirmarius,

280 4281 311 4364 ai
343 4283 753 4396 praeoccupationem
785 4281 987 4367 imbuerit.

244 4426 246 4430 ’
315 4507 319 4518 ,
389 4415 607 4526 Sequitur:
648 4413 706 4502 Et
735 4418 919 4499 carnutes
947 4441 974 4496 a
1014 4410 1263 4518 corripieturio
1300 4409 1412 4496 territa
1448 4411 1502 4495 ait
1529 4407 1690 4492 lieentia

279 4547 407 4634 derruo
459 4547 643 4656 arrianum
696 4547 804 4656 loqu
855 4545 1023 4654 aliquid.
1106 4545 1218 4652 erod
1258 4546 1298 4629 ai
1343 4543 1523 4626 incrinus
1565 4538 1691 4644 licerit

280 4677 513 4794 protomartir,
558 4677 663 4766 iruna
699 4575 983 4788 proicericnri
1024 4677 1311 4766 taciturnitatis
1348 4673 1549 4781 reputem,
1590 4700 1689 4780 pra·

271 4809 384 4926 tutori
428 4809 627 4897 vindictae
668 4811 873 4915 arrtjoecat
888 4873 898 4913 ,
948 4815 1106 4916 (acepta
1152 4807 1190 4891 ai
1234 4806 1450 4891 rrceraaitns
1489 4805 1689 4910 hospitum

279 4944 551 5044 arrperocncrit
588 4949 656 5026 rua
681 4947 786 5048 sorte
829 4942 955 5026 attae
994 4937 1149 5050 aliquid
1193 4935 1317 5022 alicui
1349 4935 1543 5044 jersserit,
1585 4937 1689 5042 quod

278 5075 410 5158 trunca
442 5080 478 5159 et
521 5073 655 5180 ipsmn
684 5103 772 5160 eum
807 5071 1006 5184 praecata
1033 5077 1069 5156 et
1106 5067 1375 5157 rrroricrutionc
1414 5067 1689 5174 turreatirsiruc

276 5201 366 5304 fiat.
423 5205 640 5290 Sciendum
672 5211 734 5290 eat
763 5204 885 5312 euim,
914 5201 1129 5315 quiahoc,
1158 5201 1267 5314 quod
1292 5199 1412 5286 dicit:
1442 5199 1478 5288 ct
1504 5207 1690 5287 exeuntes
