3968 5774
798 173 883 268 cap.
908 167 1103 248 xxxvrn.
1572 171 1650 263 431

248 390 454 504 usquead
485 397 641 501 pentem
674 392 874 492 nltimam,
904 422 1008 503 qnae
1037 393 1159 478 debet
1188 422 1258 505 per
1286 392 1653 504 interrogationem

249 525 338 610 dici.
406 522 466 604 lbi
505 549 681 632 crurisque
716 523 840 606 debet
878 523 964 606 lieri
994 531 1092 606 nota
1129 523 1409 632 interrogandi
1440 525 1552 608 itur?
1584 523 1656 608 sed

249 659 354 740 iuter
399 679 538 736 vocem
581 653 865 762 interrogandi
895 645 1106 736 atrocem
1146 659 1264 737 acute
1305 651 1536 762 proferendi
1578 653 1658 736 ista

249 786 370 870 debet
403 813 491 868 esso
530 783 784 882 differentia,
826 785 852 870 i.
883 813 918 869 e.
948 812 1040 868 cum
1080 783 1349 894 interrogatio
1389 785 1511 868 debet
1554 786 1654 884 lieri,
1699 873 1700 876 g

247 915 333 1000 sola
361 914 506 998 ultima
534 913 691 1024 syllaba
717 913 1030 1024 partisaeuitur
1053 915 1168 1023 qnasi
1191 913 1453 1023 increpando,
1483 915 1551 998 sed
1572 943 1656 997 urm
1733 941 1745 1030 j

166 1119 176 1140 .
250 1045 381 1144 rriuris,
410 1044 489 1127 hoc
519 1051 603 1129 est:
636 1045 733 1148 err'e
762 1041 965 1128 accusabit
992 1043 1188 1127 erinaceus
1227 1041 1366 1128 eiectos
1393 1043 1512 1128 Dei?
1553 1045 1654 1129 Cum
1769 1050 1771 1054 ’

246 1187 380 1262 aratam
411 1174 545 1262 media
573 1176 784 1260 distinctio
813 1172 936 1258 debet
965 1173 1045 1256 dici
1068 1200 1160 1258 curu
1177 1179 1312 1274 rccrrto,
1343 1203 1471 1284 paene
1493 1206 1518 1258 u
1542 1176 1655 1282 prin·
1718 1245 1719 1250 a
1830 1160 1842 1292 ἰ

142 1295 147 1306 ’
245 1308 350 1414 cipio
380 1303 506 1414 prutis
535 1305 732 1390 clovrnula
760 1311 823 1389 est
852 1331 929 1388 vox
959 1332 1105 1389 sonrun
1141 1305 1346 1404 coirando,
1375 1305 1402 1392 i.
1433 1333 1467 1392 o.
1500 1304 1654 1388 liuidus

243 1441 317 1536 uir,
347 1436 416 1542 qui
444 1460 523 1518 uon
552 1436 653 1519 adiit
681 1436 724 1518 iu
753 1434 918 1519 corrsilio
947 1434 1174 1540 iuratorum.
1228 1433 1446 1520 lloirrdc'si
1467 1435 1655 1518 verrerint

243 1567 469 1652 surrteutiuo
496 1566 600 1650 ‹irrao
631 1567 694 1650 vel
724 1571 806 1652 tres
834 1570 908 1650 aut
930 1563 1035 1672 plus,
1065 1593 1170 1674 quac
1199 1568 1389 1652 vidrmtur
1417 1568 1493 1650 surb
1524 1568 1654 1650 iuter·

244 1698 457 1807 regrationo
485 1696 685 1806 prot'erri,
725 1698 760 1781 si
789 1694 981 1780 habuerit
1010 1721 1276 1805 rrrrrrquuequc
1304 1697 1509 1780 seruantia
1537 1724 1652 1780 surram
1755 1699 1757 1702 ’

243 1828 476 1924 clausulam,
506 1829 531 1913 i.
562 1859 596 1912 e.
629 1829 810 1928 uerbum,
840 1831 939 1910 tuae
960 1853 1033 1934 per
1052 1807 1381 1937 unamquamque
1404 1827 1650 1911 sententiam

242 1961 362 2044 «lebet
392 1960 477 2044 lieri
507 1958 793 2068 interrogatio,
824 1954 950 2040 veluti
980 1962 1046 2040 est
1071 1955 1169 2041 lma:
1202 1955 1388 2056 Doruiue,
1418 1957 1510 2064 orris
1538 1958 1653 2042 irriti·

242 2091 339 2175 trudit
367 2090 411 2172 iu
439 2088 695 2172 tuduruocrdo
722 2087 826 2170 tiro?
851 2093 920 2172 ‹uu
947 2087 1039 2192 ursis
1064 2086 1277 2192 rrurricsuet
1298 2088 1342 2169 iu
1362 2099 1490 2171 irrorate
1513 2097 1650 2172 surreio

242 2223 338 2304 tero?
381 2220 498 2322 licce,
528 2221 922 2328 ruria'uuaqnaeque
950 2218 1155 2302 sordentia
1184 2217 1330 2338 lraluuit
1359 2219 1655 2304 surarnclausu-

242 2353 336 2454 lum,
364 2353 390 2434 i.
420 2379 454 2438 e.
487 2351 679 2448 verbum,
717 2348 809 2432 ideo
846 2343 926 2457 per¹
945 2349 1150 2458 sirrgnlam
1179 2351 1425 2432 seutentiam
1455 2352 1652 2433 iactarat

127 2509 132 2520 ’
240 2482 521 2592 iuterrogatio.
579 2481 659 2564 Sed
690 2479 768 2564 hoc
797 2481 1008 2564 sciendum
1036 2485 1122 2584 est,
1151 2479 1248 2588 quia
1284 2479 1468 2588 quaeraris
1507 2479 1653 2564 richere

127 2653 131 2664 -
241 2615 325 2696 lieri
356 2641 428 2722 per
443 2612 650 2722 singulum
674 2611 897 2700 clausulam
919 2609 1285 2718 interrogationem
1304 2611 1492 2704 diximus,
1513 2614 1652 2694 tarrrdu

238 2745 270 2826 si
301 2746 412 2844 velis,
442 2747 587 2828 ¹arcubus
618 2738 818 2826 clausulas
847 2742 923 2824 sub
951 2770 1034 2826 uria
1062 2741 1385 2849 interrogatione
1413 2751 1530 2850 potes
1560 2771 1652 2852 pro·

239 2875 448 2977 rrrrrrtiarc,
477 2875 597 2958 sicrrti
640 2873 763 2958 habes
800 2873 994 2982 seriptum
1037 2871 1080 2955 iu
1122 2871 1243 2958 rlictis
1285 2871 1454 2958 interius
1488 2875 1652 2983 scriptis

240 3009 482 3094 moralibus:
525 3005 736 3112 Numquid
762 3004 957 3114 producis
985 3001 1194 3110 luciferum
1222 3005 1266 3088 iu
1295 3012 1468 3110 terraram
1497 3030 1583 3106 arro,
1613 3013 1650 3090 rt

236 3165 442 3246 uesperum
470 3163 593 3248 super·
619 3137 727 3246 filios
755 3143 888 3224 terrare
925 3162 1162 3246 corrsrugcro
1186 3137 1326 3242 suris?
1379 3137 1492 3224 Scito
1529 3139 1650 3240 euirrr,

236 3273 331 3382 (uria
369 3273 590 3358 elirusulam
634 3271 806 3356 dicimus
847 3295 933 3354 esso
971 3270 1292 3380 rrrrmnquodque
1323 3271 1510 3371 verbum,
1541 3270 1648 3381 quod

236 3405 390 3490 claudit
418 3433 750 3518 urramqnanrque
780 3400 1041 3491 sententiam.
1087 3401 1244 3487 Deinde
1273 3403 1418 3491 doceat
1448 3410 1490 3490 te
1519 3403 1651 3490 torum

134 3551 136 3558 '
234 3547 452 3645 accerrtus,
504 3566 644 3624 rocem
695 3537 737 3620 in
782 3536 959 3647 legendo
1000 3533 1216 3645 proferre,
1257 3534 1298 3622 h.
1335 3566 1369 3622 e.
1411 3539 1508 3648 quia
1546 3538 1652 3622 sicut

234 3673 419 3784 surperius
447 3676 509 3755 est
540 3677 676 3755 erecta
704 3675 778 3754 aut
807 3668 975 3753 interius
1004 3668 1210 3771 demersa,
1248 3668 1307 3752 ita
1336 3671 1457 3754 debet
1483 3671 1541 3754 ibi
1573 3701 1649 3755 vox

232 3817 304 3890 aut
330 3805 480 3890 elevari
509 3809 582 3887 aut
610 3802 821 3900 inclinari3
850 3829 888 3887 v.
918 3827 979 3910 gr.
1010 3799 1148 3909 graus
1178 3801 1339 3913 virgula
1359 3803 1548 3886 deorsum
1578 3804 1648 3910 do7
1774 3908 1777 3914 .
1898 3895 1899 3898 g

235 3936 423 4042 primitur
435 3938 515 4021 ita:
540 3935 587 4036 N,
606 3941 649 4017 et
658 3935 750 4020 ideo
763 3933 905 4017 taliter
917 3921 1039 4016 debes
1053 3959 1191 4015 vocem
1208 3939 1321 4016 tuam
1341 3935 1508 4019 inferius
1524 3937 1648 4045 depu-

234 4095 328 4151 uere
366 4069 408 4152 iu
448 4069 572 4171 loeis,
609 4066 681 4151 ualui
720 4067 1035 4165 subdistinctio,
1073 4063 1114 4150 h.
1145 4093 1179 4149 e.
1220 4070 1396 4174 punctus
1424 4067 1475 4150 ad
1506 4068 1648 4176 pedem
1692 4117 1694 4122 -
1798 4085 1800 4092 ’

233 4194 393 4284 litterae
408 4201 545 4286 inerit.
585 4199 784 4284 Similiter
798 4199 909 4283 acuti
926 4201 1023 4282 noto
1038 4203 1101 4280 est
1118 4196 1197 4280 ita:
1213 4197 1257 4300 l,
1284 4209 1326 4281 et
1346 4199 1438 4284 ideo
1454 4200 1513 4284 ita
1528 4198 1648 4283 debes

233 4357 373 4415 vocem
402 4335 514 4416 tuam
545 4331 588 4416 in
620 4329 754 4416 inedia
781 4329 1052 4415 distinetione
1081 4326 1124 4409 iu
1153 4329 1281 4413 altum
1311 4329 1495 4414 acuendo
1512 4329 1648 4415 suble·

232 4485 350 4563 aare,
380 4463 486 4546 sieut
523 4464 649 4576 ipsius
688 4463 825 4575 figura
854 4459 1052 4546 consistit.
1111 4457 1193 4542 Ubi
1225 4487 1321 4544 vero
1357 4465 1452 4571 post
1480 4469 1647 4547 acutum

232 4591 388 4677 mediae
413 4593 690 4711 distinctionis
706 4595 853 4680 iterum
870 4591 1016 4704 puncti
1035 4591 1086 4676 ad
1103 4590 1277 4676 mediam
1296 4592 1475 4679 litteram
1493 4595 1649 4679 mediae
1752 4699 1755 4706 Ι

230 4721 508 4812 distinctionis
538 4726 709 4829 luerint,
738 4727 799 4811 ita
827 4725 949 4810 debes
978 4751 1132 4808 rocem.
1147 4728 1261 4842 tuam
1289 4723 1540 4818 modulando
1569 4728 1649 4812 cir·

137 4859 139 4864 ’
230 4857 488 4944 cnmllectere
504 4920 515 4961 ,
533 4860 572 4972 i.
600 4887 635 4946 e.
666 4887 812 4974 acuere
841 4861 965 4966 atque
993 4853 1198 4964 deponere
1225 4852 1447 4967 sicutipse
1474 4856 1649 4943 circum·

229 4975 355 5074 flexus
384 4990 563 5104 erigitur
590 4997 716 5103 atqua
747 4987 970 5101 deponitur
997 4990 1075 5075 ita:
1110 4999 1157 5082 u.
1192 4987 1319 5084 ¹Num
1350 4991 1421 5076 nbi
1451 5019 1649 5100 percunc-

229 5123 331 5206 tatio
361 5123 482 5208 ‹lebet
514 5125 611 5226 irari,
653 5125 713 5208 ita
740 5123 863 5209 debet
891 5149 976 5204 esse
1004 5131 1127 5207 ructu:
1171 5121 1253 5222 ut,
1287 5123 1411 5234 ueluti
1447 5124 1489 5207 iu
1522 5153 1645 5209 evan·
1773 5183 1774 5186 a
