3934 5762
868 256 1053 348 Prologus.
1605 259 1658 342 35

253 511 344 570 eum
373 481 497 564 dicit:
543 479 698 562 Ilemnn
727 474 836 561 dieit.
896 474 1002 558 Nem
1033 473 1145 582 prius
1171 476 1403 586 exemplum
1433 475 1660 584 scripturae
1727 491 1730 498 ‘

207 681 209 687 2
255 615 367 715 dicit,
407 610 516 721 qumi
545 615 743 718 puevoeat
770 606 933 702 andium
975 633 1084 688 sinim
1123 634 1216 689 vem
1245 607 1459 712 subjunxit
1486 605 1659 689 ulturum

58 723 60 730 ,
154 758 157 766 ‘
254 742 496 852 exeiimlnm,
528 738 637 850 quod
666 736 853 822 similiter
882 742 1082 846 prement
1108 735 1262 838 midine,
1291 765 1383 820 eum
1405 736 1529 824 dicit:
1561 735 1660 842 tuiis

253 885 322 976 esl,
351 873 419 980 uisi
448 870 529 954 enll
557 867 679 953 utilene
707 873 743 950 et
772 867 881 974 euenit
910 865 1044 952 videre
1066 866 1154 951 dien
1180 867 1338 952 duleus?
1380 867 1420 950 Si
1444 896 1538 954 veto
1560 867 1659 953 hisee

254 1001 473 1092 nnuntuuo
502 1001 553 1085 ud
585 999 889 1084 multitudinem
921 997 1084 1108 generis
1113 995 1280 1080 lnmmui
1312 999 1525 1102 reseretur,
1561 1028 1660 1110 opis-

253 1137 381 1222 nnius
410 1131 575 1215 Domini
618 1129 864 1236 intelligitur
903 1135 1046 1214 selectu
1087 1128 1269 1228 eeclesia,
1310 1159 1414 1240 quae
1442 1131 1556 1240 quiesi
1584 1160 1660 1240 pun

254 1295 335 1351 mm
368 1262 531 1346 limniue
563 1259 800 1368 positissuis
842 1258 919 1341 lme
948 1258 1160 1344 intellectu
1204 1261 1253 1343 de
1291 1262 1554 1346 uudtitudine
1585 1263 1662 1344 lm·

210 1377 216 1389 ’
254 1394 361 1479 issimi
403 1392 564 1500 gemmis
603 1389 789 1499 quiaesitn
828 1395 890 1470 est
925 1418 950 1471 u
982 1391 1077 1474 lleu.
1135 1389 1177 1472 Si
1219 1397 1355 1473 mdem
1396 1393 1447 1476 ud
1476 1400 1661 1476 suisetmu

253 1524 462 1611 eeelesium
493 1522 718 1616 reseratur,
765 1521 874 1630 (lund
916 1520 1047 1628 usuagis
1085 1521 1137 1604 ud
1167 1521 1277 1604 liuue
1306 1553 1469 1608 sensum
1498 1525 1661 1622 attinet,

254 1655 461 1766 eneeurius
493 1650 655 1735 llomiui
696 1649 943 1758 intelligitur
973 1650 1074 1736 onle
1106 1655 1338 1763 sequacium
1368 1657 1661 1766 apostolerum.

254 1785 308 1872 lte
349 1787 452 1868 bene
496 1784 665 1868 ecelesia
707 1811 782 1893 pro
832 1783 1097 1867 multitudiue
1140 1783 1284 1894 populi
1331 1787 1374 1869 in
1419 1786 1496 1873 lme
1539 1773 1694 1870 seusu¹

255 1915 434 2028 sistuntur,
464 1914 560 2024 quin
590 1913 755 1997 sibimet
783 1921 1021 2023 eemnurutu
1049 1915 1273 1998 mutinum
1302 1923 1374 2004 est.

366 2047 488 2132 Nune
519 2045 736 2128 sidemlum
766 2049 840 2143 est,
870 2075 952 2154 quin
981 2045 1141 2130 mtiene
1164 2044 1324 2130 dieutm·
1350 2047 1545 2133 llosniuus
1568 2077 1664 2157 upe-

254 2181 402 2264 muium
446 2204 563 2260 sisium
607 2204 802 2286 ‹suisseuue
843 2173 884 2256 iu
930 2176 1195 2260 multitudiue
1235 2179 1388 2290 pepuli.
1453 2179 1660 2287 Numquid

255 2319 436 2396 eeiutems
465 2307 661 2418 relinquit
688 2312 731 2390 et
768 2335 894 2392 unuln
924 2308 1154 2418 npeuuinm
1193 2311 1383 2420 quaerit?
1441 2309 1557 2412 Non,
1592 2310 1662 2392 sed

256 2445 360 2528 sient
401 2435 501 2525 liseit
538 2468 619 2524 rex.
679 2437 783 2524 lleee
827 2439 953 2524 lmbet
991 2469 1062 2525 rex
1098 2441 1317 2527 siisixiuuun
1357 2443 1662 2527 multitudinem

24 2584 28 2613 “
135 2581 140 2594 ’
257 2573 417 2684 jueniuli,
460 2570 529 2655 sed
560 2570 725 2680 exipsn
755 2569 1021 2655 multitudiue
1049 2571 1168 2681 eligit
1195 2573 1373 2683 sliquos,
1415 2603 1518 2684 ques
1547 2603 1691 2686 prese·v

256 2703 434 2785 destinet
463 2701 635 2808 siugulis
665 2701 824 2801 odietis,
853 2701 956 2786 nlius
976 2701 1140 2811 qiddem
1164 2703 1215 2787 ud
1236 2705 1448 2788 euulsilium
1470 2703 1661 2802 dandum,

255 2835 355 2916 unm
384 2839 521 2914 undem
550 2832 602 2914 ud
631 2838 794 2916 eaeteru
823 2831 959 2916 el'lieiu
997 2835 1240 2944 peuugeudu.
1299 2834 1365 2920 ltu
1392 2841 1435 2920 et
1464 2834 1663 2920 Dominus

258 2963 375 3058 l‘ueilu
419 2959 615 3044 Donnnus
645 2962 757 3046 enim
787 2961 837 3044 de
866 2963 1035 3046 eeclesia
1064 2995 1135 3048 suu
1174 2965 1294 3072 eligit
1320 2965 1435 3049 illmu
1465 2965 1661 3062 euliuem,
1723 2981 1725 2988 ’

255 3092 323 3199 qm
354 3091 496 3176 usidiut
522 3118 660 3174 vocem
690 3093 816 3196 illum,
846 3122 967 3204 quum
998 3093 1116 3178 diviti
1146 3095 1271 3178 dixit:
1303 3095 1351 3179 nl
1379 3095 1440 3179 eis
1462 3103 1664 3202 perlectus

256 3251 352 3326 esse,
381 3224 483 3307 ende
511 3230 548 3306 et
575 3225 698 3309 vende
727 3226 874 3326 meme,
908 3253 1011 3330 queem
1040 3225 1174 3331 leudes,
1203 3232 1241 3312 et
1269 3226 1371 3328 ueni,
1401 3252 1562 3332 sequere
1590 3255 1663 3315 me.
1703 3225 1707 3235 ‘

256 3351 424 3439 Neenen
468 3355 591 3438 etium
633 3355 833 3442 Dominus
879 3359 1118 3468 iiruedieuns
1160 3359 1202 3444 iu
1235 3385 1369 3442 earne
1412 3355 1530 3458 feeit,
1574 3387 1666 3440 eum

152 3476 154 3482 ’
258 3484 405 3568 sumtus
434 3485 658 3596 discipulos
688 3486 834 3572 imbuit
861 3494 903 3573 et
931 3489 1058 3600 elegit
1095 3489 1145 3574 de
1174 3490 1246 3574 ille
1276 3487 1539 3572 multitudine
1567 3489 1668 3571 duo·

254 3615 395 3703 deeim.
454 3617 510 3701 ln
538 3618 635 3727 qssid
666 3620 833 3723 mimm,
874 3621 907 3705 si
952 3622 1028 3707 lme
1060 3621 1261 3706 Dmmuus
1301 3618 1400 3702 feeit
1428 3619 1667 3730 pnnedieuus

254 3746 294 3829 iu
324 3776 446 3832 euene
477 3750 538 3832 vel
569 3750 609 3834 in
641 3759 782 3836 suumtu
813 3753 983 3840 eeclesia
1021 3750 1205 3860 ‹luuutidie
1233 3751 1380 3854 ineiut,
1421 3779 1513 3851 esim
1543 3751 1666 3832 etium

254 3878 305 3960 nb
318 3879 439 3964 initiu
460 3882 604 3965 iiiimdi
621 3882 700 3967 lme
718 3885 842 3969 feeit?
873 3883 980 3968 Num
995 3884 1046 3968 de
1070 3881 1336 3969 iissdtitudine
1359 3881 1487 3966 totius
1505 3881 1667 3992 gesseris

255 4007 422 4095 immuni
452 4013 579 4122 elegit
602 4013 693 4098 Noe
722 4044 813 4101 eum
845 4017 968 4100 ‹lono
997 4043 1084 4118 sisu,
1114 4013 1186 4125 qiu
1211 4020 1415 4126 supemtes
1441 4015 1519 4097 luit
1548 4013 1668 4122 pelini

253 4142 403 4226 sueeuli
433 4151 474 4227 et
503 4152 648 4229 suetos
677 4149 829 4232 sneenli
866 4146 1048 4232 secundi.
1107 4145 1292 4234 Necnon·
1318 4145 1368 4228 de
1407 4143 1671 4228 multitudiue

254 4275 394 4384 piniuli
428 4275 490 4358 sui
521 4274 877 4387 elegis-utram,
917 4277 1045 4388 elegit
1074 4277 1245 4389 Moysen
1288 4283 1331 4361 et
1359 4277 1519 4378 Annon,
1558 4274 1669 4357 simi·

255 4403 347 4488 liter
376 4413 418 4490 et
445 4412 629 4492 caeteros
656 4397 836 4496 sanetus.
1182 4427 1185 4433 ’
1422 4395 1429 4410 ’
1525 4513 1538 4532 ⁶

362 4539 443 4622 nee
472 4539 571 4650 quid
600 4540 709 4625 euim
738 4542 851 4628 diest
882 4542 1079 4627 Dominus
1108 4543 1158 4626 de
1191 4541 1378 4652 operarie
1406 4567 1500 4640 sisu,
1548 4567 1668 4648 quem

254 4669 303 4752 de
327 4671 589 4756 multitudiue
611 4674 754 4784 pepuli
773 4673 950 4784 qiiuerit,
974 4674 1015 4757 iu
1039 4672 1382 4784 susbsequentibus
1411 4670 1684 4784 ieiunisestutu

253 4801 313 4885 uit
340 4801 470 4887 enims
503 4803 601 4907 Quale
629 4811 689 4890 est
715 4806 840 4909 lmen,
872 4806 942 4912 qni
968 4804 1049 4888 usdl
1069 4805 1193 4892 eitum
1220 4809 1258 4888 et
1280 4799 1387 4908 eamn
1420 4803 1555 4886 uidem
1583 4801 1671 4885 dies

253 4931 406 5018 lenos?
433 4935 480 5018 Iu
504 4933 583 5020 hee
607 4937 718 5020 euim
742 4939 833 5023 loeo
850 4937 902 5024 S..
918 4936 1168 5022 Benedictus
1191 4933 1474 5019 testimonium
1498 4933 1672 5042 sumpsit

255 5066 560 5175 proplietiemu3
611 5097 704 5153 nam
748 5066 824 5152 iste
874 5097 1009 5152 sermo
1063 5067 1326 5179 propheticus
1376 5065 1570 5176 gentibus
1611 5073 1673 5144 est.

254 5195 425 5284 loeutus.
489 5197 720 5285 Videndum
761 5210 825 5284 est
865 5203 974 5284 euim
1018 5201 1058 5284 iu
1100 5201 1178 5284 hoe
1220 5199 1332 5300 loeo,
1373 5197 1423 5280 de
1464 5227 1544 5307 que
1586 5195 1670 5320 vitu

1342 5331 1520 5416 3¹⁹.
