3960 5774
288 185 319 240 4
819 149 904 244 cip.
928 150 1158 226 xxxxvm.
1415 165 1417 174 ’
1612 165 1691 248 487

282 377 352 458 arrt
381 369 640 454 refectorium
670 395 838 504 scopare
866 375 940 455 aut
975 371 1088 458 oleru
1124 371 1321 462 mundare
1349 381 1391 462 et
1417 377 1533 490 reliq.
1591 377 1695 464 Vide

281 500 375 614 quiu
416 499 614 608 coguovit
650 501 691 588 S.
730 499 1000 602 Benedictus,
1048 501 1257 592 inimicum
1300 537 1385 592 esse
1429 509 1694 609 otiositatem,

279 633 369 720 ideo
399 627 523 714 etiunr
552 629 734 716 inlirrnos
764 631 868 732 dixit
896 631 1057 742 operari
1085 639 1128 719 et
1156 663 1240 722 non
1269 637 1401 723 solurn
1425 637 1515 722 uliis
1537 637 1692 738 diebus,
1840 654 1842 661 '

199 837 204 848 .
278 761 347 848 sed
394 759 517 846 etiurn
568 761 775 848 dorninioo
820 763 886 847 die
931 761 1054 873 jubet
1102 766 1285 876 operari,
1334 766 1368 852 si
1420 767 1556 875 legere
1611 798 1693 852 non

280 898 418 1006 potest
456 891 654 1002 quilibet,
697 898 744 978 ut
781 921 865 978 non
904 898 1044 994 venet,
1087 923 1181 981 eum
1216 925 1357 984 omnes
1387 895 1599 983 christiuui
1628 899 1693 982 dis

279 1023 482 1112 dorniuioo
512 1021 728 1134 quieseunt
755 1024 808 1108 ab
838 1050 974 1134 opere.
1020 1025 1143 1124 Quasi
1172 1028 1467 1142 interrogasset
1495 1028 1536 1114 S.
1559 1026 1690 1112 Bene·

278 1157 428 1242 «lictum
472 1154 634 1240 dieensz
675 1155 811 1256 Quare
846 1155 906 1238 ito
944 1153 1067 1256 diois,
1108 1163 1156 1241 ut
1197 1159 1320 1244 etium
1369 1158 1556 1244 infirmus
1603 1159 1690 1242 siue
1808 1233 1812 1250 ,
1847 1173 1851 1182 ·

276 1289 413 1373 labore
452 1313 535 1372 uon
574 1285 652 1386 sit,
692 1287 814 1370 etiarn
852 1287 895 1370 in
933 1285 998 1372 dis
1038 1287 1273 1374 dourinieo?
1310 1290 1381 1374 ille
1410 1293 1544 1400 [vero]
1574 1291 1687 1398 quusi

274 1417 522 1528 respondeus
569 1415 692 1503 dicit:
744 1417 848 1524 (lesia
888 1415 1070 1503 otiositas
1109 1419 1275 1506 inimico
1317 1427 1377 1508 est
1416 1422 1596 1522 urriuuaee,
1648 1430 1689 1508 et
1797 1489 1798 1492 i
1942 1407 1943 1410 t

275 1549 512 1634 eollutiones
560 1549 723 1635 dionut:
767 1547 1038 1634 Indorrrrrterrr
1088 1551 1324 1638 rrrorraoluuu
1367 1580 1472 1640 untes
1519 1557 1685 1640 doemon
1805 1615 1812 1636 ..

272 1679 420 1786 perleui,
450 1680 618 1766 otiosum
646 1685 776 1766 (setun
806 1681 923 1770 tuille.
965 1681 1185 1770 Sciendum
1213 1687 1350 1768 nutem
1382 1687 1457 1786 est,
1487 1685 1583 1796 quie
1606 1686 1686 1772 isto

275 1813 393 1898 ruodo
422 1811 573 1898 duntur
603 1812 695 1898 libri
726 1812 768 1897 iu
790 1815 934 1934 9}le
964 1814 1326 1928 Quudregesimeer
1361 1815 1431 1900 llle
1461 1815 1684 1902 bibliotlro·
1817 1827 1822 1840 '

273 1942 424 2047 setrius,
454 1943 524 2052 qui
554 1951 615 2028 est
644 1944 900 2044 ruoussterii,
931 1933 1409 2032 defert'o‘r'ri'u‘e's'lbros
1448 1976 1538 2034 ouur
1569 1950 1685 2058 udju·

156 2087 159 2092 '
273 2077 379 2160 torio
409 2077 584 2160 liutrurn
621 2077 664 2159 iu
700 2075 940 2208 capitulum.
999 2076 1157 2161 Deinde
1192 2083 1432 2163 sternuntur
1461 2083 1614 2192 tepetiu
1644 2087 1685 2165 et

249 2235 391 2322 'super
431 2207 584 2317 tapetio
629 2216 838 2317 ponuntur
880 2206 987 2291 libri.
1046 2207 1237 2316 Cupitulu
1282 2207 1400 2294 finito
1442 2216 1541 2294 tuno
1583 2209 1684 2318 legit
1793 2260 1796 2272 ·

273 2321 602 2422 bibliothece-ius
631 2335 673 2447 in
706 2337 846 2438 breve,
876 2335 954 2452 qui
978 2340 1103 2422 l‘reter
1132 2336 1258 2423 hebet
1296 2339 1444 2424 libruru
1474 2367 1600 2450 usque
1629 2343 1681 2424 ud
1803 2329 1805 2334 ’

270 2459 380 2554 illurn
412 2469 566 2556 lronuur.
624 2463 740 2552 'luno
768 2468 837 2552 ille
867 2469 995 2554 irater
1023 2469 1141 2578 ponit
1170 2467 1342 2572 librum,
1371 2498 1490 2580 quem
1522 2457 1680 2574 hebuit,

122 2681 127 2692 ,
271 2587 309 2682 in
350 2587 499 2710 tapeti3
537 2603 581 2686 et
617 2605 715 2686 tune
745 2599 814 2684 ille
842 2602 978 2711 prior,
1007 2609 1082 2687 eut
1121 2599 1188 2686 eui
1215 2599 1285 2684 ille
1308 2601 1497 2712 jusserit,
1531 2603 1681 2714 ueoipit

270 2733 417 2817 lilrrurn
448 2738 490 2817 et
517 2734 748 2842 interroget
788 2733 901 2819 illuur
945 2735 1112 2820 fratrom
1149 2732 1201 2817 de
1239 2731 1312 2816 illo
1341 2733 1447 2818 libro
1475 2734 1682 2844 supienter·

268 2892 388 2946 euersa
426 2863 706 2973 probationis,
754 2871 802 2950 nt
841 2869 1086 2975 cognoseat,
1130 2868 1269 2948 utrum
1309 2864 1457 2974 legerit
1499 2866 1681 2949 studiose
1778 2915 1780 2920 ,

231 2993 430 3082 ‘librnnn
488 2995 532 3080 δί
565 3023 658 3082 vero
692 2995 763 3080 ille
792 2997 919 3081 freter
945 2995 1203 3105 responderit
1230 2994 1281 3079 de
1319 2995 1392 3080 illo
1421 2995 1551 3096 libro,
1583 3001 1680 3079 tuno

267 3124 497 3236 interroget
517 3125 647 3228 illurn,
675 3125 743 3237 qui
763 3127 868 3210 liber
887 3126 948 3210 illi
969 3127 1079 3212 utilis
1098 3133 1174 3226 est,
1203 3129 1245 3210 et
1265 3131 1376 3226 tuno,
1397 3155 1516 3238 quem
1537 3134 1680 3236 postu·
1836 3215 1840 3222 ,

264 3252 423 3360 irruerit,
454 3255 570 3338 dubit
597 3255 671 3341 illi.
729 3257 771 3342 δί
801 3262 939 3344 eutem
968 3253 1212 3368 cognoverit
1239 3255 1378 3357 ebbus,
1408 3253 1469 3338 illi
1496 3284 1680 3340 nonense

264 3391 431 3493 uptuur,
471 3395 570 3470 tuno
607 3385 718 3470 diuet
752 3386 834 3472 illis
882 3385 975 3472 Nou
1004 3393 1068 3472 est
1095 3387 1171 3470 isto
1199 3383 1303 3470 liber
1331 3382 1408 3469 tibi
1437 3390 1578 3493 uptus,
1607 3387 1675 3468 sod

266 3513 358 3597 tulis
386 3523 507 3625 uptus
536 3520 598 3598 est
627 3515 728 3613 tibi:
759 3521 801 3600 et
829 3543 913 3600 uon
943 3515 1060 3601 ‹labit
1087 3515 1171 3616 illi,
1202 3541 1321 3625 quem
1352 3515 1579 3625 quaesivit,
1608 3518 1674 3599 sod

265 3671 383 3750 quern
414 3644 611 3754 eognovit
638 3646 699 3730 illi
728 3675 814 3732 esse
842 3654 997 3756 uptuur.
1037 3646 1080 3730 Si
1110 3650 1247 3731 autern
1279 3644 1515 3729 telisiuerit
1538 3645 1675 3744 freter,
1831 3667 1847 3764 ᾗ

221 3799 224 3806 ·
264 3775 333 3882 qui
363 3804 446 3860 non
477 3775 659 3884 potuerit
686 3775 885 3862 rationem
916 3777 967 3861 de
996 3777 1101 3860 libro
1131 3803 1282 3886 ponere
1304 3767 1527 3860 secundum
1544 3754 1672 3858 inter·

263 3905 535 4016 rogationem,
564 3912 663 3990 tuno
688 3905 721 3989 si
751 3906 864 3991 videt
891 3907 960 3990 ille
989 3905 1129 4006 ubbus,
1159 3903 1256 4014 quio
1285 3904 1545 4015 negligenter
1570 3905 1674 4015 ¹legit

248 4036 414 4126 librum
442 4035 583 4140 illum,
614 4064 696 4121 non
725 4034 842 4120 dubit
869 4035 996 4120 alium
1025 4029 1099 4135 illi,
1128 4035 1199 4120 sud
1228 4035 1362 4144 ipsum
1391 4035 1426 4119 ei
1457 4035 1602 4137 reddit,
1633 4043 1675 4117 et

263 4165 419 4252 turndiu
449 4167 563 4252 illurn
596 4167 765 4253 hebebit
783 4172 936 4277 posteo,
967 4165 1096 4252 donee
1122 4165 1304 4250 studiose
1323 4165 1481 4275 legerit,
1513 4157 1557 4248 et
1576 4163 1675 4247 dicit

261 4295 344 4412 illi:
385 4299 488 4399 Quin
527 4327 609 4384 nou
647 4296 785 4410 legisti
823 4297 954 4399 bene,
984 4293 1163 4380 debuisti
1191 4299 1314 4415 oulen
1342 4295 1598 4405 significare,
1629 4304 1675 4378 ut

261 4426 337 4512 tibi
366 4430 614 4514 dedissemus
643 4435 804 4539 tempus
833 4424 1130 4536 interrogandi.
1187 4425 1232 4510 Si
1261 4432 1398 4510 uutorn
1430 4425 1673 4534 cognoverit

263 4557 391 4646 abhus
415 4559 533 4668 illurn
560 4561 727 4646 irotreru
750 4555 980 4644 studiosum
994 4556 1038 4640 in
1058 4555 1236 4641 lectione
1256 4561 1299 4640 et
1328 4562 1464 4642 turnus
1489 4582 1573 4637 uon
1600 4583 1673 4664 po·

260 4687 340 4772 tuit
368 4686 610 4802 intelligere,
640 4689 711 4776 dut
739 4687 800 4774 illi
828 4687 955 4773 ulium
983 4684 1145 4775 librum.
1187 4685 1407 4796 Postquam
1438 4712 1534 4770 vero
1563 4686 1672 4769 exie·
1867 4731 1870 4740 .

261 4815 344 4903 riut
365 4849 503 4905 onrnes
527 4821 673 4905 iratres
690 4821 740 4904 de
756 4817 949 4929 oepitulo,
976 4823 1074 4902 tuno
1092 4815 1259 4928 irrepioit
1274 4815 1399 4902 ubbss
1422 4819 1466 4898 ot
1485 4812 1669 4924 requirit,

261 4954 398 5034 utrum
426 4949 511 5066 sint
537 4947 643 5035 inibi
670 4977 812 5036 omues
840 4945 936 5034 libri
965 4973 1038 5060 per
1061 4944 1248 5046 brevemr
1277 4944 1311 5031 si
1329 4943 1535 5032 iortenon
1554 4941 1694 5030 inve:

260 5081 367 5164 uerit
395 5080 520 5165 libros
548 5079 735 5184 totidem,
765 5076 887 5167 sionti
917 5077 1042 5165 hebet
1068 5103 1142 5188 per
1170 5077 1348 5180 brevem,
1379 5083 1478 5163 tuno
1507 5073 1669 5187 quaerit
1816 5117 1817 5122 Ν
