3934 5762
831 141 1017 233 Prologus.
1253 131 1295 186 Ὗ
1431 97 1434 102 ¹
1596 149 1646 232 15

236 358 356 447 sicuti
396 387 486 444 cam
523 359 675 447 dicitnr
717 358 832 446 aniles
860 365 1046 446 terrenus
1076 361 1163 472 regi
1193 366 1356 447 terreno
1385 362 1672 465 rnilitotnrus,
1764 439 1765 444 ι

238 521 320 578 ιιοιι
360 490 510 576 dicitnr
548 498 693 578 contra
733 520 883 602 regern,
922 491 993 576 sed
1039 521 1113 602 pro
1156 521 1254 603 rege
1291 501 1453 578 terreno
1498 493 1648 578 nrilita·
1790 495 1793 502 ’

240 629 368 708 turus.
1682 703 1687 716 .

348 752 402 836 Et
417 754 514 862 qnia
544 781 724 876 prugatam
753 758 794 838 te
819 753 1276 856 indicavitsubitarurn,
1305 753 1646 863 idcosannnxitr
1698 781 1703 793 ·

239 881 482 968 obedientiae
509 911 640 972 oraro.
687 883 795 968 Nam
831 885 936 968 sicut
964 912 1079 994 reges
1108 885 1188 986 isti,
1219 911 1334 994 reges
1362 886 1525 983 terreni,
1554 899 1646 968 curn

236 1015 411 1098 nrittunt
438 1014 610 1098 militem
640 1043 757 1099 suum
788 1013 839 1099 ad
870 1041 1068 1124 pugnarn,
1106 1045 1219 1100 unna
1248 1014 1308 1098 iili
1340 1014 1547 1123 praebent,
1588 1016 1646 1100 ita

198 1151 277 1237 ,et
304 1144 352 1230 B.
383 1143 641 1244 Benedictus,
679 1145 775 1255 quia
814 1145 865 1228 ad
907 1174 1089 1257 pagrram
1129 1147 1329 1256 cognovit
1350 1151 1392 1227 tc
1421 1145 1646 1245 accessisse,
1687 1163 1691 1172 ’
1735 1199 1742 1232 ·.

234 1281 435 1359 armatum
477 1281 517 1359 te
547 1275 746 1360 indicavit
773 1303 872 1376 csse,
913 1283 956 1360 et
985 1305 1067 1362 uon
1097 1276 1264 1360 alterins
1293 1275 1416 1359 annis
1444 1282 1644 1360 ornraturn

235 1413 274 1490 te
303 1389 501 1489 indicavit
528 1405 754 1507 accessisse,
795 1409 864 1492 sed
900 1408 1023 1492 arinis
1066 1407 1344 1505 obedientiaer
1363 1435 1473 1490 *unns
1502 1433 1646 1515 quarn·

235 1535 294 1620 vis
323 1535 404 1619 rint
433 1564 548 1621 nnnc
575 1534 778 1622 castitatis
805 1545 877 1622 orat
900 1537 1048 1649 jejunii
1078 1543 1151 1621 aut
1179 1544 1402 1622 ceterorum
1434 1538 1645 1642 virtutum,

234 1671 368 1749 tannen
399 1693 481 1750 non
512 1672 554 1751 te
583 1665 783 1752 indicavit
811 1669 979 1752 alterins
1012 1669 1172 1752 virtutis
1201 1696 1316 1751 ιιιιιιιι
1351 1668 1540 1751 surrrsissc
1569 1667 1644 1752 nisi

235 1795 504 1901 obedieutiae,
542 1825 590 1881 co
620 1798 728 1908 qnod
771 1799 876 1884 sicut
905 1805 968 1882 est
996 1797 1157 1883 initiam
1187 1797 1344 1907 pcccati
1373 1797 1587 1883 recedendi
1617 1829 1641 1884 a

141 2039 143 2043 Ι
234 1927 320 2012 Deo
359 1926 661 2033 inobedientia,
702 1931 758 2014 ite
800 1931 962 2015 initians
1006 1931 1270 2016 cornertcodi
1314 1928 1366 2014 ad
1410 1927 1541 2012 Deam
1584 1937 1646 2015 est

232 2059 476 2146 obedientia.
534 2059 640 2145 Nam
679 2062 785 2148 siant
823 2063 867 2146 in
908 2063 1076 2148 exordio
1122 2060 1400 2146 conversionis
1437 2059 1647 2146 obrenun·'

233 2193 374 2278 tiendo
402 2191 606 2279 idolorum
635 2195 814 2282 cultibus
842 2195 896 2280 ab
925 2193 1001 2296 his,
1032 2196 1102 2306 qni
1132 2197 1366 2306 percipiunt
1383 2193 1643 2303 baptismatis

232 2329 546 2429 sacramentum,
573 2329 806 2437 requiritur,
835 2327 895 2412 ita
923 2328 1046 2412 etiarn
1076 2325 1301 2437 requiritur
1328 2325 1371 2410 in
1400 2326 1519 2410 initio
1543 2355 1643 2411 con·

11 2419 13 2426 ,
38 2405 44 2438 ι

35 2447 40 2457 ’
153 2515 158 2528 .
219 2455 428 2572 ⁸versionis
464 2457 518 2541 ab
559 2458 635 2562 his,
679 2461 749 2570 qai
786 2459 1040 2570 recipiuntur
1083 2487 1109 2542 a
1148 2459 1374 2542 monastica
1414 2457 1641 2568 disciplina,

233 2588 538 2700 abrenuntiatio
566 2593 823 2704 propriarum
850 2591 1125 2694 voluntatum,
1155 2620 1260 2701 quoe
1278 2590 1525 2700 intelligitur
1545 2590 1669 2674 abo--

233 2721 398 2806 dierrtiu.
1287 2729 1290 2736 ’

343 2853 449 2938 Item
488 2854 610 2941 etiarn
641 2853 888 2940 intuendum
917 2858 995 2956 est,
1033 2883 1160 2966 qnare
1189 2853 1231 2941 S.
1262 2853 1508 2956 Benedictus
1536 2853 1645 2938 indi·

201 3083 203 3090 ¹
234 2984 354 3089 cavit,
383 2987 500 3072 illuns
529 2984 888 3072 abrenuntiantem
921 2985 1096 3098 propriis
1123 2985 1405 3072 voluntatibus
1424 3013 1539 3071 arura
1557 3015 1645 3069 sns-

233 3118 406 3226 eepisse,
449 3124 492 3204 et
533 3119 620 3226 ipsa
671 3144 783 3202 aron
833 3145 959 3227 quare
999 3116 1228 3221 lortissbna
1271 3123 1313 3202 et
1354 3143 1438 3200 non
1496 3116 1645 3200 tortia?
1774 3115 1777 3121 ’

233 3248 491 3356 Cogrrorerat
530 3246 638 3333 eninr
677 3246 726 3336 B.
768 3245 1040 3349 Benedictus,
1085 3247 1295 3332 inimicum
1339 3253 1523 3346 nostruin
1560 3247 1646 3330 dia·

232 3375 373 3462 bolum
401 3378 550 3464 fortem
578 3407 666 3464 esse
694 3383 738 3462 et
764 3384 966 3463 aruratam
995 3383 1175 3463 testante
1194 3377 1381 3478 Domino,
1414 3377 1483 3486 qui
1500 3375 1551 3460 de
1570 3376 1642 3460 illo
1748 3479 1751 3484 1

233 3508 354 3592 ctiam
379 3509 422 3594 iu
442 3508 670 3622 Evangelio
685 3509 804 3594 dicit:
852 3509 950 3595 Cum
965 3509 1088 3614 fortis
1107 3514 1291 3592 ornabas
1305 3511 1472 3594 crestodit
1493 3509 1642 3592 atrion

232 3663 360 3741 ιιιιιιιι,
396 3641 442 3724 ia
474 3665 577 3746 pace
603 3646 698 3724 sard
724 3667 785 3745 eo,
820 3666 921 3748 quoa
953 3640 1147 3745 possidet.
1205 3637 1302 3722 Ideo
1340 3631 1541 3724 indicavit
1564 3638 1641 3744 illi,

230 3798 345 3858 arana
371 3771 603 3884 sumpsisse,
632 3778 679 3858 ut
708 3801 752 3858 se
778 3777 1002 3884 cognoscat
1029 3776 1244 3856 ornatum.
1268 3779 1412 3855 contra
1439 3777 1638 3854 arnratnnr
1775 3865 1779 3874 ⁴

232 3897 426 4014 pergem
468 3909 510 3990 et
539 3909 759 4015 propterea
786 3903 1013 3989 fortissimo
1041 3911 1083 3986 et
1112 3931 1194 3986 uon
1225 3901 1362 4005 fortia,
1400 3901 1496 4012 qnia
1524 3901 1642 3986 fortis
1773 3917 1776 3920 ·

231 4059 314 4120 ιιοιι
364 4033 540 4122 vincitur
592 4037 670 4122 nisi
713 4064 739 4121 a
777 4034 960 4122 fortiore.
1000 4033 1074 4118 -rn
1127 4035 1231 4118 bene
1281 4039 1496 4152 postquam
1538 4031 1645 4116 dixit

230 4163 491 4268 militaturos,
526 4195 735 4255 armorum
771 4167 870 4256 fecit
908 4165 1172 4266 necationem,
1209 4172 1257 4251 at
1295 4193 1339 4250 se
1373 4167 1643 4278 cognosceret

229 4295 311 4403 ille,
342 4299 507 4410 qnando
536 4299 589 4386 ad
618 4299 697 4387 boc
726 4329 830 4412 opas
860 4298 984 4402 venit,
1015 4297 1130 4410 qnasi
1160 4297 1212 4385 ad
1241 4296 1442 4410 proelium
1473 4295 1640 4382 venisse.
1722 4393 1724 4401 y

231 4427 337 4518 Nan
375 4431 483 4519 sicat
523 4432 716 4520 indecens
756 4439 819 4520 est
857 4436 899 4517 et
936 4429 1228 4544 periculosum,
1248 4430 1330 4570 ‘qai
1358 4427 1409 4516 ad
1439 4426 1639 4538 proelium

21 4523 29 4617 Ι·
153 4629 157 4638 .
230 4563 379 4678 pergit,
419 4564 508 4653 sine
546 4565 671 4653 aroris
699 4581 885 4678 pergere,
921 4565 981 4650 ita
1014 4563 1313 4674 inconsequens
1350 4565 1433 4663 est,
1463 4559 1534 4672 qni
1563 4558 1640 4644 boc
1728 4593 1730 4598 ’

230 4723 332 4808 opus
357 4695 611 4812 adgreditur,
634 4715 768 4801 ἰιιιιιιι,
797 4724 870 4809 per
898 4724 1002 4810 quac
1032 4697 1205 4782 virtutes
1224 4691 1527 4804 intelliguntur,
1557 4717 1638 4812 ιιοιι

188 4821 194 4834 ’
229 4853 401 4933 sumere,
429 4855 478 4916 ac
506 4827 541 4916 si
570 4828 724 4916 diceret
752 4829 825 4933 illi,
856 4857 947 4916 cunr
968 4826 1073 4915 dixit
1088 4825 1358 4914 utilitetorusz
1382 4821 1640 4910 obedieutiao

229 4959 451 5050 fortissima
477 4967 603 5074 atque
623 4961 847 5068 praeclara
875 4987 989 5074 arma
1016 4959 1200 5062 assumis,
1231 4957 1272 5045 id
1301 4962 1376 5059 est,
1420 4953 1517 5066 qaia
1545 4983 1637 5040 curn

227 5091 524 5180 abrenuntiasti
570 5094 762 5182 omnibus
801 5105 844 5180 et
881 5120 973 5181 mco
1010 5090 1272 5204 discipulatui
1312 5087 1546 5192 adhaesisti,
1579 5087 1642 5172 ‚ad
