3968 5774
115 233 130 296 ¹·
167 272 249 358 ⁴10
602 239 604 244 ’
656 379 660 390 Ι
736 271 824 365 cap.
846 271 1013 356 xxxvi„

168 491 300 575 vetuit
328 491 404 576 tibi
435 490 661 576 volatilium
689 520 844 594 carnes,
878 495 921 579 in
951 493 1101 602 quibus
1129 493 1260 604 major
1286 491 1461 578 dulcedo
1487 499 1578 580 est?
1622 517 1625 524 '

167 621 231 704 'l'n
259 622 380 706 dicis:
422 619 543 706 Unde
579 626 816 731 cognoscis,
844 629 941 735 qnia
969 653 1043 732 per
1069 625 1180 730 illam
1210 625 1408 708 minorem
1439 625 1579 708 dulce·

71 777 74 784 ‘
167 753 304 836 dinem
333 754 516 837 carnium
546 755 854 865 quadrupedum
893 753 1090 838 vetuisset
1117 754 1193 837 riui
1227 755 1351 836 etiarn
1382 754 1575 858 majorem

167 882 423 967 dnlcedinem
452 885 634 967 curuinm
666 884 925 966 volatilium?
979 882 1073 988 ligo
1102 883 1178 966 tibi
1207 882 1320 966 dico:
1358 883 1457 991 quia
1491 911 1580 964 mos

169 1016 233 1092 est
253 1015 487 1095 solidiorum
505 1013 733 1112 doctorum,
758 1015 799 1094 iu
825 1014 983 1094 minore
1003 1011 1347 1120 corrrprelrendere
1370 1013 1577 1116 majorem,
1615 1037 1619 1044 ’

169 1139 275 1222 siout
304 1140 458 1248 legitur
486 1143 636 1225 dixisse
666 1143 867 1226 Dominus
893 1142 943 1222 ad
973 1139 1224 1226 Jerusalem:
1253 1141 1368 1224 Haec
1391 1139 1472 1242 fail
1498 1141 1580 1221 iai·

167 1271 302 1374 qm'tas
329 1273 485 1354 sororis
511 1248 604 1354 tude
628 1273 838 1368 aaronem,
864 1273 959 1376 quin
985 1297 1135 1374 pararem
1152 1297 1271 1352 sarasar
1297 1273 1339 1352 in
1368 1271 1580 1354 salernitate

168 1402 343 1484 corrrcdit.
393 1401 494 1485 alces
513 1432 585 1511 per
600 1432 747 1512 panem
766 1403 1060 1510 intelliguntur
1080 1401 1337 1484 diversitates
1353 1401 1580 1510 epularum.
1637 1449 1640 1454 ·

37 1537 41 1546 ’
111 1617 114 1626 ,
170 1531 518 1640 thuoditasit‚
548 1534 831 1616 ravanit’estatnr
859 1532 1003 1614 inillo
1029 1531 1133 1630 loco,
1163 1532 1429 1617 ubidicitur:
1470 1531 1581 1616 Vidit

171 1661 272 1744 Lora
301 1663 517 1747 Saturniam
546 1666 664 1770 qrursi
694 1666 955 1768 paradisum.
1014 1663 1056 1745 si
1094 1663 1271 1744 Sodoma
1307 1665 1424 1772 quasi
1464 1693 1583 1772 para·

169 1794 279 1875 disus
308 1803 417 1892 erat,
447 1824 546 1900 ergo
584 1825 665 1878 non
702 1802 764 1878 est
802 1822 1078 1902 consequeus,
1108 1805 1154 1874 ut
1192 1791 1450 1876 solummodo
1491 1792 1582 1874 illos

170 1922 449 2030 intelligamus
488 1955 635 2034 panem
677 1927 941 2008 manducasse
984 1912 1079 2006 sine'
1110 1922 1201 2004 aliis
1241 1922 1410 2011 deliciis.
1477 1922 1580 2006 ltevu

170 2055 308 2155 lantes,
338 2057 409 2137 uti
438 2058 587 2140 dicitur
616 2059 667 2140 de
696 2058 856 2140 laabau:
886 2056 942 2140 Er.
961 2057 1173 2160 appositus
1193 2060 1251 2136 cst
1265 2056 1404 2157 pum.
1450 2053 1582 2136 Num·

170 2186 268 2294 qnid
297 2186 553 2268 solummodo
583 2187 699 2296 parus
726 2196 791 2273 est
816 2189 1028 2296 appositus
1056 2187 1144 2268 siue
1173 2186 1314 2292 aliquo
1343 2186 1583 2292 pulnmuto‘?

51 2331 56 2339 '
170 2314 280 2404 Noa.
324 2314 404 2398 Sed
435 2343 543 2400 rrrrue
571 2319 622 2400 ad
652 2320 902 2425 superiorem
927 2345 1089 2398 sensam
1114 2325 1379 2401 revertamur.
1429 2315 1580 2396 lterum

170 2444 271 2526 dicis
301 2452 371 2544 tu,
399 2447 496 2556 ‹pda
525 2477 608 2530 nora
637 2453 700 2530 est
730 2477 892 2546 veruta,
921 2453 969 2529 ut
998 2447 1058 2530 ita
1087 2447 1129 2531 S.
1163 2445 1407 2528 lleuedictus
1436 2442 1477 2523 iu
1506 2443 1584 2524 hoc

173 2575 264 2658 loco
293 2575 466 2676 lecisset,
496 2575 521 2660 i.
544 2605 579 2660 e.
605 2607 836 2684 percursas
855 2575 1166 2686 quadrupedum
1189 2577 1385 2656 vetuisset
1412 2579 1454 2654 et
1475 2574 1586 2652 vaila·

170 2704 319 2788 tilium.
378 2703 468 2812 ligo
505 2707 620 2806 dico,
649 2710 769 2814 qnia,
798 2707 904 2790 sicut
941 2707 1056 2806 dico,
1085 2708 1145 2788 ita
1174 2733 1312 2786 venam
1343 2709 1419 2790 est.
1479 2701 1584 2784 Eece

172 2839 218 2914 tu
248 2861 330 2915 non
359 2839 477 2942 potes
507 2835 704 2942 probare,
733 2837 830 2944 qnia
867 2865 950 2916 non
970 2843 1044 2918 -est
1070 2843 1235 2918 securlus
1262 2835 1305 2918 S.
1336 2831 1582 2914 Benedictus

118 2969 127 2987 “
172 2964 381 3064 doctores,
410 2967 480 3074 qni
521 2964 562 3048 in
603 2965 759 3048 minore
791 2966 1148 3074 corrrprehemlnnt
1185 2967 1362 3072 majora,
1391 2989 1465 3044 neo
1503 2985 1584 3068 ego

172 3125 335 3204 possum
376 3095 570 3202 protare,
600 3096 698 3200 qnia
730 3105 893 3177 secutas
932 3101 1018 3191 est.
1047 3095 1116 3177 sed
1153 3124 1293 3176 snmus
1327 3092 1463 3191 dubii,
1493 3091 1519 3176 i.
1548 3123 1584 3172 e.

175 3255 255 3307 rron
284 3225 396 3314 certi.
455 3222 575 3307 Nunc
602 3233 739 3308 antem
769 3227 950 3308 incertus
977 3255 1020 3308 es
1047 3233 1107 3323 tu,
1137 3255 1187 3308 eo
1220 3223 1331 3332 qnod
1363 3251 1444 3305 non
1469 3229 1586 3330 potes

174 3355 371 3464 probare,
410 3359 549 3438 atrum
592 3354 635 3444 S.
674 3355 919 3440 Benedictus
958 3384 1043 3439 non
1081 3363 1145 3440 est
1179 3365 1343 3438 secutus
1383 3352 1586 3470 ‹loecoreq

172 3486 360 3572 similiter
398 3495 441 3572 et
476 3517 555 3595 ego
592 3517 674 3572 nou
712 3518 876 3599 possum
919 3491 1113 3599 probare,
1149 3491 1247 3597 qnia
1284 3487 1483 3569 veraciter
1523 3495 1588 3566 est

173 3627 336 3702 sanutus
375 3621 418 3702 in
458 3622 537 3703 isto
575 3622 698 3706 modo
733 3631 896 3708 sanctus
930 3625 1160 3708 doctores.'
1191 3621 1237 3702 lu
1267 3621 1348 3702 ista
1376 3617 1587 3701 dubietate

162 3757 264 3832 'avrea
299 3759 346 3849 et,
380 3759 452 3834 tna
490 3753 726 3862 eligendum
763 3765 827 3837 est
860 3761 1016 3838 certum
1058 3762 1100 3835 et
1129 3753 1336 3834 dimittere
1372 3752 1587 3832 incertum.

176 3884 251 3967 llic
282 3883 402 3984 milri,
430 3885 465 3964 si
494 3883 535 3966 S.
567 3882 812 3970 Benedictus
847 3885 1113 3968 concessisset
1147 3883 1394 3966 manducare
1421 3909 1587 3963 caruem

177 4014 429 4114 volatilium,
462 4023 504 4095 ct
543 4041 622 4122 ego
661 4043 735 4123 pro
773 4043 913 4098 arnone
951 4015 1026 4097 Dei
1068 4013 1288 4097 noluissem
1328 4013 1588 4106 manducare,

174 4129 281 4225 esset
316 4149 552 4252 peceatum,
590 4151 764 4227 annon?
826 4145 890 4226 'l'n
927 4145 1172 4254 respondes:
1215 4173 1325 4246 nou,
1366 4141 1464 4251 qnia
1502 4140 1590 4248 ipse

176 4275 301 4357 dixit:
328 4275 368 4356 si
394 4277 505 4355 oriani
533 4273 684 4358 uilitate
712 4282 748 4358 ct
774 4278 1024 4357 autumnitate
1051 4281 1255 4358 conitentes
1276 4275 1331 4358 sit
1357 4271 1588 4366 pronuncians,

175 4413 218 4487 et
255 4407 428 4488 iterum:
468 4407 533 4487 cni
567 4412 698 4490 irratam
727 4405 842 4490 Deus
877 4407 1034 4492 dederit
1070 4405 1326 4490 tolerantium
1357 4402 1589 4508 proprium,

175 4565 219 4620 sc
245 4521 464 4622 rrrerrcdem
498 4538 727 4623 darditrnvmr
760 4543 876 4626 scint.
933 4537 989 4622 Bt
1026 4539 1201 4640 iterum,
1229 4540 1264 4622 si
1299 4568 1383 4624 non
1423 4564 1591 4620 eonces-

175 4670 296 4753 sisset
332 4699 477 4754 carnes
516 4672 744 4756 volatilium
784 4673 1055 4773 manducare,
1083 4679 1127 4755 et
1161 4701 1242 4785 ego
1270 4671 1591 4766 manducassem,

114 4879 120 4900 ,
176 4803 323 4884 inisset
350 4809 562 4912 peccatum
600 4809 771 4888 annon?
826 4805 891 4888 Tu
917 4805 1163 4914 respondes:
1203 4809 1431 4916 peccatum.
1477 4799 1592 4910 Ergo

176 4943 220 5016 et
249 4934 393 5018 melius
421 4941 464 5018 et
491 4935 598 5022 ratio
625 4943 709 5038 est,
737 4943 786 5020 nt
822 4937 1078 5020 dimittamus
1114 4937 1220 5020 haam
1257 4934 1591 5022 incertitudinem

177 5075 221 5150 et
251 5075 461 5150 teneamus
488 5068 790 5156 certitudinem.
847 5071 891 5152 si
920 5071 1029 5152 enim
1068 5070 1473 5172 manducaverimus,
1502 5099 1595 5152 nes·

176 5204 329 5302 cimus,
369 5209 506 5286 utrum
535 5202 591 5284 sit
620 5211 832 5310 pacatum
860 5231 1014 5285 annon.
1071 5205 1296 5316 Propterea
1323 5203 1454 5316 igitur
1481 5209 1595 5284 leue·
