<?xml version="1.0" encoding="UTF-8"?>
<!DOCTYPE html PUBLIC "-//W3C//DTD XHTML 1.0 Transitional//EN"
    "http://www.w3.org/TR/xhtml1/DTD/xhtml1-transitional.dtd">
<html xmlns="http://www.w3.org/1999/xhtml" xml:lang="en" lang="en">
 <head>
  <title>
</title>
<meta http-equiv="Content-Type" content="text/html;charset=utf-8" />
  <meta name='ocr-system' content='tesseract 3.04.00' />
  <meta name='ocr-capabilities' content='ocr_page ocr_carea ocr_par ocr_line ocrx_word'/>
</head>
<body>
  <div class='ocr_page' id='page_1' title='image "./vitaetregulassp01benegoog_0184.png"; bbox 0 0 4334 5750; ppageno 0'>
   <div class='ocr_carea' id='block_1_1' title="bbox 836 141 1855 278">
    <p class='ocr_par' dir='ltr' id='par_1_1' title="bbox 836 141 1855 278">
     <span class='ocr_line' id='line_1_1' title="bbox 836 141 1855 278; baseline 0.002 -10"><span class='ocrx_word' id='word_1_1' title='bbox 836 143 838 146; x_wconf 69' lang='grc'><strong>’</strong></span> <span class='ocrx_word' id='word_1_2' title='bbox 935 175 1021 267; x_wconf 74' lang='lat' dir='ltr'>cn».</span> <span class='ocrx_word' id='word_1_3' title='bbox 1046 176 1105 248; x_wconf 75' lang='lat' dir='ltr'>tv·</span> <span class='ocrx_word' id='word_1_4' title='bbox 1665 189 1743 272; x_wconf 79' lang='lat' dir='ltr'>ue</span> <span class='ocrx_word' id='word_1_5' title='bbox 1801 271 1804 278; x_wconf 84' lang='grc'>,</span> <span class='ocrx_word' id='word_1_6' title='bbox 1853 141 1855 148; x_wconf 71' lang='grc'><strong>’</strong></span> 
     </span>
    </p>
   </div>
   <div class='ocr_carea' id='block_1_2' title="bbox 234 396 1811 4218">
    <p class='ocr_par' dir='ltr' id='par_1_2' title="bbox 234 396 1809 2750">
     <span class='ocr_line' id='line_1_2' title="bbox 337 396 1744 508; baseline 0.001 -22"><span class='ocrx_word' id='word_1_7' title='bbox 337 441 360 488; x_wconf 87' lang='grc' dir='ltr'>ιι</span> <span class='ocrx_word' id='word_1_8' title='bbox 393 399 579 496; x_wconf 84' lang='grc' dir='ltr'>Ι)ιιιιιίιιιι,</span> <span class='ocrx_word' id='word_1_9' title='bbox 612 397 709 502; x_wconf 76' lang='lat' dir='ltr'>puin</span> <span class='ocrx_word' id='word_1_10' title='bbox 738 396 861 478; x_wconf 88' lang='grc' dir='ltr'>1ιυιιιιι</span> <span class='ocrx_word' id='word_1_11' title='bbox 893 428 991 498; x_wconf 85' lang='grc' dir='ltr'>ιϊιιι,</span> <span class='ocrx_word' id='word_1_12' title='bbox 1023 428 1242 508; x_wconf 87' lang='lat' dir='ltr'>perquam</span> <span class='ocrx_word' id='word_1_13' title='bbox 1270 402 1394 508; x_wconf 80' lang='lat' dir='ltr'>jurat,</span> <span class='ocrx_word' id='word_1_14' title='bbox 1424 411 1496 487; x_wconf 83' lang='lat' dir='ltr'>ard</span> <span class='ocrx_word' id='word_1_15' title='bbox 1525 421 1744 489; x_wconf 75' lang='lat' dir='ltr'>verrroratur</span> 
     </span>
     <span class='ocr_line' id='line_1_3' title="bbox 338 509 1743 645; baseline -0.003 -26"><span class='ocrx_word' id='word_1_16' title='bbox 338 542 406 620; x_wconf 83' lang='lat' dir='ltr'>um</span> <span class='ocrx_word' id='word_1_17' title='bbox 435 530 534 614; x_wconf 86' lang='lat' dir='ltr'>colit</span> <span class='ocrx_word' id='word_1_18' title='bbox 561 533 635 611; x_wconf 91' lang='lat' dir='ltr'>aut</span> <span class='ocrx_word' id='word_1_19' title='bbox 663 525 792 610; x_wconf 85' lang='lat' dir='ltr'>timet.</span> <span class='ocrx_word' id='word_1_20' title='bbox 852 529 1052 613; x_wconf 78' lang='lat' dir='ltr'>Dominus</span> <span class='ocrx_word' id='word_1_21' title='bbox 1081 531 1187 613; x_wconf 87' lang='lat' dir='ltr'>cuirn</span> <span class='ocrx_word' id='word_1_22' title='bbox 1218 509 1472 618; x_wconf 79' lang='lat' dir='ltr'>concesserat</span> <span class='ocrx_word' id='word_1_23' title='bbox 1499 534 1579 619; x_wconf 78' lang='lat' dir='ltr'>illie</span> <span class='ocrx_word' id='word_1_24' title='bbox 1603 536 1743 645; x_wconf 86' lang='lat' dir='ltr'>jurare</span> 
     </span>
     <span class='ocr_line' id='line_1_4' title="bbox 338 653 1742 776; baseline 0 -32"><span class='ocrx_word' id='word_1_25' title='bbox 338 693 407 776; x_wconf 90' lang='lat' dir='ltr'>per</span> <span class='ocrx_word' id='word_1_26' title='bbox 428 659 701 768; x_wconf 79' lang='lat' dir='ltr'>snruetipsum,</span> <span class='ocrx_word' id='word_1_27' title='bbox 727 653 783 741; x_wconf 49' lang='lat' dir='ltr'>&#39;uc</span> <span class='ocrx_word' id='word_1_28' title='bbox 800 659 990 766; x_wconf 85' lang='lat' dir='ltr'>jurarent</span> <span class='ocrx_word' id='word_1_29' title='bbox 1013 687 1084 768; x_wconf 91' lang='lat' dir='ltr'>per</span> <span class='ocrx_word' id='word_1_30' title='bbox 1102 659 1199 744; x_wconf 78' lang='lat' dir='ltr'>elenu</span> <span class='ocrx_word' id='word_1_31' title='bbox 1219 662 1387 748; x_wconf 79' lang='lat' dir='ltr'>alienos.</span> <span class='ocrx_word' id='word_1_32' title='bbox 1434 663 1742 748; x_wconf 71' lang='lat' dir='ltr'>uuintoniam</span> 
     </span>
     <span class='ocr_line' id='line_1_5' title="bbox 340 789 1803 908; baseline 0 -32"><span class='ocrx_word' id='word_1_33' title='bbox 340 795 597 908; x_wconf 82' lang='lat' dir='ltr'>praeceperat</span> <span class='ocrx_word' id='word_1_34' title='bbox 625 789 706 874; x_wconf 83' lang='lat' dir='ltr'>illis</span> <span class='ocrx_word' id='word_1_35' title='bbox 721 789 859 898; x_wconf 88' lang='lat' dir='ltr'>jurare</span> <span class='ocrx_word' id='word_1_36' title='bbox 880 792 1244 901; x_wconf 77' lang='lat' dir='ltr'>persemetipsum,</span> <span class='ocrx_word' id='word_1_37' title='bbox 1275 823 1355 902; x_wconf 88' lang='lat' dir='ltr'>qua</span> <span class='ocrx_word' id='word_1_38' title='bbox 1372 795 1494 879; x_wconf 83' lang='lat' dir='ltr'>etiam</span> <span class='ocrx_word' id='word_1_39' title='bbox 1513 794 1742 879; x_wconf 84' lang='lat' dir='ltr'>intentione</span> <span class='ocrx_word' id='word_1_40' title='bbox 1801 849 1803 853; x_wconf 65' lang='lat'>,</span> 
     </span>
     <span class='ocr_line' id='line_1_6' title="bbox 338 907 1809 1037; baseline 0.001 -29"><span class='ocrx_word' id='word_1_41' title='bbox 338 926 598 1037; x_wconf 74' lang='lat' dir='ltr'>praeceperat</span> <span class='ocrx_word' id='word_1_42' title='bbox 627 920 705 1005; x_wconf 82' lang='lat' dir='ltr'>illis</span> <span class='ocrx_word' id='word_1_43' title='bbox 729 922 874 1006; x_wconf 80' lang='lat' dir='ltr'>offerre</span> <span class='ocrx_word' id='word_1_44' title='bbox 897 907 974 1006; x_wconf 87' lang='lat' dir='ltr'>sibi</span> <span class='ocrx_word' id='word_1_45' title='bbox 997 921 1239 1007; x_wconf 80' lang='lat' dir='ltr'>sacrificium</span> <span class='ocrx_word' id='word_1_46' title='bbox 1261 925 1443 1022; x_wconf 64' lang='lat' dir='ltr'>cannula</span> <span class='ocrx_word' id='word_1_47' title='bbox 1473 953 1743 1036; x_wconf 86' lang='lat' dir='ltr'>praeuccupa-</span> <span class='ocrx_word' id='word_1_48' title='bbox 1803 927 1809 992; x_wconf 73' lang='grc' dir='ltr'><strong><em>ἑ</em></strong></span> 
     </span>
     <span class='ocr_line' id='line_1_7' title="bbox 337 1050 1742 1166; baseline 0.002 -27"><span class='ocrx_word' id='word_1_49' title='bbox 337 1061 448 1139; x_wconf 83' lang='lat' dir='ltr'>reret</span> <span class='ocrx_word' id='word_1_50' title='bbox 475 1051 583 1136; x_wconf 89' lang='lat' dir='ltr'>euim</span> <span class='ocrx_word' id='word_1_51' title='bbox 614 1050 705 1134; x_wconf 82' lang='lat' dir='ltr'>illos</span> <span class='ocrx_word' id='word_1_52' title='bbox 733 1051 774 1134; x_wconf 93' lang='lat' dir='ltr'>in</span> <span class='ocrx_word' id='word_1_53' title='bbox 805 1057 1012 1140; x_wconf 78' lang='lat' dir='ltr'>sacrifieiis</span> <span class='ocrx_word' id='word_1_54' title='bbox 1042 1054 1259 1142; x_wconf 81' lang='lat' dir='ltr'>offerendis</span> <span class='ocrx_word' id='word_1_55' title='bbox 1285 1053 1386 1152; x_wconf 81' lang='lat' dir='ltr'>eibi,</span> <span class='ocrx_word' id='word_1_56' title='bbox 1423 1082 1475 1138; x_wconf 87' lang='lat' dir='ltr'>ue</span> <span class='ocrx_word' id='word_1_57' title='bbox 1504 1055 1589 1166; x_wconf 83' lang='lat' dir='ltr'>ipsu</span> <span class='ocrx_word' id='word_1_58' title='bbox 1617 1058 1742 1142; x_wconf 80' lang='lat' dir='ltr'>eucri-</span> 
     </span>
     <span class='ocr_line' id='line_1_8' title="bbox 336 1181 1743 1274; baseline -0.001 -3"><span class='ocrx_word' id='word_1_59' title='bbox 336 1187 424 1271; x_wconf 86' lang='lat' dir='ltr'>tieia</span> <span class='ocrx_word' id='word_1_60' title='bbox 465 1181 709 1266; x_wconf 80' lang='lat' dir='ltr'>obtulissent</span> <span class='ocrx_word' id='word_1_61' title='bbox 749 1184 824 1268; x_wconf 78' lang='lat' dir='ltr'>eliis</span> <span class='ocrx_word' id='word_1_62' title='bbox 861 1186 1017 1274; x_wconf 83' lang='lat' dir='ltr'>alienis.</span> <span class='ocrx_word' id='word_1_63' title='bbox 1048 1185 1385 1272; x_wconf 82' lang='lat' dir='ltr'>-Ooustriuxerut</span> <span class='ocrx_word' id='word_1_64' title='bbox 1421 1187 1529 1270; x_wconf 88' lang='lat' dir='ltr'>enirn</span> <span class='ocrx_word' id='word_1_65' title='bbox 1568 1187 1660 1272; x_wconf 78' lang='lat' dir='ltr'>illos</span> <span class='ocrx_word' id='word_1_66' title='bbox 1696 1193 1743 1271; x_wconf 93' lang='lat' dir='ltr'>ut</span> 
     </span>
     <span class='ocr_line' id='line_1_9' title="bbox 335 1315 1741 1428; baseline -0.001 -26"><span class='ocrx_word' id='word_1_67' title='bbox 335 1345 480 1415; x_wconf 75' lang='lat' dir='ltr'>somne,</span> <span class='ocrx_word' id='word_1_68' title='bbox 511 1315 714 1399; x_wconf 76' lang='lat' dir='ltr'>nutrierat</span> <span class='ocrx_word' id='word_1_69' title='bbox 742 1323 788 1400; x_wconf 90' lang='lat' dir='ltr'>ut</span> <span class='ocrx_word' id='word_1_70' title='bbox 816 1317 1021 1428; x_wconf 80' lang='lat' dir='ltr'>parrulos.</span> <span class='ocrx_word' id='word_1_71' title='bbox 1078 1317 1192 1402; x_wconf 82' lang='lat' dir='ltr'>Haec</span> <span class='ocrx_word' id='word_1_72' title='bbox 1220 1323 1356 1402; x_wconf 79' lang='lat' dir='ltr'>autern</span> <span class='ocrx_word' id='word_1_73' title='bbox 1390 1317 1554 1402; x_wconf 83' lang='lat' dir='ltr'>licentio</span> <span class='ocrx_word' id='word_1_74' title='bbox 1577 1316 1741 1426; x_wconf 82' lang='lat' dir='ltr'>jurandi</span> 
     </span>
     <span class='ocr_line' id='line_1_10' title="bbox 335 1447 1743 1560; baseline -0.002 -28"><span class='ocrx_word' id='word_1_75' title='bbox 335 1449 417 1533; x_wconf 79' lang='lat' dir='ltr'>nire</span> <span class='ocrx_word' id='word_1_76' title='bbox 445 1447 697 1532; x_wconf 77' lang='lat' dir='ltr'>sacrificandi</span> <span class='ocrx_word' id='word_1_77' title='bbox 727 1475 810 1532; x_wconf 91' lang='lat' dir='ltr'>uon</span> <span class='ocrx_word' id='word_1_78' title='bbox 839 1449 920 1533; x_wconf 73' lang='lat' dir='ltr'>illia</span> <span class='ocrx_word' id='word_1_79' title='bbox 949 1450 991 1534; x_wconf 92' lang='lat' dir='ltr'>iu</span> <span class='ocrx_word' id='word_1_80' title='bbox 1021 1454 1220 1560; x_wconf 89' lang='lat' dir='ltr'>perpetuo</span> <span class='ocrx_word' id='word_1_81' title='bbox 1248 1451 1345 1536; x_wconf 85' lang='lat' dir='ltr'>datu</span> <span class='ocrx_word' id='word_1_82' title='bbox 1373 1457 1458 1551; x_wconf 84' lang='lat' dir='ltr'>cet,</span> <span class='ocrx_word' id='word_1_83' title='bbox 1486 1447 1558 1532; x_wconf 80' lang='lat' dir='ltr'>scel</span> <span class='ocrx_word' id='word_1_84' title='bbox 1586 1447 1743 1530; x_wconf 82' lang='lat' dir='ltr'>tunuliu</span> 
     </span>
     <span class='ocr_line' id='line_1_11' title="bbox 324 1577 1744 1692; baseline 0.002 -34"><span class='ocrx_word' id='word_1_85' title='bbox 324 1582 415 1664; x_wconf 80' lang='lat' dir='ltr'>¹illia</span> <span class='ocrx_word' id='word_1_86' title='bbox 444 1607 651 1676; x_wconf 72' lang='lat' dir='ltr'>correessa</span> <span class='ocrx_word' id='word_1_87' title='bbox 683 1579 813 1666; x_wconf 88' lang='lat' dir='ltr'>donee</span> <span class='ocrx_word' id='word_1_88' title='bbox 843 1581 1002 1666; x_wconf 79' lang='lat' dir='ltr'>rerriret</span> <span class='ocrx_word' id='word_1_89' title='bbox 1029 1581 1110 1684; x_wconf 86' lang='lat' dir='ltr'>ille,</span> <span class='ocrx_word' id='word_1_90' title='bbox 1139 1581 1209 1692; x_wconf 88' lang='lat' dir='ltr'>qui</span> <span class='ocrx_word' id='word_1_91' title='bbox 1234 1581 1442 1666; x_wconf 87' lang='lat' dir='ltr'>meliorem</span> <span class='ocrx_word' id='word_1_92' title='bbox 1467 1579 1601 1690; x_wconf 76' lang='lat' dir='ltr'>legem</span> <span class='ocrx_word' id='word_1_93' title='bbox 1626 1577 1744 1662; x_wconf 85' lang='lat' dir='ltr'>daret</span> 
     </span>
     <span class='ocr_line' id='line_1_12' title="bbox 338 1708 1742 1824; baseline -0.004 -27"><span class='ocrx_word' id='word_1_94' title='bbox 338 1711 439 1797; x_wconf 76' lang='lat' dir='ltr'>liliis.</span> <span class='ocrx_word' id='word_1_95' title='bbox 498 1709 566 1793; x_wconf 77' lang='lat' dir='ltr'>Sic</span> <span class='ocrx_word' id='word_1_96' title='bbox 596 1708 704 1795; x_wconf 85' lang='lat' dir='ltr'>enirn</span> <span class='ocrx_word' id='word_1_97' title='bbox 734 1740 806 1823; x_wconf 90' lang='lat' dir='ltr'>per</span> <span class='ocrx_word' id='word_1_98' title='bbox 834 1713 1079 1824; x_wconf 82' lang='lat' dir='ltr'>prophetem</span> <span class='ocrx_word' id='word_1_99' title='bbox 1119 1714 1241 1799; x_wconf 87' lang='lat' dir='ltr'>dicit:</span> <span class='ocrx_word' id='word_1_100' title='bbox 1288 1712 1398 1799; x_wconf 82' lang='lat' dir='ltr'>Dedi</span> <span class='ocrx_word' id='word_1_101' title='bbox 1435 1714 1495 1798; x_wconf 81' lang='lat' dir='ltr'>cie</span> <span class='ocrx_word' id='word_1_102' title='bbox 1528 1715 1742 1816; x_wconf 84' lang='lat' dir='ltr'>praecepta</span> 
     </span>
     <span class='ocr_line' id='line_1_13' title="bbox 338 1840 1740 1962; baseline -0.001 -35"><span class='ocrx_word' id='word_1_103' title='bbox 338 1871 412 1927; x_wconf 88' lang='lat' dir='ltr'>non</span> <span class='ocrx_word' id='word_1_104' title='bbox 443 1840 570 1942; x_wconf 69' lang='lat' dir='ltr'>botru,</span> <span class='ocrx_word' id='word_1_105' title='bbox 613 1843 656 1925; x_wconf 85' lang='lat' dir='ltr'>in</span> <span class='ocrx_word' id='word_1_106' title='bbox 686 1845 829 1950; x_wconf 77' lang='lat' dir='ltr'>peribas</span> <span class='ocrx_word' id='word_1_107' title='bbox 857 1873 936 1930; x_wconf 88' lang='lat' dir='ltr'>non</span> <span class='ocrx_word' id='word_1_108' title='bbox 966 1848 1115 1948; x_wconf 68' lang='lat' dir='ltr'>vivam</span> <span class='ocrx_word' id='word_1_109' title='bbox 1156 1847 1207 1931; x_wconf 88' lang='lat' dir='ltr'>ad</span> <span class='ocrx_word' id='word_1_110' title='bbox 1247 1845 1592 1962; x_wconf 79' lang='lat' dir='ltr'>comparationem</span> <span class='ocrx_word' id='word_1_111' title='bbox 1634 1842 1740 1928; x_wconf 88' lang='lat' dir='ltr'>enirn</span> 
     </span>
     <span class='ocr_line' id='line_1_14' title="bbox 334 1955 1743 2089; baseline 0 -31"><span class='ocrx_word' id='word_1_112' title='bbox 334 1973 543 2058; x_wconf 88' lang='lat' dir='ltr'>meliorum</span> <span class='ocrx_word' id='word_1_113' title='bbox 575 2003 657 2058; x_wconf 91' lang='lat' dir='ltr'>uon</span> <span class='ocrx_word' id='word_1_114' title='bbox 687 1983 784 2060; x_wconf 80' lang='lat' dir='ltr'>eunt</span> <span class='ocrx_word' id='word_1_115' title='bbox 813 1976 931 2076; x_wconf 85' lang='lat' dir='ltr'>bonu,</span> <span class='ocrx_word' id='word_1_116' title='bbox 963 1977 1349 2089; x_wconf 74' lang='lat' dir='ltr'>nausibimetipsis</span> <span class='ocrx_word' id='word_1_117' title='bbox 1377 1955 1615 2087; x_wconf 82' lang='lat' dir='ltr'>comparatu</span> <span class='ocrx_word' id='word_1_118' title='bbox 1634 1973 1743 2058; x_wconf 88' lang='lat' dir='ltr'>bona</span> 
     </span>
     <span class='ocr_line' id='line_1_15' title="bbox 334 2105 1743 2212; baseline 0.001 -24"><span class='ocrx_word' id='word_1_119' title='bbox 334 2111 441 2190; x_wconf 71' lang='lat' dir='ltr'>ureret.</span> <span class='ocrx_word' id='word_1_120' title='bbox 497 2107 551 2190; x_wconf 79' lang='lat' dir='ltr'>lit</span> <span class='ocrx_word' id='word_1_121' title='bbox 579 2106 677 2190; x_wconf 87' lang='lat' dir='ltr'>item</span> <span class='ocrx_word' id='word_1_122' title='bbox 708 2108 830 2194; x_wconf 84' lang='lat' dir='ltr'>dicit:</span> <span class='ocrx_word' id='word_1_123' title='bbox 860 2107 980 2194; x_wconf 79' lang='lat' dir='ltr'>Dabo</span> <span class='ocrx_word' id='word_1_124' title='bbox 1007 2109 1067 2194; x_wconf 77' lang='lat' dir='ltr'>eis</span> <span class='ocrx_word' id='word_1_125' title='bbox 1093 2115 1369 2196; x_wconf 66' lang='lat' dir='ltr'>welurnentum</span> <span class='ocrx_word' id='word_1_126' title='bbox 1395 2137 1476 2194; x_wconf 85' lang='lat' dir='ltr'>non</span> <span class='ocrx_word' id='word_1_127' title='bbox 1503 2107 1596 2207; x_wconf 86' lang='lat' dir='ltr'>tede,</span> <span class='ocrx_word' id='word_1_128' title='bbox 1625 2105 1743 2212; x_wconf 75' lang='lat' dir='ltr'>perede</span> 
     </span>
     <span class='ocr_line' id='line_1_16' title="bbox 335 2236 1741 2347; baseline -0.002 -24"><span class='ocrx_word' id='word_1_129' title='bbox 335 2236 427 2323; x_wconf 85' lang='lat' dir='ltr'>dedi</span> <span class='ocrx_word' id='word_1_130' title='bbox 457 2237 648 2343; x_wconf 78' lang='lat' dir='ltr'>putribus</span> <span class='ocrx_word' id='word_1_131' title='bbox 676 2265 832 2343; x_wconf 79' lang='lat' dir='ltr'>currem,</span> <span class='ocrx_word' id='word_1_132' title='bbox 857 2269 956 2325; x_wconf 81' lang='lat' dir='ltr'>cum</span> <span class='ocrx_word' id='word_1_133' title='bbox 986 2242 1190 2328; x_wconf 79' lang='lat' dir='ltr'>educerem</span> <span class='ocrx_word' id='word_1_134' title='bbox 1222 2241 1313 2327; x_wconf 76' lang='lat' dir='ltr'>illos</span> <span class='ocrx_word' id='word_1_135' title='bbox 1341 2241 1390 2326; x_wconf 84' lang='lat' dir='ltr'>cle</span> <span class='ocrx_word' id='word_1_136' title='bbox 1417 2248 1528 2326; x_wconf 80' lang='lat' dir='ltr'>terra</span> <span class='ocrx_word' id='word_1_137' title='bbox 1557 2237 1741 2347; x_wconf 78' lang='lat' dir='ltr'>Aepppti.</span> 
     </span>
     <span class='ocr_line' id='line_1_17' title="bbox 254 2368 1740 2486; baseline -0.001 -32"><span class='ocrx_word' id='word_1_138' title='bbox 254 2457 257 2463; x_wconf 77' lang='grc'><em>,</em></span> <span class='ocrx_word' id='word_1_139' title='bbox 335 2368 419 2454; x_wconf 82' lang='lat' dir='ltr'>lllie</span> <span class='ocrx_word' id='word_1_140' title='bbox 460 2369 568 2454; x_wconf 88' lang='lat' dir='ltr'>euim</span> <span class='ocrx_word' id='word_1_141' title='bbox 609 2373 818 2484; x_wconf 81' lang='lat' dir='ltr'>praecepit</span> <span class='ocrx_word' id='word_1_142' title='bbox 855 2379 902 2458; x_wconf 87' lang='lat' dir='ltr'>ut</span> <span class='ocrx_word' id='word_1_143' title='bbox 939 2375 1084 2475; x_wconf 78' lang='lat' dir='ltr'>servis,</span> <span class='ocrx_word' id='word_1_144' title='bbox 1128 2381 1174 2461; x_wconf 88' lang='lat' dir='ltr'>ut</span> <span class='ocrx_word' id='word_1_145' title='bbox 1209 2377 1416 2486; x_wconf 82' lang='lat' dir='ltr'>jurarent,</span> <span class='ocrx_word' id='word_1_146' title='bbox 1460 2371 1576 2457; x_wconf 82' lang='lat' dir='ltr'>nobie</span> <span class='ocrx_word' id='word_1_147' title='bbox 1604 2374 1740 2454; x_wconf 78' lang='lat' dir='ltr'>auteur</span> 
     </span>
     <span class='ocr_line' id='line_1_18' title="bbox 335 2501 1739 2624; baseline -0.003 -38"><span class='ocrx_word' id='word_1_148' title='bbox 335 2502 541 2614; x_wconf 86' lang='lat' dir='ltr'>praecepit</span> <span class='ocrx_word' id='word_1_149' title='bbox 569 2509 616 2588; x_wconf 94' lang='lat' dir='ltr'>ut</span> <span class='ocrx_word' id='word_1_150' title='bbox 645 2504 752 2609; x_wconf 84' lang='lat' dir='ltr'>filiis,</span> <span class='ocrx_word' id='word_1_151' title='bbox 782 2535 864 2591; x_wconf 89' lang='lat' dir='ltr'>uon</span> <span class='ocrx_word' id='word_1_152' title='bbox 883 2507 1021 2614; x_wconf 86' lang='lat' dir='ltr'>jurare</span> <span class='ocrx_word' id='word_1_153' title='bbox 1047 2508 1238 2624; x_wconf 71' lang='grc' dir='ltr'>οιιιιιὶιιοι</span> <span class='ocrx_word' id='word_1_154' title='bbox 1269 2508 1333 2593; x_wconf 90' lang='lat' dir='ltr'>lex</span> <span class='ocrx_word' id='word_1_155' title='bbox 1354 2505 1463 2592; x_wconf 88' lang='lat' dir='ltr'>enim</span> <span class='ocrx_word' id='word_1_156' title='bbox 1483 2529 1555 2616; x_wconf 86' lang='lat' dir='ltr'>per</span> <span class='ocrx_word' id='word_1_157' title='bbox 1569 2501 1739 2611; x_wconf 74' lang='lat' dir='ltr'>Moysen</span> 
     </span>
     <span class='ocr_line' id='line_1_19' title="bbox 234 2635 1740 2750; baseline -0.005 -24"><span class='ocrx_word' id='word_1_158' title='bbox 234 2715 239 2726; x_wconf 93' lang='lat'>.</span> <span class='ocrx_word' id='word_1_159' title='bbox 335 2637 429 2723; x_wconf 79' lang='lat' dir='ltr'>(lata</span> <span class='ocrx_word' id='word_1_160' title='bbox 456 2641 518 2722; x_wconf 81' lang='lat' dir='ltr'>eet</span> <span class='ocrx_word' id='word_1_161' title='bbox 546 2668 571 2722; x_wconf 84' lang='lat' dir='ltr'>c</span> <span class='ocrx_word' id='word_1_162' title='bbox 597 2635 847 2723; x_wconf 65' lang='lat' dir='ltr'>iudaeorum</span> <span class='ocrx_word' id='word_1_163' title='bbox 878 2639 1080 2750; x_wconf 85' lang='lat' dir='ltr'>prolecta,</span> <span class='ocrx_word' id='word_1_164' title='bbox 1112 2642 1135 2728; x_wconf 93' lang='lat' dir='ltr'>i.</span> <span class='ocrx_word' id='word_1_165' title='bbox 1157 2671 1190 2728; x_wconf 90' lang='lat' dir='ltr'>e.</span> <span class='ocrx_word' id='word_1_166' title='bbox 1220 2640 1271 2726; x_wconf 80' lang='lat' dir='ltr'>cel</span> <span class='ocrx_word' id='word_1_167' title='bbox 1301 2637 1593 2748; x_wconf 81' lang='lat' dir='ltr'>perfectionem</span> <span class='ocrx_word' id='word_1_168' title='bbox 1622 2663 1740 2720; x_wconf 80' lang='lat' dir='ltr'>sano·</span> 
     </span>
    </p>

    <p class='ocr_par' dir='ltr' id='par_1_3' title="bbox 274 2765 1811 4218">
     <span class='ocr_line' id='line_1_20' title="bbox 274 2765 1742 2884; baseline -0.004 -28"><span class='ocrx_word' id='word_1_169' title='bbox 274 2837 277 2844; x_wconf 81' lang='grc'><em>.</em></span> <span class='ocrx_word' id='word_1_170' title='bbox 336 2773 464 2856; x_wconf 80' lang='lat' dir='ltr'>litatis</span> <span class='ocrx_word' id='word_1_171' title='bbox 493 2773 577 2857; x_wconf 84' lang='lat' dir='ltr'>sive</span> <span class='ocrx_word' id='word_1_172' title='bbox 606 2771 833 2882; x_wconf 87' lang='lat' dir='ltr'>prolectam</span> <span class='ocrx_word' id='word_1_173' title='bbox 862 2803 887 2855; x_wconf 83' lang='lat' dir='ltr'>e</span> <span class='ocrx_word' id='word_1_174' title='bbox 915 2771 1048 2882; x_wconf 79' lang='lat' dir='ltr'>gratie</span> <span class='ocrx_word' id='word_1_175' title='bbox 1076 2771 1290 2884; x_wconf 80' lang='lat' dir='ltr'>Evangelii</span> <span class='ocrx_word' id='word_1_176' title='bbox 1332 2769 1560 2882; x_wconf 81' lang='lat' dir='ltr'>accepit;¹)</span> <span class='ocrx_word' id='word_1_177' title='bbox 1602 2765 1742 2854; x_wconf 86' lang='lat' dir='ltr'>oruuia</span> 
     </span>
     <span class='ocr_line' id='line_1_21' title="bbox 334 2895 1738 3010; baseline -0.007 -20"><span class='ocrx_word' id='word_1_178' title='bbox 334 2907 438 2990; x_wconf 87' lang='lat' dir='ltr'>enirn</span> <span class='ocrx_word' id='word_1_179' title='bbox 470 2933 575 2989; x_wconf 85' lang='lat' dir='ltr'>nova</span> <span class='ocrx_word' id='word_1_180' title='bbox 602 2902 852 2987; x_wconf 80' lang='lat' dir='ltr'>areteribus</span> <span class='ocrx_word' id='word_1_181' title='bbox 876 2913 1044 2988; x_wconf 82' lang='lat' dir='ltr'>surnuu&#39;t</span> <span class='ocrx_word' id='word_1_182' title='bbox 1075 2906 1321 2992; x_wconf 73' lang='lat' dir='ltr'>testimonia.</span> <span class='ocrx_word' id='word_1_183' title='bbox 1364 2905 1455 2989; x_wconf 90' lang='lat' dir='ltr'>Hoc</span> <span class='ocrx_word' id='word_1_184' title='bbox 1478 2902 1600 2998; x_wconf 75' lang='lat' dir='ltr'>euim,</span> <span class='ocrx_word' id='word_1_185' title='bbox 1630 2895 1738 3010; x_wconf 84' lang='lat' dir='ltr'>quod</span> 
     </span>
     <span class='ocr_line' id='line_1_22' title="bbox 336 3034 1741 3145; baseline -0.008 -23"><span class='ocrx_word' id='word_1_186' title='bbox 336 3037 534 3122; x_wconf 83' lang='lat' dir='ltr'>Donnuue</span> <span class='ocrx_word' id='word_1_187' title='bbox 574 3034 792 3145; x_wconf 82' lang='lat' dir='ltr'>praecipit,</span> <span class='ocrx_word' id='word_1_188' title='bbox 840 3062 920 3118; x_wconf 93' lang='lat' dir='ltr'>uon</span> <span class='ocrx_word' id='word_1_189' title='bbox 956 3038 1095 3144; x_wconf 84' lang='lat' dir='ltr'>jurare</span> <span class='ocrx_word' id='word_1_190' title='bbox 1139 3067 1212 3120; x_wconf 88' lang='lat' dir='ltr'>nos</span> <span class='ocrx_word' id='word_1_191' title='bbox 1252 3039 1442 3137; x_wconf 81' lang='lat' dir='ltr'>omnino,</span> <span class='ocrx_word' id='word_1_192' title='bbox 1487 3036 1610 3144; x_wconf 75' lang='lat' dir='ltr'>longe</span> <span class='ocrx_word' id='word_1_193' title='bbox 1644 3037 1741 3114; x_wconf 85' lang='lat' dir='ltr'>aute</span> 
     </span>
     <span class='ocr_line' id='line_1_23' title="bbox 335 3160 1742 3280; baseline -0.008 -26"><span class='ocrx_word' id='word_1_194' title='bbox 335 3169 526 3254; x_wconf 73' lang='lat' dir='ltr'>Salomon</span> <span class='ocrx_word' id='word_1_195' title='bbox 558 3197 629 3279; x_wconf 88' lang='lat' dir='ltr'>per</span> <span class='ocrx_word' id='word_1_196' title='bbox 653 3168 852 3280; x_wconf 81' lang='lat' dir='ltr'>Spiritum</span> <span class='ocrx_word' id='word_1_197' title='bbox 884 3167 1081 3255; x_wconf 86' lang='lat' dir='ltr'>Sanctum</span> <span class='ocrx_word' id='word_1_198' title='bbox 1114 3169 1316 3280; x_wconf 78' lang='lat' dir='ltr'>praedixit</span> <span class='ocrx_word' id='word_1_199' title='bbox 1344 3167 1501 3253; x_wconf 78' lang='lat' dir='ltr'>dicens:</span> <span class='ocrx_word' id='word_1_200' title='bbox 1531 3160 1742 3252; x_wconf 78' lang='lat' dir='ltr'>durulioni</span> 
     </span>
     <span class='ocr_line' id='line_1_24' title="bbox 335 3293 1740 3400; baseline -0.006 -15"><span class='ocrx_word' id='word_1_201' title='bbox 335 3329 378 3400; x_wconf 80' lang='lat' dir='ltr'>or</span> <span class='ocrx_word' id='word_1_202' title='bbox 405 3308 513 3388; x_wconf 77' lang='lat' dir='ltr'>leuem</span> <span class='ocrx_word' id='word_1_203' title='bbox 556 3327 635 3387; x_wconf 86' lang='lat' dir='ltr'>aon</span> <span class='ocrx_word' id='word_1_204' title='bbox 677 3301 901 3388; x_wconf 77' lang='lat' dir='ltr'>adsuescat.</span> <span class='ocrx_word' id='word_1_205' title='bbox 960 3302 1015 3387; x_wconf 78' lang='lat' dir='ltr'>ut</span> <span class='ocrx_word' id='word_1_206' title='bbox 1051 3305 1198 3389; x_wconf 85' lang='lat' dir='ltr'>iterum</span> <span class='ocrx_word' id='word_1_207' title='bbox 1239 3303 1360 3388; x_wconf 85' lang='lat' dir='ltr'>idem</span> <span class='ocrx_word' id='word_1_208' title='bbox 1384 3303 1579 3388; x_wconf 83' lang='lat' dir='ltr'>Salomon</span> <span class='ocrx_word' id='word_1_209' title='bbox 1618 3293 1740 3379; x_wconf 85' lang='lat' dir='ltr'>dicit:</span> 
     </span>
     <span class='ocr_line' id='line_1_25' title="bbox 338 3427 1741 3550; baseline -0.007 -32"><span class='ocrx_word' id='word_1_210' title='bbox 338 3435 651 3542; x_wconf 77' lang='lat' dir='ltr'>Orrrnle&#39;jmuns</span> <span class='ocrx_word' id='word_1_211' title='bbox 679 3443 751 3520; x_wconf 86' lang='lat' dir='ltr'>unt</span> <span class='ocrx_word' id='word_1_212' title='bbox 779 3438 1031 3550; x_wconf 55' lang='lat' dir='ltr'>nepotiunfl)</span> <span class='ocrx_word' id='word_1_213' title='bbox 1053 3447 1216 3544; x_wconf 83' lang='lat' dir='ltr'>perroto</span> <span class='ocrx_word' id='word_1_214' title='bbox 1244 3465 1324 3524; x_wconf 79' lang='lat' dir='ltr'>eron</span> <span class='ocrx_word' id='word_1_215' title='bbox 1345 3431 1610 3544; x_wconf 77' lang='lat' dir='ltr'>perpatitur,</span> <span class='ocrx_word' id='word_1_216' title='bbox 1650 3427 1677 3510; x_wconf 91' lang='lat' dir='ltr'>i.</span> <span class='ocrx_word' id='word_1_217' title='bbox 1706 3455 1741 3510; x_wconf 91' lang='lat' dir='ltr'>e.</span> 
     </span>
     <span class='ocr_line' id='line_1_26' title="bbox 337 3563 1742 3676; baseline -0.004 -28"><span class='ocrx_word' id='word_1_218' title='bbox 337 3573 502 3676; x_wconf 84' lang='lat' dir='ltr'>peceato</span> <span class='ocrx_word' id='word_1_219' title='bbox 545 3597 627 3654; x_wconf 89' lang='lat' dir='ltr'>nou</span> <span class='ocrx_word' id='word_1_220' title='bbox 668 3571 835 3658; x_wconf 84' lang='lat' dir='ltr'>carebit.</span> <span class='ocrx_word' id='word_1_221' title='bbox 904 3573 1008 3672; x_wconf 71' lang='lat' dir='ltr'>ttuid</span> <span class='ocrx_word' id='word_1_222' title='bbox 1049 3571 1158 3656; x_wconf 84' lang='lat' dir='ltr'>eninr</span> <span class='ocrx_word' id='word_1_223' title='bbox 1198 3600 1359 3656; x_wconf 84' lang='lat' dir='ltr'>necesse</span> <span class='ocrx_word' id='word_1_224' title='bbox 1396 3576 1460 3654; x_wconf 87' lang='lat' dir='ltr'>est</span> <span class='ocrx_word' id='word_1_225' title='bbox 1496 3563 1557 3651; x_wconf 91' lang='lat' dir='ltr'>illi</span> <span class='ocrx_word' id='word_1_226' title='bbox 1589 3563 1742 3673; x_wconf 81' lang='lat' dir='ltr'>jurare,</span> 
     </span>
     <span class='ocr_line' id='line_1_27' title="bbox 334 3688 1744 3816; baseline -0.004 -35"><span class='ocrx_word' id='word_1_227' title='bbox 334 3701 448 3808; x_wconf 76' lang='lat' dir='ltr'>cujus</span> <span class='ocrx_word' id='word_1_228' title='bbox 475 3701 631 3787; x_wconf 86' lang='lat' dir='ltr'>locutio</span> <span class='ocrx_word' id='word_1_229' title='bbox 660 3703 784 3786; x_wconf 86' lang='lat' dir='ltr'>debet</span> <span class='ocrx_word' id='word_1_230' title='bbox 812 3733 897 3788; x_wconf 83' lang='lat' dir='ltr'>esse</span> <span class='ocrx_word' id='word_1_231' title='bbox 927 3705 1078 3807; x_wconf 83' lang='lat' dir='ltr'>fidelis,</span> <span class='ocrx_word' id='word_1_232' title='bbox 1123 3713 1170 3788; x_wconf 90' lang='lat' dir='ltr'>ut</span> <span class='ocrx_word' id='word_1_233' title='bbox 1198 3731 1272 3816; x_wconf 89' lang='lat' dir='ltr'>pro</span> <span class='ocrx_word' id='word_1_234' title='bbox 1304 3705 1541 3812; x_wconf 84' lang='lat' dir='ltr'>juramento</span> <span class='ocrx_word' id='word_1_235' title='bbox 1569 3688 1744 3804; x_wconf 84' lang='lat' dir='ltr'>accipia-</span> 
     </span>
     <span class='ocr_line' id='line_1_28' title="bbox 335 3833 1811 3947; baseline -0.003 -32"><span class='ocrx_word' id='word_1_236' title='bbox 335 3839 429 3934; x_wconf 72' lang='lat' dir='ltr'>tur?</span> <span class='ocrx_word' id='word_1_237' title='bbox 489 3833 582 3919; x_wconf 69' lang='grc' dir='ltr'>ΙιΙιιιι</span> <span class='ocrx_word' id='word_1_238' title='bbox 612 3837 822 3946; x_wconf 85' lang='lat' dir='ltr'>praecepit</span> <span class='ocrx_word' id='word_1_239' title='bbox 845 3835 1056 3927; x_wconf 79' lang='lat' dir='ltr'>Dominus.</span> <span class='ocrx_word' id='word_1_240' title='bbox 1089 3865 1170 3920; x_wconf 92' lang='lat' dir='ltr'>nou</span> <span class='ocrx_word' id='word_1_241' title='bbox 1196 3839 1334 3947; x_wconf 82' lang='lat' dir='ltr'>jurare</span> <span class='ocrx_word' id='word_1_242' title='bbox 1362 3835 1542 3932; x_wconf 87' lang='lat' dir='ltr'>omnino,</span> <span class='ocrx_word' id='word_1_243' title='bbox 1573 3857 1626 3912; x_wconf 88' lang='lat' dir='ltr'>ne</span> <span class='ocrx_word' id='word_1_244' title='bbox 1653 3855 1742 3935; x_wconf 76' lang='lat' dir='ltr'>npe-</span> <span class='ocrx_word' id='word_1_245' title='bbox 1807 3848 1811 3857; x_wconf 83' lang='lat'>·</span> 
     </span>
     <span class='ocr_line' id='line_1_29' title="bbox 336 3953 1742 4077; baseline -0.003 -33"><span class='ocrx_word' id='word_1_246' title='bbox 336 3972 472 4049; x_wconf 75' lang='lat' dir='ltr'>rorent</span> <span class='ocrx_word' id='word_1_247' title='bbox 499 3965 568 4049; x_wconf 90' lang='lat' dir='ltr'>ulii</span> <span class='ocrx_word' id='word_1_248' title='bbox 600 3973 672 4050; x_wconf 89' lang='lat' dir='ltr'>aut</span> <span class='ocrx_word' id='word_1_249' title='bbox 701 3953 956 4077; x_wconf 80' lang='lat' dir='ltr'>speraremus</span> <span class='ocrx_word' id='word_1_250' title='bbox 984 3996 1071 4068; x_wconf 73' lang='lat' dir='ltr'>noe,</span> <span class='ocrx_word' id='word_1_251' title='bbox 1102 3968 1220 4052; x_wconf 84' lang='lat' dir='ltr'>uubis</span> <span class='ocrx_word' id='word_1_252' title='bbox 1244 3968 1375 4051; x_wconf 76' lang='lat' dir='ltr'>inesse</span> <span class='ocrx_word' id='word_1_253' title='bbox 1399 3962 1607 4050; x_wconf 82' lang='lat' dir='ltr'>licentiam</span> <span class='ocrx_word' id='word_1_254' title='bbox 1627 3986 1742 4042; x_wconf 85' lang='lat' dir='ltr'>rnen·</span> 
     </span>
     <span class='ocr_line' id='line_1_30' title="bbox 335 4090 1740 4218; baseline -0.005 -41"><span class='ocrx_word' id='word_1_255' title='bbox 335 4094 459 4179; x_wconf 88' lang='lat' dir='ltr'>tieudi</span> <span class='ocrx_word' id='word_1_256' title='bbox 476 4097 629 4206; x_wconf 73' lang='lat' dir='ltr'>ubsque</span> <span class='ocrx_word' id='word_1_257' title='bbox 639 4099 888 4208; x_wconf 86' lang='lat' dir='ltr'>juramento.</span> <span class='ocrx_word' id='word_1_258' title='bbox 934 4097 1265 4218; x_wconf 79' lang='lat' dir='ltr'>Dominueeuim</span> <span class='ocrx_word' id='word_1_259' title='bbox 1291 4096 1446 4181; x_wconf 85' lang='lat' dir='ltr'>urrilam</span> <span class='ocrx_word' id='word_1_260' title='bbox 1471 4090 1740 4178; x_wconf 83' lang='lat' dir='ltr'>dili&#39;ereutiem</span> 
     </span>
    </p>
   </div>
   <div class='ocr_carea' id='block_1_3' title="bbox 335 4223 1894 4346">
    <p class='ocr_par' dir='ltr' id='par_1_4' title="bbox 335 4223 1894 4346">
     <span class='ocr_line' id='line_1_31' title="bbox 335 4223 1894 4346; baseline -0.004 -39"><span class='ocrx_word' id='word_1_261' title='bbox 335 4228 422 4311; x_wconf 88' lang='lat' dir='ltr'>vult</span> <span class='ocrx_word' id='word_1_262' title='bbox 465 4257 550 4313; x_wconf 76' lang='lat' dir='ltr'>esee</span> <span class='ocrx_word' id='word_1_263' title='bbox 580 4231 705 4314; x_wconf 51' lang='lat' dir='ltr'>¹iuter</span> <span class='ocrx_word' id='word_1_264' title='bbox 748 4231 1006 4315; x_wconf 84' lang='lat' dir='ltr'>mendacium</span> <span class='ocrx_word' id='word_1_265' title='bbox 1055 4237 1096 4316; x_wconf 91' lang='lat' dir='ltr'>et</span> <span class='ocrx_word' id='word_1_266' title='bbox 1135 4231 1439 4338; x_wconf 69' lang='lat' dir='ltr'>,juramentum</span> <span class='ocrx_word' id='word_1_267' title='bbox 1486 4227 1592 4311; x_wconf 79' lang='lat' dir='ltr'>sicut</span> <span class='ocrx_word' id='word_1_268' title='bbox 1632 4223 1740 4306; x_wconf 88' lang='lat' dir='ltr'>enim</span> <span class='ocrx_word' id='word_1_269' title='bbox 1811 4341 1813 4346; x_wconf 23' lang='grc' dir='ltr'>Ι</span> <span class='ocrx_word' id='word_1_270' title='bbox 1887 4333 1894 4344; x_wconf 84' lang='lat'><em>‚</em></span> 
     </span>
    </p>
   </div>
   <div class='ocr_carea' id='block_1_4' title="bbox 335 4356 1777 4866">
    <p class='ocr_par' dir='ltr' id='par_1_5' title="bbox 335 4356 1777 4866">
     <span class='ocr_line' id='line_1_32' title="bbox 335 4356 1743 4474; baseline -0.004 -32"><span class='ocrx_word' id='word_1_271' title='bbox 335 4361 513 4444; x_wconf 83' lang='lat' dir='ltr'>carendo</span> <span class='ocrx_word' id='word_1_272' title='bbox 550 4371 612 4448; x_wconf 81' lang='lat' dir='ltr'>est</span> <span class='ocrx_word' id='word_1_273' title='bbox 650 4363 820 4474; x_wconf 82' lang='lat' dir='ltr'>perfidia</span> <span class='ocrx_word' id='word_1_274' title='bbox 857 4362 900 4446; x_wconf 89' lang='lat' dir='ltr'>in</span> <span class='ocrx_word' id='word_1_275' title='bbox 935 4362 1192 4470; x_wconf 78' lang='lat' dir='ltr'>juramento,</span> <span class='ocrx_word' id='word_1_276' title='bbox 1231 4361 1290 4447; x_wconf 85' lang='lat' dir='ltr'>ite</span> <span class='ocrx_word' id='word_1_277' title='bbox 1317 4361 1440 4446; x_wconf 83' lang='lat' dir='ltr'>debet</span> <span class='ocrx_word' id='word_1_278' title='bbox 1468 4356 1601 4445; x_wconf 82' lang='lat' dir='ltr'>careri</span> <span class='ocrx_word' id='word_1_279' title='bbox 1630 4377 1743 4440; x_wconf 86' lang='lat' dir='ltr'>meu·</span> 
     </span>
     <span class='ocr_line' id='line_1_33' title="bbox 335 4484 1744 4605; baseline -0.003 -33"><span class='ocrx_word' id='word_1_280' title='bbox 335 4490 492 4576; x_wconf 85' lang='lat' dir='ltr'>dacium</span> <span class='ocrx_word' id='word_1_281' title='bbox 524 4493 565 4578; x_wconf 92' lang='lat' dir='ltr'>in</span> <span class='ocrx_word' id='word_1_282' title='bbox 597 4492 816 4592; x_wconf 79' lang='lat' dir='ltr'>locutione,</span> <span class='ocrx_word' id='word_1_283' title='bbox 847 4494 942 4605; x_wconf 88' lang='lat' dir='ltr'>quia</span> <span class='ocrx_word' id='word_1_284' title='bbox 967 4499 1187 4604; x_wconf 87' lang='lat' dir='ltr'>utrumque</span> <span class='ocrx_word' id='word_1_285' title='bbox 1204 4493 1403 4580; x_wconf 75' lang='lat' dir='ltr'>Dominus</span> <span class='ocrx_word' id='word_1_286' title='bbox 1416 4491 1588 4603; x_wconf 83' lang='lat' dir='ltr'>judicat.</span> <span class='ocrx_word' id='word_1_287' title='bbox 1632 4484 1744 4574; x_wconf 88' lang='lat' dir='ltr'>Dicit</span> 
     </span>
     <span class='ocr_line' id='line_1_34' title="bbox 338 4619 1777 4732; baseline -0.002 -29"><span class='ocrx_word' id='word_1_288' title='bbox 338 4621 442 4708; x_wconf 82' lang='lat' dir='ltr'>euim</span> <span class='ocrx_word' id='word_1_289' title='bbox 491 4625 731 4711; x_wconf 74' lang='lat' dir='ltr'>Psalrnistur</span> <span class='ocrx_word' id='word_1_290' title='bbox 780 4624 935 4710; x_wconf 82' lang='lat' dir='ltr'>Perdes</span> <span class='ocrx_word' id='word_1_291' title='bbox 976 4651 1065 4728; x_wconf 83' lang='lat' dir='ltr'>roe,</span> <span class='ocrx_word' id='word_1_292' title='bbox 1112 4626 1182 4732; x_wconf 81' lang='lat' dir='ltr'>qui</span> <span class='ocrx_word' id='word_1_293' title='bbox 1223 4623 1436 4732; x_wconf 68' lang='lat' dir='ltr'>loquantur,</span> <span class='ocrx_word' id='word_1_294' title='bbox 1476 4619 1777 4706; x_wconf 65' lang='lat' dir='ltr'>anemurium.-</span> 
     </span>
     <span class='ocr_line' id='line_1_35' title="bbox 337 4747 1743 4866; baseline -0.002 -30"><span class='ocrx_word' id='word_1_295' title='bbox 337 4751 391 4837; x_wconf 84' lang='lat' dir='ltr'>Et</span> <span class='ocrx_word' id='word_1_296' title='bbox 419 4758 661 4866; x_wconf 81' lang='lat' dir='ltr'>Apostolus:</span> <span class='ocrx_word' id='word_1_297' title='bbox 708 4755 765 4841; x_wconf 81' lang='lat' dir='ltr'>Oe</span> <span class='ocrx_word' id='word_1_298' title='bbox 800 4757 906 4862; x_wconf 76' lang='lat' dir='ltr'>qaod</span> <span class='ocrx_word' id='word_1_299' title='bbox 942 4759 1155 4864; x_wconf 73' lang='lat' dir='ltr'>meratitae,</span> <span class='ocrx_word' id='word_1_300' title='bbox 1199 4757 1341 4844; x_wconf 81' lang='lat' dir='ltr'>oceidit</span> <span class='ocrx_word' id='word_1_301' title='bbox 1373 4755 1569 4841; x_wconf 74' lang='lat' dir='ltr'>cetimum.</span> <span class='ocrx_word' id='word_1_302' title='bbox 1624 4747 1682 4834; x_wconf 82' lang='lat' dir='ltr'>Ilt</span> <span class='ocrx_word' id='word_1_303' title='bbox 1708 4748 1743 4833; x_wconf 87' lang='lat' dir='ltr'>si</span> 
     </span>
    </p>
   </div>
   <div class='ocr_carea' id='block_1_5' title="bbox 336 4949 618 4972">
    <p class='ocr_par' dir='ltr' id='par_1_6' title="bbox 336 4949 618 4972">
     <span class='ocr_line' id='line_1_36' title="bbox 336 4949 618 4972; baseline -0.011 0"><span class='ocrx_word' id='word_1_304' title='bbox 336 4959 548 4972; x_wconf 52' lang='lat' dir='ltr'>*numu—...-</span> <span class='ocrx_word' id='word_1_305' title='bbox 568 4963 593 4969; x_wconf 90' lang='lat'>-.</span> <span class='ocrx_word' id='word_1_306' title='bbox 615 4949 618 4954; x_wconf 63' lang='lat'><em>¹</em></span> 
     </span>
    </p>
   </div>
   <div class='ocr_carea' id='block_1_6' title="bbox 406 5041 1217 5248">
    <p class='ocr_par' dir='ltr' id='par_1_7' title="bbox 406 5041 1217 5248">
     <span class='ocr_line' id='line_1_37' title="bbox 406 5041 1217 5136; baseline -0.002 -21"><span class='ocrx_word' id='word_1_307' title='bbox 406 5047 452 5128; x_wconf 82' lang='lat'>‘¹)</span> <span class='ocrx_word' id='word_1_308' title='bbox 475 5041 653 5115; x_wconf 73' lang='lat' dir='ltr'>sententie</span> <span class='ocrx_word' id='word_1_309' title='bbox 675 5045 765 5116; x_wconf 77' lang='lat' dir='ltr'>hece</span> <span class='ocrx_word' id='word_1_310' title='bbox 788 5041 845 5114; x_wconf 84' lang='lat' dir='ltr'>rix</span> <span class='ocrx_word' id='word_1_311' title='bbox 869 5041 1121 5136; x_wconf 71' lang='lat' dir='ltr'>intelligibilis.</span> <span class='ocrx_word' id='word_1_312' title='bbox 1214 5060 1217 5066; x_wconf 85' lang='lat'>·</span> 
     </span>
     <span class='ocr_line' id='line_1_38' title="bbox 422 5153 968 5248; baseline 0.007 -24"><span class='ocrx_word' id='word_1_313' title='bbox 422 5155 450 5244; x_wconf 83' lang='lat'>²)</span> <span class='ocrx_word' id='word_1_314' title='bbox 472 5155 666 5229; x_wconf 82' lang='lat' dir='ltr'>nominum.</span> <span class='ocrx_word' id='word_1_315' title='bbox 709 5153 795 5227; x_wconf 84' lang='lat' dir='ltr'>edit.</span> <span class='ocrx_word' id='word_1_316' title='bbox 820 5153 968 5248; x_wconf 75' lang='lat' dir='ltr'>vulgat.</span> 
     </span>
    </p>
   </div>
   <div class='ocr_carea' id='block_1_7' title="bbox 0 0 2172 5750">
    <p class='ocr_par' dir='ltr' id='par_1_8' title="bbox 0 0 2172 5750">
     <span class='ocr_line' id='line_1_39' title="bbox 0 0 2172 5750; baseline 0 0"><span class='ocrx_word' id='word_1_317' title='bbox 0 0 2172 5750; x_wconf 95' lang='lat' dir='ltr'> </span> 
     </span>
    </p>
   </div>
  </div>
 </body>
</html>
