3934 5762
219 183 275 270 56
457 241 460 249 -
829 177 1013 270 Ptolom

143 389 146 394 ¹
220 400 472 488 tubernaculi
503 428 587 488 non
609 400 744 486 solum
762 401 807 486 in
825 400 1005 514 psalmis,
1035 429 1176 504 uenum
1193 401 1319 492 etiam
1341 401 1385 488 in
1404 400 1632 512 Evangelio

221 533 336 620 dicit
384 529 491 618 Nam
520 529 674 618 idcirco
701 533 744 616 iu
773 533 1008 620 ostensione
1035 534 1125 620 viae
1152 537 1229 640 est,
1257 532 1367 646 quia,
1394 533 1466 645 qni
1494 533 1536 618 in
1567 536 1633 622 vin

221 671 296 770 est,
335 664 470 751 edisne
508 663 688 750 sustinet
723 665 894 774 aliquid,
930 668 958 754 i.
997 695 1034 758 e.
1075 667 1235 776 pluvias
1274 671 1317 750 ει
1354 665 1525 750 flumina
1561 695 1632 754 seu

222 801 367 884 uentos
394 796 569 909 patitur.
608 794 727 881 Istud
756 826 866 900 nero,
895 799 1005 908 quod
1026 799 1150 885 dicit:
1180 798 1276 906 quein
1292 801 1362 906 qni
1383 798 1498 882 uendit
1515 799 1634 883 rerba

221 956 311 1014 snm
337 927 447 1033 leuce,
475 928 521 1013 in
550 928 633 1014 line
653 929 866 1032 sermonis,
894 958 1015 1039 quem
1034 932 1078 1016 in
1096 935 1238 1016 monte
1254 931 1413 1034 lnabuit,
1437 929 1635 1014 Dominus

222 1063 385 1147 loeutus
412 1064 487 1146 est.
529 1059 606 1146 llle
634 1062 742 1145 enim
771 1063 815 1146 in
844 1070 985 1148 moute
1004 1065 1109 1149 dixit
1136 1067 1355 1172 praecepta
1376 1062 1634 1158 moralitatis,

222 1193 400 1290 maxime
429 1219 490 1294 ea,
518 1220 626 1301 quae
654 1219 754 1302 erga
781 1221 1041 1280 communem
1058 1195 1414 1280 conversationem
1441 1196 1636 1294 attinent,
1737 1223 1741 1240 ·

223 1323 447 1408 etidcirco
487 1352 571 1420 nun
612 1323 799 1409 absolute
827 1323 932 1406 dixit
960 1351 1061 1428 sinen,
1096 1326 1165 1408 sed
1202 1322 1414 1431 subjunxit
1441 1321 1551 1420 llaec,
1589 1350 1636 1408 ac

222 1453 258 1536 si
286 1453 463 1560 dicerett
493 1453 574 1539 ista
607 1481 712 1563 quae
751 1454 793 1537 in
829 1453 907 1538 hoo
936 1461 1078 1541 nnonnte
1105 1455 1268 1540 loentns
1293 1455 1398 1540 snm.
1456 1451 1506 1539 D.
1544 1480 1639 1535 vero

148 1584 474 1668 ..Benedictus
514 1583 611 1691 qnia
647 1613 696 1668 ex
726 1583 895 1668 diversis
934 1586 1035 1670 locis
1076 1588 1369 1696 seripturarum
1407 1583 1636 1666 dininuunn

225 1713 349 1798 verba
370 1713 578 1815 adhibuit,
607 1714 760 1800 idcireo
784 1715 895 1799 istud
917 1717 1016 1802 leaeo
1041 1717 1112 1816 uic,
1143 1717 1305 1802 loeutus
1322 1723 1398 1817 est,
1426 1719 1453 1802 i.
1480 1742 1515 1802 ε.
1532 1714 1642 1824 quia,

142 1853 145 1862 ’
225 1845 333 1930 siout
358 1845 469 1929 istud
497 1847 596 1930 buco
623 1845 834 1930 concludit
861 1846 934 1931 illa
961 1848 1099 1949 uerba,
1131 1876 1235 1960 qnae
1256 1844 1456 1930 Dominus
1478 1846 1640 1929 locutus

205 1981 291 2088 Ιεει
317 1978 361 2061 in
390 1984 545 2080 monte,
573 1976 634 2062 ita
670 1977 795 2063 etiam
824 1979 904 2063 ista
929 1981 1153 2084 concludit,
1191 2008 1296 2090 ulnae
1323 1979 1365 2063 S.
1396 1978 1641 2062 Benedictus

106 2216 111 2225 ι
190 2213 198 2231 .
227 2111 369 2224 hincl)
397 2109 600 2198 adhibuit.
645 2109 733 2196 Nee
762 2139 846 2195 nou
873 2111 917 2196 in
936 2113 1018 2198 tinne
1042 2115 1189 2226 psalmi
1214 2110 1512 2225 quartidecimi
1532 2109 1640 2194 istud

113 2351 120 2364 ι
227 2244 329 2330 duee
355 2241 558 2356 propheta
587 2243 835 2330 concludens
864 2247 1023 2354 posuit3
1054 2248 1113 2332 uit
1141 2247 1270 2332 enim:
1302 2246 1380 2350 Qui
1403 2243 1506 2350 saucit
1533 2243 1640 2344 daec,

111 2469 119 2482 ,
228 2401 309 2460 suone
348 2375 565 2460 renouabitur
597 2377 641 2458 in
683 2383 902 2464 aeternnm.
960 2376 1067 2464 vine
1110 2379 1257 2482 modo,
1295 2379 1394 2488 (unia
1434 2378 1542 2461 sient
1580 2374 1639 2458 ibi

160 2611 169 2626 υ
230 2507 404 2591 dicituro
447 2506 526 2610 Qui
550 2509 653 2606 tiecit
679 2506 789 2606 laec,
820 2534 896 2590 suun
927 2512 1156 2594 snoeelitnr
1183 2513 1225 2592 in
1255 2517 1474 2606 aetermam,
1515 2507 1573 2590 ita
1600 2511 1643 2588 et

230 2640 274 2721 iu
303 2636 552 2748 Evangelio:
584 2637 662 2742 Qui
689 2638 805 2722 uendit
832 2640 954 2723 turba
981 2667 1071 2724 sinen
1099 2639 1414 2744 insensibilem
1447 2665 1534 2722 enum
1557 2638 1643 2720 niro

93 2877 97 2884 ι
228 2771 419 2875 sapienti,
454 2772 525 2874 qni
552 2770 778 2875 aedificavit
804 2773 967 2855 ‹lonsnnn
999 2797 1118 2856 missin
1145 2799 1272 2878 senna
1298 2778 1472 2878 pubem.
1529 2773 1642 2854 Duos

232 2902 341 2985 euim
371 2901 480 2984 viros
501 2897 703 2984 Dominus
732 2901 774 2983 iu
799 2899 1040 3011 Evangelio,
1069 2903 1141 3012 qui
1163 2899 1393 2986 aedificium
1411 2901 1642 2998 aedificant,

230 3031 459 3142 proposuit,
490 3030 530 3114 id
553 3035 628 3134 εει,
669 3033 740 3142 qui
767 3032 958 3116 aedificat
984 3062 1108 3143 super
1137 3039 1318 3144 petram,
1358 3038 1402 3116 et
1429 3029 1502 3140 qni
1529 3029 1643 3116 aedi·

232 3165 329 3249 ficat
356 3192 479 3274 super
506 3191 685 3252 arenam.
727 3163 806 3248 Sed
836 3165 1022 3274 quamvis
1050 3165 1151 3250 haec
1180 3165 1262 3249 elno
1290 3163 1476 3248 aedilicia
1494 3190 1645 3272 aequa·
1753 3163 1760 3177 '

230 3297 327 3408 liter
364 3295 593 3397 videantur,
634 3301 772 3379 tumen
812 3325 896 3380 uon
936 3299 1164 3408 aequaliter
1200 3304 1298 3383 suut
1333 3293 1642 3408 perunaneutia3

230 3456 325 3511 nam
353 3427 425 3510 illa
453 3427 612 3532 donnus,
641 3455 747 3536 qnae
775 3459 898 3538 super
919 3436 1080 3540 petram
1108 3430 1325 3514 aedificata
1352 3437 1428 3530 est,
1457 3427 1575 3510 lirina
1601 3429 1645 3508 ει
1697 3494 1699 3498 .
1843 3455 1854 3481 ··

231 3559 390 3670 stabilis
431 3569 505 3664 est,
546 3589 596 3644 εο
634 3560 745 3670 quod
781 3549 953 3671 petrum,
991 3561 1018 3650 i.
1048 3590 1082 3646 ε.
1126 3560 1289 3645 lirinum
1331 3559 1643 3644 tundamentum

231 3692 371 3794 habet,
400 3693 472 3777 illa
498 3698 651 3797 autem,
680 3721 927 3804 ‹lunaesuper
947 3721 1113 3778 arenam
1136 3681 1353 3777 aedificata
1379 3699 1454 3791 est,
1482 3689 1645 3774 infirma
1710 3703 1712 3708 '

231 3828 364 3908 estet
391 3825 609 3928 instabilis,
639 3854 688 3907 eo
716 3826 828 3936 quod
856 3853 994 3928 arena,
1023 3853 1128 3936 qnae
1156 3825 1280 3910 fluida
1304 3833 1366 3908 εει
1384 3829 1427 3908 ει
1445 3849 1644 3929 auugmeu·

232 3955 314 4038 tari
343 3983 426 4037 uon
449 3961 599 4065 potest,
629 3985 703 4041 neo
729 3959 770 4040 in
794 3987 917 4041 usnam
945 3959 1136 4066 copulam
1156 3956 1302 4066 redigi,
1335 3954 1644 4038 fundumentum

232 4117 316 4172 uon
344 4088 484 4175 habet.
526 4085 629 4172 Vide
651 4089 785 4193 modo,
805 4089 902 4201 quia
930 4089 1156 4199 aequaliter
1180 4088 1279 4173 llaec
1303 4094 1478 4196 nutusque
1499 4084 1658 4166 donnus.

231 4221 413 4328 unub'qne
441 4218 699 4319 conuentitnr3
729 4221 903 4332 desuper
929 4221 1164 4306 concutitur
1191 4221 1354 4330 pluviis,
1393 4219 1538 4303 subtus
1567 4215 1645 4299 fln-

232 4348 423 4451 miuibns,
452 4377 475 4433 e
504 4351 684 4460 regione,
725 4352 766 4435 id
795 4358 859 4437 εει
886 4381 908 4436 ε
936 4352 1066 4436 latero
1096 4353 1241 4438 uentis.
1297 4351 1377 4458 Sed
1405 4351 1512 4434 sieut
1539 4347 1645 4431 diui·

233 4508 337 4581 mus,
375 4480 445 4563 illa
482 4479 639 4583 donnus,
678 4511 783 4592 quae
811 4511 932 4592 super
950 4487 1117 4592 'petram
1149 4485 1309 4567 firuuuatn
1339 4485 1415 4582 est,
1459 4477 1523 4562 his
1550 4504 1647 4563 eon·

232 4609 487 4694 sussionibus
507 4611 669 4720 puulsata
691 4640 774 4697 non
799 4614 923 4712 cadit,
952 4613 1022 4696 illa
1045 4621 1182 4716 antem
1206 4614 1364 4714 donnus,
1392 4639 1498 4722 quae
1526 4631 1647 4716 super

49 4738 53 4748 ’
196 4769 398 4824 -ureuann
438 4740 611 4824 l'unuluta
652 4747 735 4842 est,
775 4744 944 4828 counit.
1001 4743 1067 4828 lta
1109 4749 1152 4826 et
1190 4743 1233 4825 in
1272 4741 1540 4852 spiritalibus.
1595 4733 1646 4817 ln

90 4924 94 4936 ·
234 4873 489 4980 spiritalibus
527 4901 624 4956 uero
662 4873 783 4958 rebus
813 4873 894 4959 duo
921 4880 1018 4960 suut
1051 4874 1344 4977 aedificatores,
1372 4874 1415 4957 id
1443 4877 1506 4956 εει
1529 4893 1647 4967 uuus,

322 5165 349 5250 ι)
371 5161 441 5232 nae
462 5163 520 5254 (ε).
