3994 5770
172 289 249 372 mr
345 261 350 282 '
814 279 904 372 θαι»
927 279 971 352 v·
1028 235 1032 244 ’

167 501 274 588 dixit
299 501 351 586 de
377 500 452 594 ilia
479 500 659 602 curtina,
685 500 757 584 ubi
786 497 977 586 monacbi
1005 504 1115 602 sont,
1143 500 1171 586 i.
1200 529 1238 587 s.
1265 503 1458 610 quaeest
1473 498 1585 584 inter

154 629 375 741 'porticum
403 639 447 718 et
474 631 695 742 porticum.
753 629 808 716 nt
844 630 925 716 boc
953 633 1182 718 notandum
1209 636 1287 734 est,
1327 629 1427 741 quia
1454 629 1585 716 multa

112 781 119 796 ’
167 767 278 864 surrt,
317 769 425 872 quae
461 761 566 866 dixi,
604 789 711 872 qnae
749 767 953 872 quantum
993 765 1047 848 ad
1088 763 1333 848 exteriorem
1373 759 1583 845 hominem
1666 755 1679 784 ⁸

9 985 13 994 ,
166 893 361 996 attinent,
390 895 432 979 iu
461 893 642 980 claustra
668 921 754 980 uon
784 903 957 1006 possunt
983 894 1086 1000 fieri,
1115 893 1244 982 veluti
1266 898 1342 996 est,
1372 893 1580 978 mortuom

168 1023 342 1134 sepelire
368 1031 450 1118 ant,
468 1025 680 1110 infirmum
708 1028 884 1115 visitare.
926 1027 1008 1114 Sed
1027 1033 1165 1112 tamen
1184 1027 1325 1114 omnia
1343 1024 1387 1109 in
1406 1023 1586 1110 claustra

171 1161 344 1268 possunt
379 1159 490 1262 fieri,
527 1163 729 1270 qnantum
767 1161 821 1244 ad
861 1160 1100 1246 interiorem
1142 1159 1351 1280 bominem
1389 1156 1583 1260 attinent,

172 1290 198 1374 i.
228 1319 264 1374 e.
292 1294 326 1373 si
355 1293 546 1376 voluntas
575 1291 699 1377 fuerit
732 1291 855 1376 alicui
883 1292 926 1376 in
953 1293 1077 1378 corde
1116 1293 1158 1377 id
1187 1291 1354 1404 agendi.
1411 1289 1467 1374 m
1495 1287 1585 1374 ideo

6 1489 16 1506 .
172 1422 206 1505 si
251 1421 460 1506 infirmnm
495 1423 606 1506 inira
652 1423 872 1510 claustram
923 1453 1007 1508 non
1050 1429 1225 1536 possunt
1265 1424 1452 1524 visitare,
1492 1419 1587 1530 quia

109 1555 118 1604 .·
173 1551 318 1663 domus
356 1552 611 1638 infirmorum
647 1583 730 1638 non
771 1559 835 1636 est
871 1553 980 1636 inira
1014 1554 1259 1654 claustram,
1282 1559 1436 1638 'tamen
1480 1551 1587 1633 inira

95 1674 116 1690 ”
174 1681 395 1767 claustram
426 1711 591 1792 possum
620 1681 800 1782 visitare,
828 1683 863 1767 si
892 1684 1083 1768 voluutas
1112 1682 1213 1770 mihi
1237 1685 1361 1768 suerit
1380 1679 1585 1768 visitandi.

23 1828 38 1848 ·
173 1809 372 1894 Similiter
399 1817 442 1894 et
469 1815 511 1895 in
541 1813 711 1896 caeteris
738 1812 885 1898 officiis
913 1813 974 1898 ita
1000 1813 1316 1923 intelligendum
1344 1825 1423 1900 est.

13 2094 51 2142 ,Ι
128 2073 151 2138 q
790 2031 891 2136 (cp.
928 2027 977 2116 V.
1092 2087 1094 2092 -
1223 2115 1226 2120 ,
1286 2115 1290 2126 ,

119 2157 132 2184 ’
285 2211 353 2286 nn
381 2185 698 2288 onnnmmm
726 2209 1124 2308 nrscrcnnonnn,
1155 2213 1344 2306 anms
1374 2211 1470 2292 sm.

290 2355 464 2442 Rectum
493 2355 678 2439 ordinem
702 2357 836 2438 tenuit
855 2357 905 2446 B.
926 2357 1175 2453 Benedictus
1198 2361 1243 2443 in
1266 2359 1346 2444 boc
1365 2337 1468 2464 ioco,
1497 2387 1590 2444 cnm
1630 2433 1634 2440 .
1694 2391 1699 2400 ·

177 2488 297 2590 dicit,
333 2489 509 2598 primunr
547 2485 720 2596 gradum
757 2487 1005 2572 humilitatis
1033 2515 1121 2574 esse
1157 2469 1454 2596 obedientiam,
1497 2519 1590 2578 cnm

177 2621 364 2728 superius
392 2618 518 2704 dixit:
549 2617 614 2704 Dc
633 2617 718 2703 Dei
744 2619 1027 2704 arrisericmdio
1053 2648 1259 2728 coaequum
1285 2623 1517 2728 desperare,
1544 2651 1594 2707 ec

96 2783 98 2790 ’
178 2749 287 2857 quod
328 2777 401 2857 per
428 2748 705 2835 obedientiam
739 2741 821 2836 'nos
854 2750 907 2835 ad
945 2749 1021 2834 Dei
1058 2752 1374 2838 misericordiam
1413 2759 1593 2856 revocat,

105 2971 113 2988 ,
179 2881 354 2988 acujus.
389 2878 577 2962 bonitate
619 2865 693 2988 pe'r
729 2879 1051 2965 inobedientiam
1092 2883 1341 2970 recessimus.
1408 2880 1464 2966 bit
1500 2883 1595 3000 ideo

111 2994 117 3008 ’
181 3009 356 3116 primum
385 3009 706 3092 instrumentum
735 3009 1014 3094 obedientiam
1041 3009 1203 3118 posuit,
1232 3011 1352 3118 qnia,
1380 3012 1488 3096 sicut
1516 3012 1596 3096 init

180 3137 312 3246 prima
347 3136 505 3252 mulitia
539 3137 839 3243 inobedientia,
882 3168 956 3248 per
994 3167 1118 3250 quam
1155 3141 1394 3226 recessimus
1437 3171 1464 3226 a
1493 3141 1595 3244 Deo,

96 3359 99 3366 ¹
165 3261 248 3348 ‘ito'
270 3265 445 3374 primum
478 3267 649 3373 gradmn
689 3266 794 3351 dixit
828 3297 916 3352 esse
952 3265 1186 3352 reiertendi
1223 3270 1275 3353 ad
1306 3269 1461 3372 Deum,
1502 3299 1595 3356 cnm

62 3425 64 3432 ⁴
180 3395 357 3504 primum
389 3381 706 3480 instrumentum
742 3397 905 3506 posuit,
934 3397 1222 3488 obedientiam.
1279 3400 1381 3484 Cum
1417 3400 1518 3486 dicit
1545 3401 1597 3484 dc

181 3523 430 3622 obediendia,
468 3525 791 3608 subaudiendum
834 3535 918 3612 est:
956 3531 1180 3611 tractemus
1218 3535 1292 3612 aut
1328 3529 1595 3640 disputemus.

68 3717 106 3751 Γ
165 3653 366 3759 ,ΙΙιφιίῑίε
408 3661 545 3738 autem
589 3655 741 3740 dicitnr
780 3657 896 3768 quasi
941 3656 1068 3739 bnnro
1109 3656 1288 3744 acclinis.
1353 3657 1461 3742 Nam
1499 3668 1597 3742 sunt

92 3783 97 3791 ’
182 3778 316 3885 multi,
345 3789 429 3896 qui,
458 3789 646 3895 quamuis
674 3789 716 3872 in
740 3789 899 3872 coelum
928 3789 1163 3896 respiciant,
1192 3796 1330 3872 tamen
1353 3795 1480 3898 caput
1500 3795 1597 3872 ante

13 3923 20 3934 '
186 3915 313 4000 Deum
329 3918 545 4024 inclinant,
574 3899 623 4004 eo
643 3921 752 4032 quod
777 3921 954 4004 cinerem
984 3925 1026 4001 ¹et
1047 3919 1254 4027 pulverem
1277 3947 1321 4002 se
1342 3948 1429 4003 esse
1457 3919 1597 4004 existi·
1683 3996 1688 4006 .

33 4051 63 4180 Ἰ
163 4051 459 4157 ,mant,'qnia
494 4029 774 4160 uniusquisque
811 4049 936 4133 homo
973 4049 1198 4134 interram
1228 4051 1447 4134 revertitur
1482 4050 1597 4134 etin

182 4184 361 4268 cinerem
391 4181 605 4292 redigitur.

125 4303 157 4326 r
185 4347 187 4354 ’
294 4315 511 4425 Sequitur:
544 4313 715 4396 Primus
742 4312 981 4399 Irrrrm'litotis
1006 4317 1165 4421 prmius
1191 4319 1250 4400 cst
1268 4313 1491 4398 obedienda
1509 4314 1599 4399 siae

122 4475 127 4483 ·
184 4477 312 4538 neore.
356 4447 403 4530 In
427 4447 506 4532 hoo
536 4445 646 4530 enim
672 4447 776 4548 ioco,
800 4472 893 4537 cum
926 4445 1028 4530 dicit
1051 4447 1224 4552 primm,
1249 4446 1380 4530 oritur
1398 4443 1623 4554 quaestio,⁴

125 4675 129 4682 ¹
179 4609 310 4689 ‚qnare
357 4577 463 4661 dixit
492 4578 685 4682 primns,
727 4605 821 4660 cum
864 4604 947 4659 uon
988 4578 1174 4686 sequitur
1216 4565 1428 4662 secundus.
1492 4574 1601 4658 Sunt

185 4711 292 4794 enim
331 4709 423 4810 alii,
447 4697 535 4816 'qni
564 4709 729 4808 dicrmt,
770 4707 946 4816 primum
985 4709 1028 4790 in
1066 4708 1145 4792 hoc
1182 4707 1275 4790 loco
1303 4707 1485 4814 positum
1513 4733 1600 4790 esse
1651 4707 1655 4716 '

185 4869 261 4951 pro
291 4838 576 4946 nrngnitudine
605 4837 668 4918 rel
707 4865 783 4945 pro
818 4836 928 4937 solo,
972 4837 1099 4920 velrrti
1140 4843 1204 4920 est
1241 4835 1367 4918 iilud:
1412 4834 1600 4918 Prinmm

22 5001 50 5064 ἢ
184 4970 393 5076 quaeritur
420 4995 588 5078 rcpmna
616 4965 710 5086 Dei.
768 4967 973 5072 [Primum
1004 4967 1172 5076 ponitur
1208 4994 1284 5073 pro
1312 4965 1601 5075 magnitudine
1687 5009 1697 5028 ·

67 5193 72 5204 ,
188 5099 251 5184 rel
278 5097 400 5206 solo]
458 5099 540 5184 Alii
572 5100 719 5180 iterum
749 5096 914 5184 dicunt:
945 5123 1029 5179 non
1058 5104 1308 5204 potestesse
1336 5123 1412 5204 pro
1441 5095 1603 5202 magui·
1672 5160 1677 5169 .
1769 5129 1772 5132 ·

186 5231 329 5312 tudine
374 5231 435 5313 vel
478 5260 553 5339 pro
593 5229 703 5333 solo,
740 5229 837 5338 qnia
874 5228 1044 5310 inferius
1084 5227 1347 5352 subsequitur
1384 5229 1425 5314 S.
1467 5225 1601 5310 Bene·
