3994 5770
131 173 343 292 xsn-
597 155 604 170 ·
783 105 1147 304 fusum„

31 389 34 396 ’
64 399 67 406 ’
160 494 164 502 Ι
232 387 300 470 est
320 382 922 496 unctorunpruediootornrn,
946 382 1070 468 modo
1081 382 1333 482 interiorem,
1357 381 1481 466 modo
1495 385 1644 470 exteri·

230 541 344 598 orem
387 511 597 598 homiuem
636 511 797 604 dooere.
861 511 1061 615 leisernns
1099 515 1260 612 cunm,
1301 515 1351 594 ut
1381 511 1642 600 Cassiodorus

229 643 344 746 dicit,
357 643 393 754 ¹)
421 644 555 730 dictus
580 649 640 728 eet
657 643 710 726 ab
732 667 790 744 eo,
817 641 925 748 qnod
940 639 1026 724 illic
1046 639 1209 725 animae
1221 639 1379 746 jnqiter
1398 640 1642 746 inseruntur,

236 773 333 879 sive,
361 779 405 856 nt
431 773 598 878 qeddonr
624 771 771 873 oolrnrt,
800 801 828 856 o
847 777 971 876 pane
996 770 1197 875 inferiori.

341 899 555 1011 Sequitur:
596 901 790 1008 Acslinrct
828 925 873 984 se
906 899 1021 983 irmino
1047 901 1109 984 'de
1143 896 1263 982 coelis
1298 927 1325 984 o
1361 897 1453 984 Deo
1488 925 1645 1005 werpes
1783 892 1788 900 ⁸
1873 865 1877 872 ¹

218 1031 379 1136 ,respici
416 1035 525 1116 currui
553 1032 687 1134 Jeoro,
725 1037 762 1115 ct
796 1033 910 1138 {octo
946 1057 1023 1112 seen
1063 1031 1107 1114 in
1143 1029 1254 1113 onrni
1292 1030 1376 1114 loeo
1402 1029 1455 1113 ob
1482 1037 1644 1136 aspectu

80 1233 86 1248 .
229 1161 458 1246 diuisritatis
487 1162 617 1248 videri
644 1169 681 1246 ee
713 1164 765 1247 ae
792 1161 948 1270 onqclis
976 1162 1087 1246 miseri
1111 1162 1214 1247 nora
1242 1163 1483 1250 renuntiari.
1540 1163 1644 1260 Quin

229 1292 501 1386 admonuerat
542 1323 653 1378 nnnc
694 1294 937 1378 exteriorem
982 1292 1210 1392 huminem,
1253 1320 1364 1378 nnnc
1407 1293 1642 1401 interiorem

229 1409 452 1527 hominem,
480 1426 573 1509 ideo
601 1425 836 1532 subjunxit:
864 1425 1058 1509 :lestinret
1082 1449 1126 1506 se
1149 1422 1266 1508 leonto
1292 1425 1343 1507 de
1367 1421 1489 1508 coelis
1510 1450 1538 1506 o
1557 1423 1644 1510 Deo

228 1576 387 1656 senrper
406 1553 557 1657 respici
577 1555 806 1665 etreliqua,
835 1561 882 1639 nt
905 1561 947 1638 et
967 1556 1048 1640 hoc
1067 1555 1216 1638 timore
1232 1553 1476 1663 perterritus
1497 1555 1641 1662 mujon‘
1696 1613 1700 1620 -

230 1681 418 1764 custodie
438 1682 518 1793 (se)
541 1684 784 1772 contineret.
840 1684 1047 1780 destined,
1066 1683 1093 1767 i.
1112 1712 1148 1771 e.
1163 1682 1385 1790 intelliget,
1408 1691 1643 1790 cognoscet.

230 1808 270 1892 N
275 1837 353 1894 uiue
381 1810 601 1896 videndum
618 1818 694 1916 est,
721 1812 929 1922 quomodo
953 1811 1092 1918 urrgeli
1111 1839 1236 1920 opero
1257 1815 1397 1894 nostru
1414 1814 1528 1895 omni
1543 1811 1643 1896 horu

93 2035 96 2042 ⁴
231 1937 320 2024 Deo
336 1941 542 2028 nuntiant.
578 1940 617 2026 N
621 1941 789 2050 uunquid
799 1940 913 2024 oruui
926 1939 1172 2048 horuongeli
1186 1938 1414 2023 escendunt
1426 1945 1468 2022 et
1479 1941 1642 2024 descen·

231 2069 337 2154 dunt
364 2069 415 2153 de
442 2071 592 2155 coelis?
631 2069 727 2155 Non
757 2071 815 2153 itu
844 2068 1158 2178 intelligendum
1187 2073 1263 2169 est,
1293 2067 1365 2151 sed
1393 2077 1456 2170 est
1484 2097 1671 2154 sensuer'

235 2197 523 2308 Unusquisque
550 2201 675 2284 honre
711 2199 837 2284 habet
877 2199 1071 2306 angelum
1114 2199 1269 2282 bouum
1309 2203 1351 2282 et
1387 2197 1539 2283 melnen
1568 2200 1644 2282 sibi

231 2328 495 2440 deputatum,
526 2329 679 2413 malum
709 2330 862 2439 quippe
889 2358 914 2411 n
941 2328 1007 2412 die
1035 2329 1284 2430 nativitatis,
1305 2330 1476 2412 ·bouuru
1506 2335 1644 2413 autern

230 2460 424 2567 angelum
452 2461 676 2544 secundum
706 2460 962 2569 quorundum
989 2459 1227 2570 opinionem
1253 2486 1280 2542 s
1307 2458 1373 2542 die
1404 2459 1645 2561 nativitatis,

231 2589 376 2674 dicunt
405 2595 544 2674 autem
572 2591 662 2694 olii,
691 2621 717 2676 u
745 2591 812 2676 die
839 2591 1119 2700 baptismatis,
1147 2589 1335 2674 nonnulli
1364 2590 1645 2691 veredicum,

232 2750 259 2806 s
299 2721 366 2804 die
406 2711 662 2808 discretionis
705 2723 803 2808 boni
843 2731 885 2808 et
923 2723 1021 2806 mali
1063 2751 1396 2832 unumquemque
1436 2721 1643 2806 hominem

174 2904 183 2923 ·
229 2854 384 2937 bonurn
428 2854 622 2965 angelum
661 2855 827 2943 hebere.
885 2855 995 2940 Deus
1035 2856 1144 2939 enirn
1184 2855 1474 2963 superomnia
1515 2859 1646 2936 estet

178 3047 181 3053 -
230 2987 375 3069 subtus
405 2984 544 3069 omnin
571 2991 616 3069 et
642 2985 750 3072 circu
778 2989 917 3071 omnio
944 2991 987 3068 et
1014 2985 1124 3076 iutro
1152 2986 1311 3083 omniun
1339 2985 1479 3093 angen
1507 2992 1643 3066 unteru

230 3116 338 3198 intra
381 3115 514 3200 Deum
559 3123 772 3201 currunt·
818 3115 974 3202 Deinde
1017 3144 1111 3200 cum
1153 3114 1433 3225 unusquisqne
1473 3113 1644 3222 uurgelus

231 3245 364 3328 bonus
381 3247 537 3354 gaudet
555 3245 606 3330 de
626 3249 777 3332 nostris
796 3249 916 3331 bonis
936 3247 1001 3330 vel
1023 3247 1214 3332 tristatur
1229 3245 1279 3329 de
1300 3245 1452 3329 uostris
1469 3244 1601 3341 usulis,
1609 3243 1643 3344 ²)

228 3375 363 3482 ipsum
391 3376 590 3483 gaudium
620 3378 717 3487 quio
745 3383 888 3462 uotum
918 3385 980 3462 cst
1010 3377 1112 3477 Deo,
1141 3377 1205 3460 rel
1234 3379 1323 3484 ipsu
1351 3375 1521 3459 tristitia
1549 3374 1644 3482 quin

180 3513 197 3582 .’
229 3508 398 3616 cognite
426 3513 490 3590 cst
520 3506 781 3616 Deo‚·ipsius
811 3509 951 3616 gaudii
980 3507 1043 3592 vel
1072 3506 1265 3592 tristitiae
1295 3506 1442 3590 uotiliu
1470 3505 1643 3588 dicitnr:

228 3633 318 3718 Deo
345 3637 397 3718 alr
425 3638 583 3746 renunciis·
611 3643 754 3722 nostra
779 3637 891 3742 ficeto
920 3639 1116 3756 recreationi.

338 3766 554 3876 Sequitur:
583 3765 847 3858 Demonstrat
873 3771 989 3855 erodis
1010 3770 1081 3854 doc
1104 3769 1325 3875 l'uondcte,
1353 3795 1440 3854 enne
1469 3766 1512 3849 in
1542 3766 1646 3870 coqi·

226 3895 445 3982 lotionibus
462 3900 614 3983 nostris
636 3901 694 3982 ilo
712 3899 845 3985 Dcnrn
860 3929 1021 4008 semper
1038 3907 1292 4008 pertenentem
1307 3897 1477 3986 osterrdit
1493 3897 1643 4013 dicens.

168 4112 172 4122 ,
228 4030 331 4112 Cum
360 4027 462 4114 dicit
489 4033 736 4118 dernenstrot
754 4033 838 4134 doc,
866 4033 1193 4118 subaudiendum
1216 4038 1299 4132 est,
1328 4030 1436 4140 quod
1461 4028 1645 4138 superius

316 4340 344 4428 ¹)
377 4359 497 4430 expos.
520 4336 558 4407 in
581 4339 708 4428 psalm.
731 4342 763 4413 9.
790 4363 823 4410 v.
852 4342 902 4410 17.

315 4457 345 4540 ³)
377 4449 495 4521 Codex
527 4449 796 4542 'tegernseensis
830 4455 869 4524 et
897 4451 1214 4524 l'sustcnrellensis
1251 4453 1319 4524 hoc
1352 4453 1430 4525 loco
1460 4453 1549 4524 hunc
1585 4473 1646 4520 ex·
1799 4495 1802 4503 v

227 4559 376 4632 hibent:
428 4561 565 4636 Deinde
604 4585 682 4636 cnrn
725 4565 959 4654 rerurrsqnisqnc
991 4564 1137 4653 nrrqelns
1172 4564 1242 4654 noe
1291 4563 1404 4636 donne
1433 4567 1504 4636 circ
1535 4561 1647 4630 nrrlns

226 4671 359 4760 qoudet
394 4673 437 4744 de
459 4675 591 4746 centris
610 4676 711 4746 donis
734 4675 785 4745 cel
807 4677 975 4746 tristetur
1007 4673 1051 4745 dc
1085 4673 1216 4745 nonnis
1238 4675 1343 4746 rnolis
1371 4679 1439 4746 otc
1461 4693 1553 4762 quac
1575 4668 1647 4760 pri·
1714 4723 1716 4730 .

226 4782 334 4852 mitur
356 4783 466 4856 etiem
489 4782 526 4855 in
547 4785 668 4856 codice
690 4783 885 4856 Melliccnsi
909 4783 1069 4866 fuerumt,
1103 4784 1166 4854 sed
1188 4805 1253 4874 per
1274 4805 1434 4856 rasurum
1456 4782 1647 4855 emendato
1680 4807 1688 4824 2

226 4896 319 4965 sunt
365 4898 452 4966 Cum
486 4897 612 4968 eadem
648 4895 842 4966 Mortcnius
868 4893 921 5002 ‘in
956 4914 1021 4963 ruo
1063 4894 1317 4966 commentario
1355 4895 1448 4986 (unp.
1480 4893 1563 4964 vll.
1601 4891 1646 4977 de

226 5003 341 5092 primo
363 5003 581 5077 humilitatis
611 5005 742 5094 grudu)
764 5027 807 5075 cx
831 5007 1036 5094 pervetusto
1059 5003 1181 5075 codice
1203 5004 1265 5094 St.¹
1278 4998 1649 5096 BenigniDiuioucnsi
1697 5051 1702 5066 .
1777 5033 1781 5042 ·

226 5111 364 5201 sileret,
384 5113 472 5184 haec
489 5114 596 5186 lectio
615 5113 702 5222 ipsis
723 5111 873 5184 notoriis
887 5115 925 5196 ct
936 5111 1134 5184 Dildemuri
1145 5111 1331 5204 discipulis
1343 5113 1557 5204 imputando
1567 5108 1647 5186 erit.
