3930 5788
863 265 949 360 esp.
971 265 1062 340 mn.
1338 221 1342 238 '
1588 271 1668 356 505

267 495 554 594 susceptionum
584 511 683 568 euru
712 481 879 568 sollicite
906 483 1159 586 contemnor,
1189 483 1285 590 quio
1325 483 1365 567 in
1404 484 1510 588 ipsis
1545 484 1675 589 sinopis

70 674 78 729 4
135 697 137 702 .
271 622 452 708 Odeistus
480 613 724 720 suscipitur,-
753 639 848 696 uum
866 610 1033 696 divitum
1055 621 1186 698 terror
1202 615 1290 720 ipse
1308 615 1388 699 sibi
1410 613 1535 722 enipit
1555 611 1675 696 boem-
1730 683 1732 690 .

265 774 360 837 reon.
420 744 468 829 In
498 745 576 829 hoe
604 742 726 846 euim,
765 771 846 851 quo
875 741 975 826 dicit
1003 741 1193 828 ineolinuto
1225 745 1355 851 copim
1382 744 1443 832 eol
1466 750 1673 850 prostrato

266 880 373 966 ottoni
401 901 565 982 corpore
593 873 877 959 discretionem
906 873 1112 960 salutandi
1140 902 1215 957 uos
1244 875 1395 974 docuit,
1431 874 1528 984 quia
1554 873 1674 957 aliter

265 1009 440 1095 solutura
480 1005 671 1088 debemus
711 1031 827 1115 reges
857 1012 900 1088 et
927 1004 1138 1114 episeopus
1179 1010 1221 1089 at
1250 1008 1438 1107 abbates,
1484 1014 1526 1090 at
1554 1006 1673 1089 aliter

266 1141 376 1223 alios.
421 1136 554 1244 Reges
577 1133 687 1217 enim
717 1141 759 1216 et
781 1134 993 1243 episcopos
1021 1141 1063 1218 et
1084 1135 1253 1220 abbatas
1278 1137 1471 1244 prostrati
1499 1136 1542 1218 in
1564 1130 1675 1220 term
1823 1153 1825 1158 '

266 1269 454 1352 debemus
483 1263 660 1346 solutura
690 1268 857 1374 propter
884 1263 1116 1373 exemplum
1136 1264 1303 1350 Nathan
1333 1268 1570 1376 prophetae,
1601 1269 1670 1375 qni
1723 1333 1725 1338 .
1788 1307 1792 1315 ¹

132 1479 133 1482 n
267 1403 492 1508 prostratus
519 1394 713 1478 salutavit
734 1393 863 1506 David
887 1422 1038 1504 regem.
1080 1395 1282 1506 Reginam
1314 1424 1405 1481 eum
1437 1399 1560 1500 videt,
1591 1425 1672 1481 uon
1763 1405 1764 1408 ‘

265 1531 385 1614 debet
414 1523 637 1610 monachus
666 1530 894 1634 prostratus
922 1525 1113 1626 salutare,
1141 1527 1211 1610 sed
1242 1555 1367 1612 utinam
1394 1557 1503 1640 genu
1529 1530 1571 1612 in
1589 1535 1673 1620 ter·
1771 1515 1772 1520 Ν

266 1689 349 1746 rum
379 1686 543 1772 ponere,
571 1663 645 1742 aut
666 1655 882 1742 humiliari
912 1657 1034 1742 debat
1063 1657 1196 1768 eapite
1223 1687 1318 1758 sum
1356 1661 1545 1745 abbatem
1578 1689 1673 1747 vero

263 1797 469 1892 nostrum,
506 1789 540 1874 si
585 1789 713 1874 renim
756 1789 961 1894 videmus,
997 1789 1040 1874 iu
1083 1795 1193 1874 terra
1234 1790 1413 1876 salutare
1455 1792 1671 1898 dabamus3

264 1929 416 2010 eeteros
444 1928 596 2022 autem,
627 1922 653 2007 i.
684 1951 718 2009 e.
746 1922 928 2022 eomitas,
958 1921 1231 2031 presbyteros,
1262 1922 1481 2008 niouaohos
1509 1929 1552 2006 at
1580 1923 1675 2007 reli·
1751 1929 1753 1934 ’

264 2082 364 2166 quos
402 2052 598 2138 inclinato
639 2052 774 2163 eapite
810 2051 989 2137 salutaro
1027 2051 1226 2136 dabamus.
1290 2051 1441 2138 Verum
1485 2052 1582 2164 quia
1621 2053 1671 2136 de
1760 2154 1762 2158 .

213 2187 217 2194 ⁴
264 2177 491 2295 hospitibus
521 2183 705 2283 dicimus,
735 2183 948 2268 dicendum
982 2189 1045 2278 est
1071 2211 1193 2282 nune,
1224 2183 1331 2270 unde
1360 2184 1542 2296 hospites
1571 2213 1673 2295 pau·
1725 2203 1726 2206 ‘

264 2345 400 2428 penes,
430 2321 501 2400 aut
540 2316 648 2400 unde
688 2315 834 2401 divites
872 2315 984 2426 pasci
1024 2316 1273 2428 debemus.¹)
1332 2315 1481 2403 Omnia
1509 2317 1672 2428 [enim],
1788 2359 1792 2368 ·

160 2501 166 2511 ·
263 2449 458 2560 quiniquid
498 2449 657 2532 venerit
696 2447 739 2530 in
782 2447 1095 2550 monasterium,
1122 2448 1149 2532 i.
1180 2479 1214 2536 e.
1246 2477 1411 2551 aarum,
1440 2455 1673 2560 argentum,
1747 2523 1750 2530 .

262 2609 341 2681 aes,
370 2583 536 2682 ferrum,
565 2580 743 2682 arbores,
777 2578 927 2680 vinum,
959 2608 1103 2690 poma,
1132 2579 1325 2664 animalia
1353 2585 1395 2662 et
1423 2581 1558 2692 eelim,
1587 2581 1671 2664 sive

107 2781 110 2788 .
176 2693 180 2706 ¹
263 2713 311 2797 de
339 2712 549 2808 omnibus,
581 2739 685 2820 quae
712 2713 754 2794 in
784 2712 1032 2796 monasterio
1062 2710 1314 2812 laborantur,
1347 2711 1502 2795 decima
1528 2711 1579 2796 da
1608 2710 1672 2794 bis
1733 2731 1734 2734 ‘

263 2845 449 2928 omnibus
478 2843 522 2926 in
543 2843 743 2955 hospitale
768 2871 990 2954 pauperum
1016 2844 1104 2958 dani
1129 2843 1264 2927 debet·
1280 2841 1548 2942 solummodo,
1578 2840 1606 2922 i.
1638 2869 1673 2928 e.
1751 2877 1758 2890 ·

262 2984 310 3059 ut
336 3003 418 3060 onon
449 2975 531 3080 alii,
562 2975 640 3060 hoe
670 2980 732 3060 est
759 2975 864 3060 servi
895 2974 957 3058 vel
988 2975 1159 3076 nobiles,
1188 2975 1260 3058 sed
1287 2972 1544 3058 solummodo
1571 3001 1674 3082 pau·

263 3135 376 3217 peres
406 3113 652 3217 pascuntur,
682 3105 778 3216 qnia
806 3107 863 3191 sie
892 3107 1090 3216 seriptum
1122 3113 1184 3192 est
1210 3106 1255 3189 in
1286 3106 1400 3216 lege:
1444 3103 1500 3188 Ee
1538 3104 1674 3188 stultus

255 3265 415 3345 pauper
443 3239 556 3324 debet
582 3239 633 3322 ub
654 3240 719 3323 bis
745 3238 911 3324 ducionis
937 3238 1137 3324 escensuri.
1182 3238 1334 3322 Varum
1356 3238 1452 3348 quia
1473 3233 1673 3320 Dominus

264 3371 364 3454 dicit
404 3371 446 3454 in
488 3371 725 3480 evaugelio:
769 3369 868 3453 Nisi
912 3371 1175 3456 adnandooerit
1215 3369 1372 3473 iustitio
1410 3375 1564 3482 oestro¹
1578 3365 1676 3470 plus

263 3527 380 3608 queen
410 3500 637 3586 scribarum
664 3509 700 3586 et
732 3502 1067 3608 pharisoeorum,
1096 3527 1176 3584 neon
1205 3499 1412 3584 intrabitis
1438 3499 1482 3580 in
1509 3521 1675 3602 reponem

262 3620 455 3716 coelorum
480 3677 528 3696 -·
554 3633 718 3740 justitia
746 3631 1050 3741 pharisaeorum
1081 3637 1124 3714 et
1142 3631 1367 3718 scribarum
1397 3643 1471 3728 est,
1500 3625 1676 3710 decimas

263 3766 357 3848 dara
381 3812 432 3828 -
459 3792 533 3847 nos
556 3767 706 3872 [ve1·o],
737 3768 782 3847 ut
805 3763 1005 3872 possimus
1027 3764 1180 3848 intrare
1196 3763 1238 3848 iu
1263 3789 1436 3872 regnum
1452 3757 1671 3856 coelorum,

262 3893 360 3978 duas
389 3894 563 3979 decimas
592 3895 745 3996 demna,
774 3895 889 4004 quia,
919 3894 966 3977 si·
986 3895 1046 3978 itu
1075 3923 1158 3978 uon
1188 3893 1403 3978 feeerinms
1430 3890 1521 4000 plus
1550 3915 1673 4000 quam

263 4025 417 4108 scribae
458 4031 501 4109 et
538 4025 760 4135 pharisoei,
792 4054 878 4108 enon
906 4024 1152 4109 intrabimus
1181 4024 1222 4108 iu
1253 4051 1425 4134 reginum
1456 4019 1677 4104 coelorum.

264 4153 308 4237 m
338 4161 420 4257 est,
450 4184 544 4239 oum
573 4155 716 4238 danaus
745 4155 942 4250 decimas,
973 4155 1119 4240 deiude
1154 4153 1296 4240 damus
1330 4181 1481 4237 nomm
1505 4154 1674 4258 purtem

262 4286 376 4392 quasi
406 4287 630 4385 deeima1n;
673 4285 792 4406 istam
835 4285 943 4369 enim
962 4373 966 4381 ,
982 4312 1131 4372 nonam
1167 4292 1326 4396 partem
1356 4282 1551 4368 debemus
1581 4280 1676 4364 dana
1828 4339 1833 4354 .

262 4417 304 4500 iu
345 4417 549 4528 hospitale
584 4414 781 4518 divitum,
813 4416 1011 4527 quidquid
1046 4415 1191 4516 suerit,
1221 4422 1264 4501 et
1295 4443 1345 4500 ex
1378 4413 1441 4501 his
1480 4412 1675 4498 debemus
1766 4443 1768 4450 ·

263 4576 504 4659 praeparare
549 4548 602 4634 ud
645 4551 888 4634 necessaria·
913 4548 1086 4634 divitum
1132 4546 1290 4649 omnia,
1332 4533 1531 4658 quidquid
1575 4571 1677 4653 opus

262 4678 405 4781 fuerit,
435 4689 478 4764 et
504 4706 669 4767 omnam
699 4680 995 4767 humanitatem
1032 4679 1090 4765 ais
1126 4677 1375 4790 impendere.
1433 4677 1550 4779 Quod
1580 4701 1676 4758 vero
1771 4769 1777 4776 ,
1926 4679 1927 4690 '

262 4808 362 4894 dieit
379 4809 584 4916 jejunium
616 4841 644 4899 u
673 4812 814 4917 peiore
836 4812 1069 4921 fraemutur,
1098 4811 1125 4899 i.
1147 4839 1181 4895 e.
1211 4839 1296 4903 non
1311 4792 1442 4906 'debet
1470 4805 1674 4894 custodire

257 4940 483 5050 jejunium,
520 4945 590 5030 sed
632 4944 878 5030 manducare
920 4970 1013 5028 oum
1054 4941 1229 5054 hospite.
1293 4941 1549 5048 Praecipuus
1586 4937 1675 5022 dies

264 5131 526 5150 w

341 5217 379 5320 ἐ)
400 5225 533 5302 semu
553 5227 609 5320 m.
