3968 5774
799 273 882 368 cap.
909 273 1049 346 xxxv.
1551 277 1631 360 395

205 495 330 581 'illud
362 491 542 576 officinm
573 493 755 578 caritatis
784 492 1000 600 irupletar,
1029 491 1136 601 quod
1166 492 1335 575 dicitur:
1377 491 1634 596 Quaecunque

226 625 356 720 cultis,
381 629 422 706 ut
442 623 551 704 rolris
568 624 725 727 tirciuut
743 623 933 723 leorrriocs,
957 648 1025 706 aas
1044 623 1181 705 cadero
1197 623 1319 726 sitella
1338 621 1434 706 illis.
1481 619 1630 705 Veruru

226 785 316 842 cunr
356 754 478 838 dixit:
519 761 560 836 at
588 752 724 836 rrrrllas
751 759 960 838 currantur
988 783 1014 836 a
1043 755 1232 858 coquinae
1260 755 1414 859 afficio,
1444 753 1525 836 urici
1562 760 1632 836 aut

201 873 473 996 ⁴acpritru‘tioc
500 893 570 970 aut
598 913 724 970 carisa
748 887 889 992 pruris
917 885 1105 970 utilitatis
1136 885 1226 990 piris
1254 891 1467 990 cccrrpotus
1493 887 1630 989 licerit,

229 1049 348 1104 recursa
378 1016 632 1100 discretionis
670 1015 792 1113 dixit,
834 1016 931 1126 (pria
959 1019 1171 1104 contusum
1210 1014 1514 1124 dereliquisset,
1558 1017 1632 1100 uisi

226 1155 309 1259 ipse
338 1147 592 1232 decrevisset.
653 1145 713 1228 lle
749 1146 1006 1254 aegritudine
1042 1147 1154 1228 trulla
1193 1151 1256 1230 est
1284 1146 1506 1245 dubitatio,
1536 1147 1634 1254 quia

225 1284 314 1380 illo,
345 1279 414 1390 qui
444 1278 485 1362 iu
516 1277 622 1362 tacto
659 1276 944 1360 nvrrletudiue
982 1277 1171 1362 detentus
1205 1279 1337 1387 jacet,
1368 1281 1632 1388 cognoscitur

226 1443 305 1498 nou
337 1438 453 1520 posse
475 1408 673 1517 coquinae
696 1406 876 1492 altiniaco
900 1405 1080 1518 irnpleru.
1129 1411 1184 1492 ne
1202 1437 1322 1496 carisa
1338 1417 1473 1494 auteur
1495 1409 1632 1520 grauis

228 1539 418 1628 utilitatis
450 1539 609 1623 ridrtru·
638 1563 723 1622 esso
751 1537 966 1642 dubitatio,
997 1537 1093 1657 qrria
1116 1537 1221 1622 solat
1243 1568 1329 1624 essa
1351 1569 1474 1626 arrasa
1497 1541 1634 1652 gravis
1721 1531 1722 1537 Ν

225 1672 436 1772 utilitatis,
464 1679 506 1754 et
547 1679 683 1756 tanuen
725 1667 795 1754 illa
836 1671 1103 1778 carrgrugatio
1142 1681 1224 1756 no'u
1253 1673 1489 1786 cognoscit,
1521 1673 1632 1758 illurn
1691 1657 1693 1664 ¹

223 1834 308 1887 esne
336 1803 472 1913 gravis
502 1801 704 1900 utilitatis,
734 1803 777 1886 ct
807 1827 876 1909 per
905 1799 984 1886 troc
1011 1803 1194 1914 deputat,
1225 1831 1311 1888 essa
1341 1807 1519 1892 minoris.
1579 1803 1632 1888 Et

223 1937 368 2018 ilerunr
408 1933 513 2018 solet
550 1965 635 2018 essa
672 1963 793 2018 causa
823 1931 990 2017 ruinario
1021 1935 1230 2038 utilitatis,
1261 1942 1303 2022 et
1341 1943 1480 2023 aaron
1519 1937 1631 2021 illam

130 2147 133 2154 ,
222 2065 490 2175 congregatio
521 2095 601 2148 uon
632 2067 848 2174 cognoscit
875 2049 1067 2172 ruiuoris,
1098 2072 1141 2152 et
1171 2098 1244 2180 per
1274 2069 1350 2156 lrcc
1380 2070 1503 2154 ctiam
1535 2069 1633 2152 lror·

223 2204 337 2282 tatur
363 2199 541 2292 liutran,
572 2197 722 2280 ibidem
749 2197 1035 2306 praeoccupari
1057 2198 1100 2280 iu
1126 2199 1214 2308 ipsa
1232 2201 1478 2300 obedientia,
1508 2227 1630 2310 quarn

223 2334 406 2428 exercet,
437 2325 978 2436 excusatos1)aooqoinae
1011 2329 1161 2418 officio.
1218 2331 1338 2416 Unde
1376 2331 1632 2416 animadver-

223 2461 390 2544 tenduru
420 2465 503 2542 est:
541 2457 573 2541 si
615 2461 751 2567 potest
791 2459 918 2543 abbas
950 2459 1009 2542 ita
1040 2461 1300 2548 manifestare
1328 2465 1438 2547 illurn
1469 2490 1630 2546 carrsaru

222 2595 358 2700 gravis
386 2589 577 2673 utilitatis
608 2588 819 2688 ounribus,
849 2596 1049 2698 quatenus
1078 2615 1171 2674 carn
1202 2593 1419 2678 concordia
1459 2599 1501 2674 et
1528 2589 1632 2674 cari·
1714 2689 1715 2692 p

133 2777 138 2789 ·
224 2731 310 2806 tata
340 2725 512 2806 l'ratrurn
543 2720 610 2804 illc
640 2722 764 2803 frater
800 2727 1017 2804 excurentur
1045 2751 1070 2803 a
1098 2721 1274 2830 coquina
1311 2751 1384 2832 pro
1414 2723 1485 2805 illo
1513 2749 1633 2804 errrrsa
1704 2711 1707 2722 ’

221 2853 357 2964 gravis
387 2853 591 2948 utilitatis,
621 2860 720 2935 tuuc
750 2851 1001 2934 excursaudus
1030 2855 1092 2934 est
1121 2851 1260 2939 trater.
1308 2853 1517 2937 Siculam
1549 2880 1630 2934 uon

222 2993 361 3095 potest
388 2983 583 3066 iratribus
612 2981 738 3066 obbas
767 2981 1029 3073 nrorrilestnre
1059 2983 1177 3066 istum
1201 3011 1364 3068 eausam
1390 2981 1527 3094 gravis
1549 2983 1632 3064 uti·
1772 2976 1774 2980 ’

223 3114 376 3219 litatis,
406 3119 452 3198 nt
480 3123 697 3198 excusetur
724 3140 749 3196 a
777 3113 974 3222 coquina,
1003 3113 1071 3198 oud
1105 3115 1236 3226 uragis
1265 3113 1360 3199 inde
1390 3110 1631 3197 discordiam

225 3245 334 3330 iuter
363 3249 508 3330 fratros
530 3250 661 3328 artant
677 3244 710 3352 ²)
735 3243 892 3342 virlerit,
923 3243 1068 3326 unctius
1088 3250 1161 3344 est,
1193 3251 1240 3327 ut
1259 3243 1328 3328 illa
1353 3271 1474 3328 curua
1493 3242 1632 3326 diruit·
1680 3306 1684 3316 .
1777 3361 1779 3364 Ι

220 3380 343 3476 tatur,
374 3384 416 3458 et
435 3372 634 3482 coquinas
653 3374 834 3456 ol'ticiuru
856 3380 1053 3474 exorceat,
1084 3401 1205 3482 quarn
1222 3375 1435 3459 caritatem
1459 3374 1629 3458 fratrum

220 3503 502 3614 parvipendat,
533 3512 575 3587 et
602 3503 715 3605 illam
746 3531 906 3586 causam
938 3503 1075 3614 gravis
1094 3505 1285 3589 utilitatis
1311 3506 1352 3589 in
1380 3505 1522 3612 majori
1541 3503 1631 3587 loco

224 3634 384 3736 habeat,
414 3663 463 3718 eo
492 3634 601 3743 qaod
631 3635 779 3718 caritas
810 3637 941 3745 major
970 3642 1031 3719 est
1059 3663 1182 3744 quarn
1213 3641 1375 3719 terrena
1403 3636 1523 3749 aetio.
1555 3735 1557 3739 Α

329 3765 543 3874 Sequitur:
573 3765 847 3850 lrolnciltilrus
868 3773 999 3851 auaro
1010 3774 1278 3870 procurantur
1298 3766 1458 3867 salatia,
1487 3769 1529 3848 ut
1553 3793 1632 3850 rimi
1773 3803 1775 3809 ·

143 3951 145 3956 ·
219 3924 304 3984 cum
334 3898 504 3982 tristitia
532 3896 603 3981 lroc
629 3901 799 4004 saciant.
862 3897 1076 3980 lrnbecillis
1106 3903 1168 3980 est
1204 3897 1293 3994 illo,
1323 3898 1394 4005 qui
1434 3896 1630 3981 delicatas

219 4043 300 4130 est,
329 4029 514 4138 qrraurris
544 4059 626 4115 uon
658 4031 843 4140 propris,
875 4029 939 4111 cui
969 4029 1083 4137 quusi
1117 4055 1188 4138 per
1218 4034 1406 4111 naturum
1434 4031 1518 4127 est,
1548 4027 1631 4108 talc

219 4160 400 4245 alliciuru
442 4187 525 4243 nou
563 4189 680 4269 posse
722 4159 908 4242 uranibas
945 4150 1152 4263 exercerc,
1190 4188 1240 4242 eo
1277 4159 1386 4268 quad
1424 4185 1630 4266 nunquam

220 4293 302 4375 tals
329 4321 432 4402 opus
463 4289 668 4388 exercuitr
707 4289 790 4374 sive
818 4289 1035 4375 imbecillis
1063 4295 1125 4374 est
1155 4289 1243 4386 ills,
1279 4290 1428 4398 quiex
1459 4287 1631 4370 inllruri·

219 4428 304 4506 tato
327 4421 472 4529 surgit,
501 4428 543 4504 at
560 4423 614 4503 ob
643 4421 732 4522 lroc,
759 4422 854 4532 quia
875 4419 981 4504 vires
1003 4419 1044 4502 iu
1067 4419 1304 4528 infirmitato
1328 4417 1516 4528 perdidit,
1548 4403 1630 4497 nau

220 4562 356 4661 potest
384 4549 485 4634 illud
516 4549 694 4636 cilicium
727 4551 906 4660 imploro.
966 4545 1184 4632 Imbeciltia
1213 4554 1275 4631 est
1303 4547 1424 4630 atiaur
1452 4545 1632 4646 claudus,

221 4681 282 4764 ret
316 4684 438 4766 atiuur
477 4677 757 4787 hujuscemodi
796 4678 939 4782 lronro,
969 4675 1054 4789 qui,
1080 4705 1164 4762 non
1205 4681 1341 4788 potest
1374 4675 1461 4760 sina
1499 4674 1634 4758 baculi

217 4811 423 4921 adjutorio
452 4811 524 4914 iro,
553 4839 601 4894 eo
626 4807 742 4932 qaod·
765 4808 978 4895 imbecillis
1005 4813 1066 4892 ast
1092 4805 1225 4891 dictus
1245 4803 1361 4916 quasi
1379 4802 1466 4888 sins
1488 4803 1633 4888 baculo

221 5009 484 5025 *m

308 5124 336 5196 ἱ)
360 5121 563 5188 excursat'um
587 5115 645 5200 (lt.

307 5228 335 5318 ¹)
356 5225 526 5297 orituram
550 5227 607 5314 tl).
