3968 5774
808 155 893 252 cap.
917 157 1128 240 xxm..
1318 118 1323 128 ’
1550 164 1630 248 353

211 373 338 469 uude
366 377 417 462 ad
450 404 606 461 sacrum
632 377 813 460 ordinem
834 380 1022 462 accedere
1044 382 1200 464 nonsit
1219 381 1380 492 diguus,
1414 412 1493 466 non
1513 381 1634 464 debet
1781 379 1783 384 ’

232 519 272 600 in
305 508 450 608 minori
479 506 599 615 eulpa
622 509 779 605 tenni,
820 509 887 589 aed
931 512 971 591 in
1011 511 1202 618 graviori.
1262 511 1352 596 Hoc
1380 521 1518 594 tamen
1547 509 1633 594 ani·
1766 545 1770 556 ·

233 638 562 728 mrulvertendmn
593 647 673 732 esu,
704 640 800 744 quia
826 637 860 720 si
891 639 1018 720 frater
1044 667 1127 722 rem
1156 643 1391 746 monasterii
1423 641 1635 727 violaverit
1763 737 1764 740 y

235 774 292 856 rai
322 773 374 854 ab
403 769 484 852 ulio
514 767 641 848 i'rntre
670 766 827 850 furatus
855 768 1000 868 fuerit,
1042 771 1085 852 in
1122 769 1302 877 graviori
1343 772 1463 880 oulpn
1504 774 1632 856 tenori
1781 776 1818 844 ·'

232 904 371 997 delun,
400 899 432 978 si
462 903 600 979 aurem
623 895 871 1005 superfluum
903 896 1103 996 babuerit,
1133 899 1158 982 i.
1182 929 1215 984 e.
1244 901 1277 982 si
1303 929 1351 983 ea
1380 929 1484 1009 quae
1512 902 1634 984 debet

234 1031 407 1126 reddere,
437 1027 517 1136 [et]
547 1026 654 1132 apud
684 1055 727 1108 sa
755 1025 988 1126 detinuerit,
1018 1029 1165 1112 minori
1196 1029 1315 1138 culpa
1341 1031 1472 1114 teneri
1502 1031 1635 1116 debet.
1793 1067 1798 1077 ·

232 1162 307 1246 Sed
336 1158 546 1243 sciendum
575 1173 661 1242 est:
692 1161 775 1266 [nt]
806 1158 837 1240 si
869 1158 959 1265 quis
988 1159 1116 1243 frater
1143 1161 1248 1244 forte
1277 1162 1525 1244 commiserit
1553 1161 1637 1242 tale

192 1331 196 1340 ¹
232 1297 460 1402 promtum,
503 1292 610 1400 quod
643 1291 803 1374 ridetur
831 1289 1041 1372 criminale
1078 1297 1120 1374 at
1149 1298 1285 1376 tannen
1324 1292 1636 1401 uonvprobibet
1770 1371 1772 1374 ,

234 1425 457 1522 huminem,
499 1423 551 1505 ad
581 1421 887 1530 presbyteratus
915 1419 1110 1504 bonorem
1141 1424 1351 1522 accedere,
1390 1428 1423 1508 si
1453 1427 1546 1510 talis
1575 1434 1637 1510 ost

234 1583 421 1664 persona,
458 1579 562 1660 quae
600 1559 736 1660 potest
763 1553 815 1636 ad
845 1553 1042 1636 bonorem
1073 1552 1376 1661 presbyteratus
1410 1558 1634 1664 pervenire,

234 1714 309 1767 nou
340 1683 462 1768 debet
490 1687 533 1766 iu
562 1684 753 1790 graviori,
783 1684 852 1767 sed
884 1685 927 1766 in
958 1684 1103 1768 minori
1132 1685 1253 1794 orrlpu
1278 1688 1636 1790 excommunicari,

232 1817 324 1922 «prin
353 1812 457 1895 siin
488 1813 630 1920 rrruy'ari
661 1813 781 1922 eulpa
804 1813 1178 1899 excorunmuicatus
1199 1815 1335 1912 suerit,
1364 1813 1396 1898 si
1423 1817 1636 1925 presbyter

232 1952 303 2042 out,
333 1969 414 2025 non
446 1942 569 2025 dabat
596 1942 759 2026 arissam
789 1949 968 2044 orantum,
997 1945 1193 2026 airadum
1222 1971 1305 2026 nou
1330 1953 1391 2026 ost
1410 1946 1637 2055 presbyter,

234 2103 304 2158 neo
333 2075 456 2156 debet
485 2099 589 2176 sssa;
632 2077 674 2154 et
702 2071 794 2156 ideo
822 2073 946 2156 debet
973 2071 1111 2169 illum,
1150 2073 1256 2156 siout
1288 2073 1384 2174 dixi,
1416 2075 1460 2158 in
1489 2077 1637 2161 minori

232 2205 350 2311 crdpa
378 2203 507 2288 teneri
525 2203 555 2312 ¹)
587 2210 753 2312 proptor
780 2199 895 2299 illud,
925 2201 1035 2309 qnod
1064 2201 1260 2310 seriptum
1290 2209 1374 2289 est:
1407 2205 1635 2303 Seourrdum

232 2331 537 2438 uniusmp'nspue
563 2333 794 2438 qualitatem
832 2358 915 2414 runa
944 2331 1188 2435 praeberetur
1215 2333 1260 2414 in
1288 2335 1470 2418 ornuidus
1498 2361 1639 2420 secern-

231 2466 324 2546 dum
352 2461 496 2546 rurrr'tn
523 2463 755 2568 disciplina.
813 2458 868 2543 lau
896 2460 974 2544 boo
1003 2461 1229 2545 notandum
1260 2467 1345 2564 est,
1376 2463 1471 2572 quia
1499 2467 1636 2573 gravis

106 2679 109 2687 ,
231 2593 349 2701 ‹rrrlpu
378 2591 502 2674 babet
530 2620 657 2675 nnuru
686 2592 872 2700 gradum,
903 2591 927 2673 i.
949 2619 982 2678 a.
1012 2583 1219 2700 publicam
1243 2598 1632 2681 excommnuicatio-

234 2753 335 2806 uenr.
393 2725 473 2807 Sed
501 2723 720 2806 ridendum
751 2729 834 2818 est,
869 2722 1063 2830 quamdiu
1093 2703 1328 2808 tolerandus
1356 2731 1420 2809 est
1448 2727 1516 2812 illo
1545 2728 1639 2812 talis

140 2931 143 2934 .
233 2853 357 2937 irater
385 2853 428 2936 iu
458 2853 717 2938 monasterio.
776 2851 838 2936 De
868 2853 943 2936 huo
973 2881 1017 2935 re
1046 2851 1168 2936 debet
1197 2853 1276 2938 ista
1304 2883 1388 2938 esse
1424 2845 1674 2947 diseretior'

222 2985 263 3064 -ni
293 2985 401 3066 enirn
432 2983 499 3066 ille
528 2982 734 3066 studiosus
761 2984 890 3070 abbas
926 2992 968 3068 ot
1003 2984 1169 3092 placens
1199 2985 1285 3068 Deo
1320 2987 1460 3085 fuerit,
1503 2990 1641 3097 potest

232 3113 343 3195 illum
382 3114 559 3197 retinere
600 3141 727 3220 usque
766 3112 819 3198 ad
859 3121 1017 3196 sertam
1058 3115 1358 3223 corruptionem
1401 3125 1443 3202 et
1480 3143 1641 3206 excom·-¹

234 3245 550 3327 rnunioutiouem
574 3243 1043 3352 juxtaaestimationem
1072 3271 1140 3326 sax
1164 3244 1364 3354 gratianus
1394 3250 1639 3360 spiritalium
1732 3303 1739 3318 ·

233 3373 439 3484 culparum
471 3423 524 3439 -
553 3375 790 3478 ita‘tamen,
818 3376 851 3456 si
878 3374 1027 3458 viderit
1056 3374 1123 3458 illo
1140 3377 1279 3475 abbas,
1308 3379 1395 3487 ejus
1425 3388 1636 3489 peecatum

232 3503 432 3588 aliis-non
463 3533 619 3606 nouere,
648 3505 745 3614 quia
761 3505 918 3588 tamdiu
939 3506 1176 3590 tolerandus
1200 3518 1262 3592 est
1290 3536 1364 3616 pro
1384 3513 1499 3619 gravi
1520 3511 1640 3623 onlpa

80 3661 83 3668 ’
233 3632 274 3716 in
293 3633 557 3756 nronasterio,
585 3633 780 3746 quamdiu
813 3635 960 3720 uiderit
981 3637 1067 3746 ejus
1091 3648 1300 3746 peceatum
1319 3639 1422 3724 alios
1447 3668 1529 3726 uon
1549 3671 1640 3726 aor-

232 3791 440 3872 rumpero;
481 3765 639 3848 namsi
678 3765 824 3849 viderit
859 3769 945 3876 ejus
981 3773 1192 3884 peceatum
1221 3767 1322 3852 alios
1350 3773 1522 3856 celerius
1550 3799 1640 3856 om·
1783 3845 1787 3854 .
1826 3801 1830 3811 ·

232 3921 431 4002 rumpere,
460 3893 647 3978 celeriter
676 3895 952 4006 projiciendus
980 3904 1054 3988 est.

779 4091 879 4197 oap.
912 4091 1004 4176 xx
1017 4093 1090 4182 ur.

134 4253 136 4260 v
230 4236 295 4315 uu
327 4237 432 4336 ma,
469 4200 555 4329 orn
596 4239 714 4314 amn
748 4239 999 4321 rrssronn
1036 4243 1259 4321 narinus
1295 4243 1542 4322 sunnone
1579 4245 1639 4321 su

351 4385 353 4390 ·
464 4393 467 4401 «
697 4363 1169 4453 raxoonnourorrrs

225 4513 230 4522 '
324 4507 390 4592 'Si
419 4505 510 4613 quis
536 4507 668 4611 frater
689 4511 1014 4616 praesumpserit
1034 4511 1121 4594 sine
1133 4499 1319 4616 jrnsioae
1337 4510 1494 4594 obdulie
1513 4513 1640 4616 fratri

229 4639 565 4723 eecmrunnnieuto
599 4639 768 4744 praelibet
806 4641 994 4727 madore
1023 4643 1195 4748 jnnprre
1238 4649 1308 4727 ord
1347 4640 1568 4748 loqrrirnm
1597 4668 1641 4725 eo
1762 4707 1764 4712 .
1865 4735 1868 4742 ¹

163 4795 168 4803 ·
228 4771 290 4853 vel
308 4771 543 4855 erroredutunr
560 4771 598 4854 ei
618 4771 805 4880 diripere,
825 4770 997 4857 sinadam
1016 4775 1209 4872 sortimur
1226 4767 1642 4858 eroonrmmn‘ootionis

229 4897 457 4986 uindictam.
498 4949 541 4964 -
584 4901 705 4989 Nune
747 4903 965 4988 ridendum
1006 4907 1091 5009 est,
1121 4901 1377 5014 qnaefloaus'a
1402 4910 1485 5008 est,
1517 4901 1643 5014 quar‘e

238 5045 497 5064 —ffl

318 5103 344 5190 ¹)
366 5106 487 5172 tenere
507 5039 565 5191 dt).

301 5223 492 5306 arremaro..
508 5225 659 5290 asponae
677 5229 801 5296 repar-a
1000 5225 1006 5236 '
1109 5270 1112 5278 .
1270 5207 1280 5224 ’
1389 5216 1442 5300 23
1560 5307 1564 5320 ,
