<?xml version="1.0" encoding="UTF-8"?>
<!DOCTYPE html PUBLIC "-//W3C//DTD XHTML 1.0 Transitional//EN"
    "http://www.w3.org/TR/xhtml1/DTD/xhtml1-transitional.dtd">
<html xmlns="http://www.w3.org/1999/xhtml" xml:lang="en" lang="en">
 <head>
  <title>
</title>
<meta http-equiv="Content-Type" content="text/html;charset=utf-8" />
  <meta name='ocr-system' content='tesseract 3.04.00' />
  <meta name='ocr-capabilities' content='ocr_page ocr_carea ocr_par ocr_line ocrx_word'/>
</head>
<body>
  <div class='ocr_page' id='page_1' title='image "./vitaetregulassp01benegoog_0556.png"; bbox 0 0 3930 5788; ppageno 0'>
   <div class='ocr_carea' id='block_1_1' title="bbox 791 322 1750 436">
    <p class='ocr_par' dir='ltr' id='par_1_1' title="bbox 791 322 1750 436">
     <span class='ocr_line' id='line_1_1' title="bbox 791 322 1750 436; baseline -0.004 -37"><span class='ocrx_word' id='word_1_1' title='bbox 791 351 793 354; x_wconf 90' lang='lat'>·</span> <span class='ocrx_word' id='word_1_2' title='bbox 883 322 968 436; x_wconf 80' lang='lat' dir='ltr'><strong>Gap.</strong></span> <span class='ocrx_word' id='word_1_3' title='bbox 990 322 1081 398; x_wconf 76' lang='lat' dir='ltr'><strong>tvl.</strong></span> <span class='ocrx_word' id='word_1_4' title='bbox 1372 360 1377 371; x_wconf 92' lang='lat'><strong>·</strong></span> <span class='ocrx_word' id='word_1_5' title='bbox 1603 334 1681 420; x_wconf 80' lang='lat'><strong>527</strong></span> <span class='ocrx_word' id='word_1_6' title='bbox 1748 351 1750 356; x_wconf 55' lang='lat'><strong><em>¹</em></strong></span> 
     </span>
    </p>
   </div>
   <div class='ocr_carea' id='block_1_2' title="bbox 272 543 1803 654">
    <p class='ocr_par' dir='ltr' id='par_1_2' title="bbox 272 543 1803 654">
     <span class='ocr_line' id='line_1_2' title="bbox 272 543 1803 654; baseline 0.002 -23"><span class='ocrx_word' id='word_1_7' title='bbox 272 552 400 631; x_wconf 81' lang='lat' dir='ltr'><strong>erdem</strong></span> <span class='ocrx_word' id='word_1_8' title='bbox 426 567 495 626; x_wconf 82' lang='lat' dir='ltr'><strong>eos</strong></span> <span class='ocrx_word' id='word_1_9' title='bbox 516 569 596 650; x_wconf 87' lang='lat' dir='ltr'><strong>per</strong></span> <span class='ocrx_word' id='word_1_10' title='bbox 620 570 761 628; x_wconf 77' lang='lat' dir='ltr'><strong>urorrren</strong></span> <span class='ocrx_word' id='word_1_11' title='bbox 779 543 949 631; x_wconf 89' lang='lat' dir='ltr'><strong>Domini</strong></span> <span class='ocrx_word' id='word_1_12' title='bbox 971 549 1100 632; x_wconf 79' lang='lat' dir='ltr'><strong>riustri</strong></span> <span class='ocrx_word' id='word_1_13' title='bbox 1117 547 1219 633; x_wconf 81' lang='lat' dir='ltr'><strong>Jesu</strong></span> <span class='ocrx_word' id='word_1_14' title='bbox 1245 547 1410 652; x_wconf 81' lang='lat' dir='ltr'><strong>Christi,</strong></span> <span class='ocrx_word' id='word_1_15' title='bbox 1439 555 1481 634; x_wconf 84' lang='lat' dir='ltr'><strong>ut</strong></span> <span class='ocrx_word' id='word_1_16' title='bbox 1506 549 1681 654; x_wconf 82' lang='lat' dir='ltr'><strong>idipsrun</strong></span> <span class='ocrx_word' id='word_1_17' title='bbox 1797 615 1803 634; x_wconf 85' lang='lat'>.</span> 
     </span>
    </p>
   </div>
   <div class='ocr_carea' id='block_1_3' title="bbox 145 675 1795 778">
    <p class='ocr_par' dir='ltr' id='par_1_3' title="bbox 145 675 1795 778">
     <span class='ocr_line' id='line_1_3' title="bbox 145 675 1795 778; baseline -0.001 -16"><span class='ocrx_word' id='word_1_18' title='bbox 145 687 149 694; x_wconf 87' lang='grc'><strong>’</strong></span> <span class='ocrx_word' id='word_1_19' title='bbox 204 703 206 708; x_wconf 91' lang='grc'><strong><em>·</em></strong></span> <span class='ocrx_word' id='word_1_20' title='bbox 273 677 417 762; x_wconf 81' lang='lat' dir='ltr'><strong>dicatis</strong></span> <span class='ocrx_word' id='word_1_21' title='bbox 445 701 581 759; x_wconf 78' lang='lat' dir='ltr'><strong>errerres</strong></span> <span class='ocrx_word' id='word_1_22' title='bbox 624 675 880 760; x_wconf 73' lang='lat' dir='ltr'><strong>cirtensia!</strong></span> <span class='ocrx_word' id='word_1_23' title='bbox 919 677 962 760; x_wconf 87' lang='lat' dir='ltr'><strong>r&#39;a</strong></span> <span class='ocrx_word' id='word_1_24' title='bbox 999 677 1109 763; x_wconf 84' lang='lat' dir='ltr'><strong>uehis</strong></span> <span class='ocrx_word' id='word_1_25' title='bbox 1144 677 1377 766; x_wconf 76' lang='lat' dir='ltr'><strong>schismate.</strong></span> <span class='ocrx_word' id='word_1_26' title='bbox 1436 676 1542 778; x_wconf 85' lang='lat' dir='ltr'><strong>Quid</strong></span> <span class='ocrx_word' id='word_1_27' title='bbox 1573 679 1680 763; x_wconf 91' lang='lat' dir='ltr'><strong>enim</strong></span> <span class='ocrx_word' id='word_1_28' title='bbox 1793 693 1795 700; x_wconf 59' lang='lat'><strong>⁴</strong></span> 
     </span>
    </p>
   </div>
   <div class='ocr_carea' id='block_1_4' title="bbox 196 803 1781 2222">
    <p class='ocr_par' dir='ltr' id='par_1_4' title="bbox 196 803 1781 2222">
     <span class='ocr_line' id='line_1_4' title="bbox 273 803 1683 920; baseline 0.001 -29"><span class='ocrx_word' id='word_1_29' title='bbox 273 805 405 920; x_wconf 88' lang='lat' dir='ltr'><strong>potuit</strong></span> <span class='ocrx_word' id='word_1_30' title='bbox 433 811 517 890; x_wconf 90' lang='lat' dir='ltr'><strong>tam</strong></span> <span class='ocrx_word' id='word_1_31' title='bbox 549 803 739 916; x_wconf 87' lang='lat' dir='ltr'><strong>perlectis</strong></span> <span class='ocrx_word' id='word_1_32' title='bbox 766 809 934 916; x_wconf 76' lang='lat' dir='ltr'><strong>iensque</strong></span> <span class='ocrx_word' id='word_1_33' title='bbox 956 807 1228 893; x_wconf 78' lang='lat' dir='ltr'><strong>laudabilibus</strong></span> <span class='ocrx_word' id='word_1_34' title='bbox 1245 808 1419 894; x_wconf 79' lang='lat' dir='ltr'><strong>schisma</strong></span> <span class='ocrx_word' id='word_1_35' title='bbox 1447 809 1683 917; x_wconf 79' lang='lat' dir='ltr'><strong>subripere?</strong></span> 
     </span>
     <span class='ocr_line' id='line_1_5' title="bbox 237 927 1682 1046; baseline -0.002 -23"><span class='ocrx_word' id='word_1_36' title='bbox 237 947 241 956; x_wconf 87' lang='lat'>&#39;</span> <span class='ocrx_word' id='word_1_37' title='bbox 273 937 552 1044; x_wconf 75' lang='lat' dir='ltr'><strong>Siprrificairuu</strong></span> <span class='ocrx_word' id='word_1_38' title='bbox 583 941 641 1020; x_wconf 84' lang='lat' dir='ltr'><strong>esi</strong></span> <span class='ocrx_word' id='word_1_39' title='bbox 666 927 769 1020; x_wconf 68' lang='lat' dir='ltr'><strong>&#39;sullis&#39;</strong></span> <span class='ocrx_word' id='word_1_40' title='bbox 798 938 847 1021; x_wconf 86' lang='lat' dir='ltr'><strong>de</strong></span> <span class='ocrx_word' id='word_1_41' title='bbox 870 937 992 1041; x_wconf 85' lang='lat' dir='ltr'><strong>vodis,</strong></span> <span class='ocrx_word' id='word_1_42' title='bbox 1018 938 1173 1043; x_wconf 64' lang='lat' dir='ltr'><strong>fraires</strong></span> <span class='ocrx_word' id='word_1_43' title='bbox 1194 941 1284 1040; x_wconf 85' lang='lat' dir='ltr'><strong>urei,</strong></span> <span class='ocrx_word' id='word_1_44' title='bbox 1314 940 1366 1022; x_wconf 85' lang='lat' dir='ltr'><strong>nh</strong></span> <span class='ocrx_word' id='word_1_45' title='bbox 1386 937 1462 1038; x_wconf 86' lang='lat' dir='ltr'><strong>iris,</strong></span> <span class='ocrx_word' id='word_1_46' title='bbox 1493 939 1563 1046; x_wconf 79' lang='lat' dir='ltr'><strong>qui</strong></span> <span class='ocrx_word' id='word_1_47' title='bbox 1590 947 1682 1023; x_wconf 80' lang='lat' dir='ltr'><strong>sind</strong></span> 
     </span>
     <span class='ocr_line' id='line_1_6' title="bbox 274 1063 1694 1174; baseline 0.001 -26"><span class='ocrx_word' id='word_1_48' title='bbox 274 1068 432 1170; x_wconf 74' lang='lat' dir='ltr'><strong>(llrloes,</strong></span> <span class='ocrx_word' id='word_1_49' title='bbox 471 1067 565 1174; x_wconf 80' lang='lat' dir='ltr'><strong>quin</strong></span> <span class='ocrx_word' id='word_1_50' title='bbox 595 1071 687 1151; x_wconf 80' lang='lat' dir='ltr'><strong>sum</strong></span> <span class='ocrx_word' id='word_1_51' title='bbox 731 1069 996 1152; x_wconf 81' lang='lat' dir='ltr'><strong>emrleuiioues</strong></span> <span class='ocrx_word' id='word_1_52' title='bbox 1033 1068 1136 1152; x_wconf 75' lang='lat' dir='ltr'><strong>inter</strong></span> <span class='ocrx_word' id='word_1_53' title='bbox 1163 1093 1244 1156; x_wconf 74' lang='lat' dir='ltr'><strong>cres.</strong></span> <span class='ocrx_word' id='word_1_54' title='bbox 1303 1069 1391 1154; x_wconf 85' lang='lat' dir='ltr'><strong>Hoc</strong></span> <span class='ocrx_word' id='word_1_55' title='bbox 1419 1075 1550 1152; x_wconf 82' lang='lat' dir='ltr'><strong>urricus</strong></span> <span class='ocrx_word' id='word_1_56' title='bbox 1579 1063 1694 1172; x_wconf 82' lang='lat' dir='ltr'><strong>dieo,</strong></span> 
     </span>
     <span class='ocr_line' id='line_1_7' title="bbox 269 1193 1781 1306; baseline -0.001 -26"><span class='ocrx_word' id='word_1_57' title='bbox 269 1203 310 1280; x_wconf 83' lang='lat' dir='ltr'><strong>ul</strong></span> <span class='ocrx_word' id='word_1_58' title='bbox 340 1199 607 1304; x_wconf 77' lang='lat' dir='ltr'><strong>uuusquisque</strong></span> <span class='ocrx_word' id='word_1_59' title='bbox 635 1203 808 1282; x_wconf 80' lang='lat' dir='ltr'><strong>cesterna</strong></span> <span class='ocrx_word' id='word_1_60' title='bbox 838 1196 957 1281; x_wconf 80' lang='lat' dir='ltr'><strong>dieii:</strong></span> <span class='ocrx_word' id='word_1_61' title='bbox 989 1193 1103 1304; x_wconf 71' lang='lat' dir='ltr'><strong>»Epo</strong></span> <span class='ocrx_word' id='word_1_62' title='bbox 1130 1196 1289 1302; x_wconf 75' lang='lat' dir='ltr'><strong>peridem</strong></span> <span class='ocrx_word' id='word_1_63' title='bbox 1318 1223 1407 1284; x_wconf 86' lang='lat' dir='ltr'><strong>sum</strong></span> <span class='ocrx_word' id='word_1_64' title='bbox 1440 1195 1582 1296; x_wconf 84' lang='lat' dir='ltr'><strong>Pauli,</strong></span> <span class='ocrx_word' id='word_1_65' title='bbox 1613 1226 1681 1306; x_wconf 78' lang='lat' dir='ltr'><strong>epu</strong></span> <span class='ocrx_word' id='word_1_66' title='bbox 1772 1215 1781 1238; x_wconf 57' lang='lat'>⁸</span> 
     </span>
     <span class='ocr_line' id='line_1_8' title="bbox 270 1325 1678 1437; baseline -0.001 -23"><span class='ocrx_word' id='word_1_67' title='bbox 270 1335 397 1414; x_wconf 72' lang='lat' dir='ltr'><strong>aretem</strong></span> <span class='ocrx_word' id='word_1_68' title='bbox 427 1327 590 1432; x_wconf 80' lang='lat' dir='ltr'><strong>Apollo,</strong></span> <span class='ocrx_word' id='word_1_69' title='bbox 632 1353 701 1437; x_wconf 77' lang='lat' dir='ltr'><strong>epo</strong></span> <span class='ocrx_word' id='word_1_70' title='bbox 728 1355 820 1412; x_wconf 87' lang='lat' dir='ltr'><strong>vero</strong></span> <span class='ocrx_word' id='word_1_71' title='bbox 852 1326 1019 1432; x_wconf 79' lang='lat' dir='ltr'><strong>Cepheo,</strong></span> <span class='ocrx_word' id='word_1_72' title='bbox 1050 1353 1118 1434; x_wconf 79' lang='lat' dir='ltr'><strong>epo</strong></span> <span class='ocrx_word' id='word_1_73' title='bbox 1146 1336 1278 1411; x_wconf 80' lang='lat' dir='ltr'><strong>urrlem</strong></span> <span class='ocrx_word' id='word_1_74' title='bbox 1311 1327 1504 1414; x_wconf 81' lang='lat' dir='ltr'><strong>Christi«.</strong></span> <span class='ocrx_word' id='word_1_75' title='bbox 1563 1325 1678 1428; x_wconf 77' lang='lat' dir='ltr'><strong>Ecce,</strong></span> 
     </span>
     <span class='ocr_line' id='line_1_9' title="bbox 275 1456 1680 1568; baseline 0.001 -28"><span class='ocrx_word' id='word_1_76' title='bbox 275 1485 376 1566; x_wconf 89' lang='lat' dir='ltr'><strong>quos</strong></span> <span class='ocrx_word' id='word_1_77' title='bbox 404 1458 446 1540; x_wconf 91' lang='lat' dir='ltr'><strong>in</strong></span> <span class='ocrx_word' id='word_1_78' title='bbox 477 1458 588 1541; x_wconf 79' lang='lat' dir='ltr'><strong>orsini</strong></span> <span class='ocrx_word' id='word_1_79' title='bbox 620 1458 743 1543; x_wconf 82' lang='lat' dir='ltr'><strong>uerbo</strong></span> <span class='ocrx_word' id='word_1_80' title='bbox 773 1464 815 1541; x_wconf 90' lang='lat' dir='ltr'><strong>et</strong></span> <span class='ocrx_word' id='word_1_81' title='bbox 843 1460 884 1541; x_wconf 92' lang='lat' dir='ltr'><strong>iu</strong></span> <span class='ocrx_word' id='word_1_82' title='bbox 916 1456 1243 1566; x_wconf 87' lang='lat' dir='ltr'><strong>curnisapicutia</strong></span> <span class='ocrx_word' id='word_1_83' title='bbox 1260 1459 1510 1564; x_wconf 76' lang='lat' dir='ltr'><strong>laudaverat,</strong></span> <span class='ocrx_word' id='word_1_84' title='bbox 1534 1459 1680 1568; x_wconf 88' lang='lat' dir='ltr'><strong>quibus</strong></span> 
     </span>
     <span class='ocr_line' id='line_1_10' title="bbox 196 1575 1740 1701; baseline 0.003 -31"><span class='ocrx_word' id='word_1_85' title='bbox 196 1575 200 1584; x_wconf 71' lang='grc'><strong>’</strong></span> <span class='ocrx_word' id='word_1_86' title='bbox 272 1589 370 1672; x_wconf 90' lang='lat' dir='ltr'><strong>nihil</strong></span> <span class='ocrx_word' id='word_1_87' title='bbox 414 1588 551 1672; x_wconf 86' lang='lat' dir='ltr'><strong>‹leesse</strong></span> <span class='ocrx_word' id='word_1_88' title='bbox 590 1589 745 1672; x_wconf 88' lang='lat' dir='ltr'><strong>inulla</strong></span> <span class='ocrx_word' id='word_1_89' title='bbox 784 1587 921 1696; x_wconf 74' lang='lat' dir='ltr'><strong>gratia</strong></span> <span class='ocrx_word' id='word_1_90' title='bbox 961 1587 1140 1690; x_wconf 88' lang='lat' dir='ltr'><strong>dixerat,</strong></span> <span class='ocrx_word' id='word_1_91' title='bbox 1182 1587 1389 1698; x_wconf 82' lang='lat' dir='ltr'><strong>paulisper</strong></span> <span class='ocrx_word' id='word_1_92' title='bbox 1429 1592 1599 1701; x_wconf 89' lang='lat' dir='ltr'><strong>loquens</strong></span> <span class='ocrx_word' id='word_1_93' title='bbox 1629 1593 1679 1674; x_wconf 91' lang='lat' dir='ltr'><strong>ad</strong></span> <span class='ocrx_word' id='word_1_94' title='bbox 1737 1693 1740 1699; x_wconf 18' lang='grc' dir='ltr'>Ι</span> 
     </span>
     <span class='ocr_line' id='line_1_11' title="bbox 269 1718 1681 1834; baseline 0.003 -32"><span class='ocrx_word' id='word_1_95' title='bbox 269 1719 560 1827; x_wconf 88' lang='lat' dir='ltr'><strong>increpandum</strong></span> <span class='ocrx_word' id='word_1_96' title='bbox 602 1720 749 1803; x_wconf 86' lang='lat' dir='ltr'><strong>leniter</strong></span> <span class='ocrx_word' id='word_1_97' title='bbox 778 1719 944 1803; x_wconf 80' lang='lat' dir='ltr'><strong>verricus</strong></span> <span class='ocrx_word' id='word_1_98' title='bbox 986 1718 1136 1803; x_wconf 85' lang='lat' dir='ltr'><strong>diuisos</strong></span> <span class='ocrx_word' id='word_1_99' title='bbox 1174 1745 1273 1828; x_wconf 83' lang='lat' dir='ltr'><strong>erga</strong></span> <span class='ocrx_word' id='word_1_100' title='bbox 1311 1751 1354 1802; x_wconf 91' lang='lat' dir='ltr'><strong>se</strong></span> <span class='ocrx_word' id='word_1_101' title='bbox 1392 1721 1503 1834; x_wconf 88' lang='lat' dir='ltr'><strong>ipsos</strong></span> <span class='ocrx_word' id='word_1_102' title='bbox 1542 1750 1681 1831; x_wconf 87' lang='lat' dir='ltr'><strong>repre-</strong></span> 
     </span>
     <span class='ocr_line' id='line_1_12' title="bbox 269 1843 1739 1960; baseline 0.001 -28"><span class='ocrx_word' id='word_1_103' title='bbox 269 1849 433 1950; x_wconf 85' lang='lat' dir='ltr'><strong>lreudit‚</strong></span> <span class='ocrx_word' id='word_1_104' title='bbox 474 1856 516 1932; x_wconf 90' lang='lat' dir='ltr'><strong>et</strong></span> <span class='ocrx_word' id='word_1_105' title='bbox 557 1877 730 1960; x_wconf 91' lang='lat' dir='ltr'><strong>quorum</strong></span> <span class='ocrx_word' id='word_1_106' title='bbox 768 1852 881 1960; x_wconf 88' lang='lat' dir='ltr'><strong>prius</strong></span> <span class='ocrx_word' id='word_1_107' title='bbox 919 1853 1091 1934; x_wconf 85' lang='lat' dir='ltr'><strong>salutem</strong></span> <span class='ocrx_word' id='word_1_108' title='bbox 1122 1843 1377 1951; x_wconf 85' lang='lat' dir='ltr'><strong>narraverat,</strong></span> <span class='ocrx_word' id='word_1_109' title='bbox 1418 1853 1676 1960; x_wconf 85' lang='lat' dir='ltr'><strong>postmodnm</strong></span> <span class='ocrx_word' id='word_1_110' title='bbox 1736 1846 1739 1853; x_wconf 71' lang='grc'><strong>’</strong></span> 
     </span>
     <span class='ocr_line' id='line_1_13' title="bbox 268 1979 1679 2094; baseline 0.004 -34"><span class='ocrx_word' id='word_1_111' title='bbox 268 1979 433 2064; x_wconf 82' lang='lat' dir='ltr'><strong>uulnera</strong></span> <span class='ocrx_word' id='word_1_112' title='bbox 464 1980 669 2088; x_wconf 87' lang='lat' dir='ltr'><strong>patefecit.</strong></span> <span class='ocrx_word' id='word_1_113' title='bbox 728 1980 939 2094; x_wconf 85' lang='lat' dir='ltr'><strong>Numquid</strong></span> <span class='ocrx_word' id='word_1_114' title='bbox 971 1980 1168 2064; x_wconf 83' lang='lat' dir='ltr'><strong>rrrentilus</strong></span> <span class='ocrx_word' id='word_1_115' title='bbox 1197 1987 1259 2062; x_wconf 88' lang='lat' dir='ltr'><strong>est</strong></span> <span class='ocrx_word' id='word_1_116' title='bbox 1291 1981 1461 2081; x_wconf 85' lang='lat' dir='ltr'><strong>l&#39;aulus,</strong></span> <span class='ocrx_word' id='word_1_117' title='bbox 1493 1987 1539 2066; x_wconf 90' lang='lat' dir='ltr'><strong>ut</strong></span> <span class='ocrx_word' id='word_1_118' title='bbox 1568 1982 1679 2094; x_wconf 87' lang='lat' dir='ltr'><strong>prius</strong></span> 
     </span>
     <span class='ocr_line' id='line_1_14' title="bbox 267 2109 1677 2222; baseline 0.003 -32"><span class='ocrx_word' id='word_1_119' title='bbox 267 2111 323 2192; x_wconf 88' lang='lat' dir='ltr'><strong>eis</strong></span> <span class='ocrx_word' id='word_1_120' title='bbox 352 2110 452 2194; x_wconf 87' lang='lat' dir='ltr'><strong>nihil</strong></span> <span class='ocrx_word' id='word_1_121' title='bbox 484 2111 620 2195; x_wconf 79' lang='lat' dir='ltr'>deesse</span> <span class='ocrx_word' id='word_1_122' title='bbox 650 2113 691 2196; x_wconf 92' lang='lat' dir='ltr'><strong>iu</strong></span> <span class='ocrx_word' id='word_1_123' title='bbox 722 2116 831 2196; x_wconf 89' lang='lat' dir='ltr'><strong>omui</strong></span> <span class='ocrx_word' id='word_1_124' title='bbox 862 2111 996 2222; x_wconf 78' lang='lat' dir='ltr'><strong>gratia</strong></span> <span class='ocrx_word' id='word_1_125' title='bbox 1024 2109 1198 2211; x_wconf 65' lang='lat' dir='ltr'><strong>dicer-et:</strong></span> <span class='ocrx_word' id='word_1_126' title='bbox 1241 2112 1389 2219; x_wconf 90' lang='lat' dir='ltr'><strong>quihus</strong></span> <span class='ocrx_word' id='word_1_127' title='bbox 1418 2113 1677 2221; x_wconf 87' lang='lat' dir='ltr'><strong>postmodnm</strong></span> 
     </span>
    </p>
   </div>
   <div class='ocr_carea' id='block_1_5' title="bbox 268 2239 1796 2351">
    <p class='ocr_par' dir='ltr' id='par_1_5' title="bbox 268 2239 1796 2351">
     <span class='ocr_line' id='line_1_15' title="bbox 268 2239 1796 2351; baseline 0.001 -25"><span class='ocrx_word' id='word_1_128' title='bbox 268 2241 447 2326; x_wconf 88' lang='lat' dir='ltr'><strong>dicturus</strong></span> <span class='ocrx_word' id='word_1_129' title='bbox 478 2248 577 2344; x_wconf 86' lang='lat' dir='ltr'><strong>erut,</strong></span> <span class='ocrx_word' id='word_1_130' title='bbox 609 2244 807 2327; x_wconf 86' lang='lat' dir='ltr'><strong>unitatem</strong></span> <span class='ocrx_word' id='word_1_131' title='bbox 835 2243 1000 2328; x_wconf 82' lang='lat' dir='ltr'>deesse?</span> <span class='ocrx_word' id='word_1_132' title='bbox 1042 2240 1161 2324; x_wconf 83' lang='lat' dir='ltr'><strong>Absit</strong></span> <span class='ocrx_word' id='word_1_133' title='bbox 1179 2239 1281 2326; x_wconf 85' lang='lat' dir='ltr'><strong>hoel</strong></span> <span class='ocrx_word' id='word_1_134' title='bbox 1312 2242 1403 2351; x_wconf 92' lang='lat' dir='ltr'><strong>quis</strong></span> <span class='ocrx_word' id='word_1_135' title='bbox 1423 2245 1559 2328; x_wconf 90' lang='lat' dir='ltr'><strong>deillo</strong></span> <span class='ocrx_word' id='word_1_136' title='bbox 1580 2244 1678 2330; x_wconf 86' lang='lat' dir='ltr'><strong>talia</strong></span> <span class='ocrx_word' id='word_1_137' title='bbox 1792 2317 1796 2327; x_wconf 93' lang='lat'><em>.</em></span> 
     </span>
    </p>
   </div>
   <div class='ocr_carea' id='block_1_6' title="bbox 265 2369 1679 2618">
    <p class='ocr_par' dir='ltr' id='par_1_6' title="bbox 265 2369 1679 2618">
     <span class='ocr_line' id='line_1_16' title="bbox 268 2369 1679 2484; baseline 0.001 -28"><span class='ocrx_word' id='word_1_138' title='bbox 268 2371 328 2458; x_wconf 86' lang='lat' dir='ltr'><strong>rel</strong></span> <span class='ocrx_word' id='word_1_139' title='bbox 360 2372 562 2484; x_wconf 80' lang='lat' dir='ltr'><strong>desipiens</strong></span> <span class='ocrx_word' id='word_1_140' title='bbox 592 2373 763 2461; x_wconf 74' lang='lat' dir='ltr'><strong>credat?</strong></span> <span class='ocrx_word' id='word_1_141' title='bbox 801 2373 880 2457; x_wconf 89' lang='lat' dir='ltr'><strong>Sed</strong></span> <span class='ocrx_word' id='word_1_142' title='bbox 912 2372 1046 2482; x_wconf 74' lang='lat' dir='ltr'><strong>{quial</strong></span> <span class='ocrx_word' id='word_1_143' title='bbox 1067 2379 1185 2455; x_wconf 85' lang='lat' dir='ltr'><strong>eraut</strong></span> <span class='ocrx_word' id='word_1_144' title='bbox 1205 2369 1314 2458; x_wconf 75' lang='lat' dir='ltr'><strong>irater</strong></span> <span class='ocrx_word' id='word_1_145' title='bbox 1332 2370 1566 2460; x_wconf 76' lang='lat' dir='ltr'><strong>Corinthios</strong></span> <span class='ocrx_word' id='word_1_146' title='bbox 1589 2375 1679 2484; x_wconf 92' lang='lat' dir='ltr'><strong>qui·</strong></span> 
     </span>
     <span class='ocr_line' id='line_1_17' title="bbox 265 2493 1675 2618; baseline 0.004 -34"><span class='ocrx_word' id='word_1_147' title='bbox 265 2503 356 2588; x_wconf 91' lang='lat' dir='ltr'><strong>dum</strong></span> <span class='ocrx_word' id='word_1_148' title='bbox 388 2501 498 2588; x_wconf 88' lang='lat' dir='ltr'><strong>ourrri</strong></span> <span class='ocrx_word' id='word_1_149' title='bbox 527 2503 662 2614; x_wconf 78' lang='lat' dir='ltr'><strong>gratia</strong></span> <span class='ocrx_word' id='word_1_150' title='bbox 691 2493 858 2618; x_wconf 82' lang='lat' dir='ltr'><strong>repleti,</strong></span> <span class='ocrx_word' id='word_1_151' title='bbox 899 2513 942 2588; x_wconf 86' lang='lat' dir='ltr'><strong>ut</strong></span> <span class='ocrx_word' id='word_1_152' title='bbox 969 2507 1089 2590; x_wconf 90' lang='lat' dir='ltr'><strong>eraut</strong></span> <span class='ocrx_word' id='word_1_153' title='bbox 1131 2499 1296 2612; x_wconf 90' lang='lat' dir='ltr'><strong>quidam</strong></span> <span class='ocrx_word' id='word_1_154' title='bbox 1328 2501 1368 2588; x_wconf 93' lang='lat' dir='ltr'><strong>iu</strong></span> <span class='ocrx_word' id='word_1_155' title='bbox 1412 2531 1675 2615; x_wconf 87' lang='lat' dir='ltr'><strong>personarum</strong></span> 
     </span>
    </p>
   </div>
   <div class='ocr_carea' id='block_1_7' title="bbox 241 2630 1863 2748">
    <p class='ocr_par' dir='ltr' id='par_1_7' title="bbox 241 2630 1863 2748">
     <span class='ocr_line' id='line_1_18' title="bbox 241 2630 1863 2748; baseline 0.004 -37"><span class='ocrx_word' id='word_1_156' title='bbox 241 2631 473 2720; x_wconf 71' lang='lat' dir='ltr'><strong>launum</strong></span> <span class='ocrx_word' id='word_1_157' title='bbox 502 2634 706 2722; x_wconf 84' lang='lat' dir='ltr'><strong>excessiri.</strong></span> <span class='ocrx_word' id='word_1_158' title='bbox 766 2635 869 2720; x_wconf 79' lang='lat' dir='ltr'><strong>liceo</strong></span> <span class='ocrx_word' id='word_1_159' title='bbox 900 2633 939 2719; x_wconf 90' lang='lat' dir='ltr'><strong>in</strong></span> <span class='ocrx_word' id='word_1_160' title='bbox 970 2631 1048 2718; x_wconf 91' lang='lat' dir='ltr'><strong>hoc</strong></span> <span class='ocrx_word' id='word_1_161' title='bbox 1078 2630 1166 2716; x_wconf 91' lang='lat' dir='ltr'><strong>loco</strong></span> <span class='ocrx_word' id='word_1_162' title='bbox 1192 2659 1273 2716; x_wconf 92' lang='lat' dir='ltr'><strong>nou</strong></span> <span class='ocrx_word' id='word_1_163' title='bbox 1303 2631 1497 2720; x_wconf 75' lang='lat' dir='ltr'><strong>delusurus</strong></span> <span class='ocrx_word' id='word_1_164' title='bbox 1525 2633 1679 2718; x_wconf 86' lang='lat' dir='ltr'><strong>intelli·</strong></span> <span class='ocrx_word' id='word_1_165' title='bbox 1793 2725 1812 2748; x_wconf 44' lang='lat'>„</span> <span class='ocrx_word' id='word_1_166' title='bbox 1860 2685 1863 2692; x_wconf 92' lang='lat'><em>·</em></span> 
     </span>
    </p>
   </div>
   <div class='ocr_carea' id='block_1_8' title="bbox 253 2762 1687 3004">
    <p class='ocr_par' dir='ltr' id='par_1_8' title="bbox 253 2762 1687 3004">
     <span class='ocr_line' id='line_1_19' title="bbox 262 2762 1675 2874; baseline 0.004 -29"><span class='ocrx_word' id='word_1_167' title='bbox 262 2791 361 2872; x_wconf 42' lang='lat' dir='ltr'><strong>wgare</strong></span> <span class='ocrx_word' id='word_1_168' title='bbox 390 2793 529 2849; x_wconf 82' lang='lat' dir='ltr'><strong>orrrrres</strong></span> <span class='ocrx_word' id='word_1_169' title='bbox 558 2763 792 2852; x_wconf 80' lang='lat' dir='ltr'><strong>Corinthios</strong></span> <span class='ocrx_word' id='word_1_170' title='bbox 820 2763 1028 2866; x_wconf 84' lang='lat' dir='ltr'><strong>laudasse,</strong></span> <span class='ocrx_word' id='word_1_171' title='bbox 1069 2762 1139 2846; x_wconf 74' lang='lat' dir='ltr'><strong>seed</strong></span> <span class='ocrx_word' id='word_1_172' title='bbox 1169 2763 1390 2874; x_wconf 86' lang='lat' dir='ltr'><strong>quosdam,</strong></span> <span class='ocrx_word' id='word_1_173' title='bbox 1431 2794 1522 2851; x_wconf 92' lang='lat' dir='ltr'><strong>cum</strong></span> <span class='ocrx_word' id='word_1_174' title='bbox 1553 2765 1675 2850; x_wconf 74' lang='lat' dir='ltr'><strong>dicits</strong></span> 
     </span>
     <span class='ocr_line' id='line_1_20' title="bbox 253 2893 1687 3004; baseline 0.006 -32"><span class='ocrx_word' id='word_1_175' title='bbox 253 2895 346 2980; x_wconf 70' lang='lat' dir='ltr'><strong>salu</strong></span> <span class='ocrx_word' id='word_1_176' title='bbox 378 2895 561 2981; x_wconf 79' lang='lat' dir='ltr'><strong>erraru&#39;hus</strong></span> <span class='ocrx_word' id='word_1_177' title='bbox 590 2897 731 2983; x_wconf 76' lang='lat' dir='ltr'><strong>divites</strong></span> <span class='ocrx_word' id='word_1_178' title='bbox 757 2899 858 3004; x_wconf 81' lang='lat' dir='ltr'><strong>lueli</strong></span> <span class='ocrx_word' id='word_1_179' title='bbox 886 2897 984 2982; x_wconf 85' lang='lat' dir='ltr'><strong>estis</strong></span> <span class='ocrx_word' id='word_1_180' title='bbox 1011 2903 1047 2979; x_wconf 83' lang='lat' dir='ltr'><strong>ei</strong></span> <span class='ocrx_word' id='word_1_181' title='bbox 1074 2893 1177 2981; x_wconf 79' lang='lat' dir='ltr'><strong>rsiiiil</strong></span> <span class='ocrx_word' id='word_1_182' title='bbox 1206 2897 1250 2981; x_wconf 86' lang='lat' dir='ltr'><strong>in</strong></span> <span class='ocrx_word' id='word_1_183' title='bbox 1279 2896 1364 2982; x_wconf 88' lang='lat' dir='ltr'><strong>rdio</strong></span> <span class='ocrx_word' id='word_1_184' title='bbox 1400 2897 1539 3004; x_wconf 73' lang='lat' dir='ltr'><strong>pretia</strong></span> <span class='ocrx_word' id='word_1_185' title='bbox 1568 2897 1687 2986; x_wconf 82' lang='lat' dir='ltr'><strong>coln&#39;s¹</strong></span> 
     </span>
    </p>
   </div>
   <div class='ocr_carea' id='block_1_9' title="bbox 265 3027 1797 3142">
    <p class='ocr_par' dir='ltr' id='par_1_9' title="bbox 265 3027 1797 3142">
     <span class='ocr_line' id='line_1_21' title="bbox 265 3027 1797 3142; baseline -0.003 -32"><span class='ocrx_word' id='word_1_186' title='bbox 265 3027 410 3114; x_wconf 78' lang='lat' dir='ltr'><strong>unse«.</strong></span> <span class='ocrx_word' id='word_1_187' title='bbox 468 3029 522 3114; x_wconf 75' lang='lat' dir='ltr'><strong>Et</strong></span> <span class='ocrx_word' id='word_1_188' title='bbox 550 3031 748 3141; x_wconf 89' lang='lat' dir='ltr'><strong>quosdam</strong></span> <span class='ocrx_word' id='word_1_189' title='bbox 777 3059 826 3114; x_wconf 79' lang='lat' dir='ltr'><strong>ex</strong></span> <span class='ocrx_word' id='word_1_190' title='bbox 857 3030 936 3114; x_wconf 89' lang='lat' dir='ltr'><strong>illis</strong></span> <span class='ocrx_word' id='word_1_191' title='bbox 965 3028 1156 3112; x_wconf 83' lang='lat' dir='ltr'>debemus</span> <span class='ocrx_word' id='word_1_192' title='bbox 1186 3029 1417 3138; x_wconf 80' lang='lat' dir='ltr'><strong>intelligere</strong></span> <span class='ocrx_word' id='word_1_193' title='bbox 1446 3031 1676 3142; x_wconf 72' lang='lat' dir='ltr'><strong>increpasse</strong></span> <span class='ocrx_word' id='word_1_194' title='bbox 1701 3031 1726 3062; x_wconf 90' lang='lat'><strong>&#39;·</strong></span> <span class='ocrx_word' id='word_1_195' title='bbox 1767 3057 1797 3106; x_wconf 64' lang='grc' dir='ltr'><em>κ</em></span> 
     </span>
    </p>
   </div>
   <div class='ocr_carea' id='block_1_10' title="bbox 267 3159 1679 3272">
    <p class='ocr_par' dir='ltr' id='par_1_10' title="bbox 267 3159 1679 3272">
     <span class='ocr_line' id='line_1_22' title="bbox 267 3159 1679 3272; baseline 0.004 -31"><span class='ocrx_word' id='word_1_196' title='bbox 267 3163 432 3268; x_wconf 85' lang='lat' dir='ltr'><strong>propter</strong></span> <span class='ocrx_word' id='word_1_197' title='bbox 458 3159 712 3262; x_wconf 86' lang='lat' dir='ltr'><strong>divisionem,</strong></span> <span class='ocrx_word' id='word_1_198' title='bbox 744 3160 841 3272; x_wconf 90' lang='lat' dir='ltr'><strong>quia</strong></span> <span class='ocrx_word' id='word_1_199' title='bbox 871 3160 1155 3262; x_wconf 83' lang='lat' dir='ltr'><strong>divisiorunt,</strong></span> <span class='ocrx_word' id='word_1_200' title='bbox 1195 3190 1286 3245; x_wconf 94' lang='lat' dir='ltr'><strong>cum</strong></span> <span class='ocrx_word' id='word_1_201' title='bbox 1316 3190 1358 3246; x_wconf 88' lang='lat' dir='ltr'><strong>se</strong></span> <span class='ocrx_word' id='word_1_202' title='bbox 1387 3161 1456 3247; x_wconf 91' lang='lat' dir='ltr'><strong>alii</strong></span> <span class='ocrx_word' id='word_1_203' title='bbox 1486 3160 1679 3248; x_wconf 74' lang='lat' dir='ltr'><strong>struebant</strong></span> 
     </span>
    </p>
   </div>
   <div class='ocr_carea' id='block_1_11' title="bbox 264 3289 1905 3532">
    <p class='ocr_par' dir='ltr' id='par_1_11' title="bbox 264 3289 1905 3532">
     <span class='ocr_line' id='line_1_23' title="bbox 264 3289 1796 3404; baseline -0.001 -32"><span class='ocrx_word' id='word_1_204' title='bbox 264 3317 348 3373; x_wconf 90' lang='lat' dir='ltr'><strong>esse</strong></span> <span class='ocrx_word' id='word_1_205' title='bbox 376 3319 400 3374; x_wconf 91' lang='lat' dir='ltr'><strong>a</strong></span> <span class='ocrx_word' id='word_1_206' title='bbox 430 3289 580 3393; x_wconf 87' lang='lat' dir='ltr'><strong>Paulo,</strong></span> <span class='ocrx_word' id='word_1_207' title='bbox 609 3291 680 3378; x_wconf 89' lang='lat' dir='ltr'><strong>alii</strong></span> <span class='ocrx_word' id='word_1_208' title='bbox 710 3320 805 3376; x_wconf 80' lang='lat' dir='ltr'><strong>reso</strong></span> <span class='ocrx_word' id='word_1_209' title='bbox 835 3291 1017 3404; x_wconf 68' lang='lat' dir='ltr'><strong>cephae,</strong></span> <span class='ocrx_word' id='word_1_210' title='bbox 1048 3291 1118 3376; x_wconf 90' lang='lat' dir='ltr'><strong>alii</strong></span> <span class='ocrx_word' id='word_1_211' title='bbox 1147 3297 1285 3375; x_wconf 90' lang='lat' dir='ltr'><strong>autem</strong></span> <span class='ocrx_word' id='word_1_212' title='bbox 1315 3291 1491 3396; x_wconf 82' lang='lat' dir='ltr'><strong>Christi3</strong></span> <span class='ocrx_word' id='word_1_213' title='bbox 1533 3319 1676 3402; x_wconf 89' lang='lat' dir='ltr'><strong>quam-</strong></span> <span class='ocrx_word' id='word_1_214' title='bbox 1792 3363 1796 3371; x_wconf 90' lang='lat'>.</span> 
     </span>
     <span class='ocr_line' id='line_1_24' title="bbox 264 3420 1905 3532; baseline 0.002 -30"><span class='ocrx_word' id='word_1_215' title='bbox 264 3447 382 3528; x_wconf 87' lang='lat' dir='ltr'><strong>quam</strong></span> <span class='ocrx_word' id='word_1_216' title='bbox 406 3420 591 3506; x_wconf 77' lang='lat' dir='ltr'><strong>risleatnr</strong></span> <span class='ocrx_word' id='word_1_217' title='bbox 612 3423 671 3506; x_wconf 89' lang='lat' dir='ltr'><strong>ita</strong></span> <span class='ocrx_word' id='word_1_218' title='bbox 693 3421 1119 3527; x_wconf 78' lang='lat' dir='ltr'><strong>lrrrulcreilurinthios,</strong></span> <span class='ocrx_word' id='word_1_219' title='bbox 1149 3422 1264 3532; x_wconf 88' lang='lat' dir='ltr'><strong>quasi</strong></span> <span class='ocrx_word' id='word_1_220' title='bbox 1294 3449 1434 3505; x_wconf 75' lang='lat' dir='ltr'><strong>omum</strong></span> <span class='ocrx_word' id='word_1_221' title='bbox 1458 3422 1674 3510; x_wconf 87' lang='lat' dir='ltr'><strong>laudasset.</strong></span> <span class='ocrx_word' id='word_1_222' title='bbox 1771 3506 1777 3520; x_wconf 69' lang='grc'><strong>,</strong></span> <span class='ocrx_word' id='word_1_223' title='bbox 1899 3511 1905 3524; x_wconf 56' lang='grc'><strong>,</strong></span> 
     </span>
    </p>
   </div>
   <div class='ocr_carea' id='block_1_12' title="bbox 219 3547 1673 3660">
    <p class='ocr_par' dir='ltr' id='par_1_12' title="bbox 219 3547 1673 3660">
     <span class='ocr_line' id='line_1_25' title="bbox 219 3547 1673 3660; baseline 0.004 -29"><span class='ocrx_word' id='word_1_224' title='bbox 219 3613 223 3621; x_wconf 82' lang='lat'><strong>.</strong></span> <span class='ocrx_word' id='word_1_225' title='bbox 264 3547 327 3634; x_wconf 90' lang='lat' dir='ltr'><strong>lta</strong></span> <span class='ocrx_word' id='word_1_226' title='bbox 355 3552 476 3636; x_wconf 88' lang='lat' dir='ltr'><strong>etiam</strong></span> <span class='ocrx_word' id='word_1_227' title='bbox 507 3553 549 3634; x_wconf 92' lang='lat' dir='ltr'><strong>iu</strong></span> <span class='ocrx_word' id='word_1_228' title='bbox 575 3551 652 3636; x_wconf 91' lang='lat' dir='ltr'><strong>hoc</strong></span> <span class='ocrx_word' id='word_1_229' title='bbox 674 3552 765 3635; x_wconf 88' lang='lat' dir='ltr'><strong>loco</strong></span> <span class='ocrx_word' id='word_1_230' title='bbox 789 3552 829 3634; x_wconf 88' lang='lat' dir='ltr'><strong>S.</strong></span> <span class='ocrx_word' id='word_1_231' title='bbox 858 3551 1102 3637; x_wconf 84' lang='lat' dir='ltr'><strong>Benedictus</strong></span> <span class='ocrx_word' id='word_1_232' title='bbox 1127 3553 1375 3660; x_wconf 84' lang='lat' dir='ltr'><strong>intelligitur</strong></span> <span class='ocrx_word' id='word_1_233' title='bbox 1399 3554 1554 3655; x_wconf 82' lang='lat' dir='ltr'><strong>lhcisse,</strong></span> <span class='ocrx_word' id='word_1_234' title='bbox 1583 3579 1673 3637; x_wconf 89' lang='lat' dir='ltr'><strong>curu</strong></span> 
     </span>
    </p>
   </div>
   <div class='ocr_carea' id='block_1_13' title="bbox 263 3679 1802 3788">
    <p class='ocr_par' dir='ltr' id='par_1_13' title="bbox 263 3679 1802 3788">
     <span class='ocr_line' id='line_1_26' title="bbox 263 3679 1802 3788; baseline 0.004 -30"><span class='ocrx_word' id='word_1_235' title='bbox 263 3681 382 3765; x_wconf 83' lang='lat' dir='ltr'><strong>dicit:</strong></span> <span class='ocrx_word' id='word_1_236' title='bbox 411 3682 609 3767; x_wconf 76' lang='lat' dir='ltr'><strong>senriorem</strong></span> <span class='ocrx_word' id='word_1_237' title='bbox 637 3689 770 3767; x_wconf 80' lang='lat' dir='ltr'><strong>icrrrren</strong></span> <span class='ocrx_word' id='word_1_238' title='bbox 798 3711 922 3768; x_wconf 83' lang='lat' dir='ltr'><strong>rrrrrua</strong></span> <span class='ocrx_word' id='word_1_239' title='bbox 951 3689 1020 3768; x_wconf 81' lang='lat' dir='ltr'><strong>uiri</strong></span> <span class='ocrx_word' id='word_1_240' title='bbox 1044 3685 1146 3768; x_wconf 72' lang='lat' dir='ltr'><strong>cirros</strong></span> <span class='ocrx_word' id='word_1_241' title='bbox 1169 3707 1326 3788; x_wconf 82' lang='lat' dir='ltr'><strong>serrrper</strong></span> <span class='ocrx_word' id='word_1_242' title='bbox 1356 3708 1443 3767; x_wconf 88' lang='lat' dir='ltr'><strong>cum</strong></span> <span class='ocrx_word' id='word_1_243' title='bbox 1470 3679 1674 3788; x_wconf 73' lang='lat' dir='ltr'><strong>fratribus</strong></span> <span class='ocrx_word' id='word_1_244' title='bbox 1801 3785 1802 3788; x_wconf 4' lang='grc' dir='ltr'><strong><em>Ν</em></strong></span> 
     </span>
    </p>
   </div>
   <div class='ocr_carea' id='block_1_14' title="bbox 168 3813 1789 5380">
    <p class='ocr_par' dir='ltr' id='par_1_14' title="bbox 168 3813 1789 5380">
     <span class='ocr_line' id='line_1_27' title="bbox 168 3813 1675 3924; baseline 0.003 -32"><span class='ocrx_word' id='word_1_245' title='bbox 168 3895 172 3904; x_wconf 74' lang='grc'>,</span> <span class='ocrx_word' id='word_1_246' title='bbox 262 3813 539 3897; x_wconf 80' lang='lat' dir='ltr'><strong>dimittendum</strong></span> <span class='ocrx_word' id='word_1_247' title='bbox 567 3819 752 3920; x_wconf 80' lang='lat' dir='ltr'><strong>procuret</strong></span> <span class='ocrx_word' id='word_1_248' title='bbox 782 3823 953 3922; x_wconf 80' lang='lat' dir='ltr'><strong>propter</strong></span> <span class='ocrx_word' id='word_1_249' title='bbox 988 3813 1274 3920; x_wconf 81' lang='lat' dir='ltr'><strong>disciplinam,</strong></span> <span class='ocrx_word' id='word_1_250' title='bbox 1316 3816 1431 3924; x_wconf 87' lang='lat' dir='ltr'><strong>quasi</strong></span> <span class='ocrx_word' id='word_1_251' title='bbox 1463 3817 1594 3924; x_wconf 70' lang='lat' dir='ltr'><strong>[eund</strong></span> <span class='ocrx_word' id='word_1_252' title='bbox 1625 3815 1675 3897; x_wconf 91' lang='lat' dir='ltr'><strong>de</strong></span> 
     </span>
     <span class='ocr_line' id='line_1_28' title="bbox 262 3943 1674 4057; baseline 0.004 -37"><span class='ocrx_word' id='word_1_253' title='bbox 262 3943 371 4028; x_wconf 77' lang='lat' dir='ltr'><strong>‹rmni</strong></span> <span class='ocrx_word' id='word_1_254' title='bbox 401 3949 587 4056; x_wconf 87' lang='lat' dir='ltr'><strong>tempore</strong></span> <span class='ocrx_word' id='word_1_255' title='bbox 616 3945 738 4048; x_wconf 72' lang='lat' dir='ltr'><strong>client,</strong></span> <span class='ocrx_word' id='word_1_256' title='bbox 767 3973 851 4057; x_wconf 91' lang='lat' dir='ltr'><strong>quo</strong></span> <span class='ocrx_word' id='word_1_257' title='bbox 880 3972 971 4030; x_wconf 91' lang='lat' dir='ltr'><strong>cum</strong></span> <span class='ocrx_word' id='word_1_258' title='bbox 1001 3944 1231 4055; x_wconf 84' lang='lat' dir='ltr'><strong>hospitibus</strong></span> <span class='ocrx_word' id='word_1_259' title='bbox 1262 3945 1505 4042; x_wconf 62' lang='lat' dir='ltr'><strong>manducem</strong></span> <span class='ocrx_word' id='word_1_260' title='bbox 1534 3944 1604 4027; x_wconf 91' lang='lat' dir='ltr'><strong>sed</strong></span> <span class='ocrx_word' id='word_1_261' title='bbox 1625 3944 1674 4025; x_wconf 88' lang='lat' dir='ltr'><strong>dc</strong></span> 
     </span>
     <span class='ocr_line' id='line_1_29' title="bbox 261 4073 1672 4188; baseline -0.001 -32"><span class='ocrx_word' id='word_1_262' title='bbox 261 4073 331 4160; x_wconf 90' lang='lat' dir='ltr'><strong>illo</strong></span> <span class='ocrx_word' id='word_1_263' title='bbox 346 4082 531 4186; x_wconf 90' lang='lat' dir='ltr'><strong>tempore</strong></span> <span class='ocrx_word' id='word_1_264' title='bbox 545 4075 658 4181; x_wconf 90' lang='lat' dir='ltr'><strong>dicit,</strong></span> <span class='ocrx_word' id='word_1_265' title='bbox 681 4105 762 4188; x_wconf 90' lang='lat' dir='ltr'><strong>quo</strong></span> <span class='ocrx_word' id='word_1_266' title='bbox 782 4083 880 4164; x_wconf 89' lang='lat' dir='ltr'><strong>ante</strong></span> <span class='ocrx_word' id='word_1_267' title='bbox 895 4075 1036 4161; x_wconf 87' lang='lat' dir='ltr'><strong>horam</strong></span> <span class='ocrx_word' id='word_1_268' title='bbox 1063 4074 1291 4188; x_wconf 77' lang='lat' dir='ltr'><strong>legitimam</strong></span> <span class='ocrx_word' id='word_1_269' title='bbox 1314 4101 1406 4160; x_wconf 90' lang='lat' dir='ltr'><strong>cum</strong></span> <span class='ocrx_word' id='word_1_270' title='bbox 1426 4073 1672 4184; x_wconf 88' lang='lat' dir='ltr'><strong>hospitibus,</strong></span> 
     </span>
     <span class='ocr_line' id='line_1_30' title="bbox 260 4202 1673 4318; baseline 0 -33"><span class='ocrx_word' id='word_1_271' title='bbox 260 4202 365 4290; x_wconf 84' lang='lat' dir='ltr'><strong>sient</strong></span> <span class='ocrx_word' id='word_1_272' title='bbox 393 4207 580 4310; x_wconf 86' lang='lat' dir='ltr'><strong>diximus,</strong></span> <span class='ocrx_word' id='word_1_273' title='bbox 624 4207 865 4311; x_wconf 68' lang='lat' dir='ltr'><strong>manducat,</strong></span> <span class='ocrx_word' id='word_1_274' title='bbox 906 4237 954 4294; x_wconf 91' lang='lat' dir='ltr'><strong>eo</strong></span> <span class='ocrx_word' id='word_1_275' title='bbox 983 4209 1094 4318; x_wconf 92' lang='lat' dir='ltr'><strong>quod</strong></span> <span class='ocrx_word' id='word_1_276' title='bbox 1124 4235 1207 4292; x_wconf 78' lang='lat' dir='ltr'><strong>nori</strong></span> <span class='ocrx_word' id='word_1_277' title='bbox 1242 4206 1322 4290; x_wconf 89' lang='lat' dir='ltr'><strong>sibi</strong></span> <span class='ocrx_word' id='word_1_278' title='bbox 1351 4205 1580 4292; x_wconf 89' lang='lat' dir='ltr'><strong>contrarius</strong></span> <span class='ocrx_word' id='word_1_279' title='bbox 1610 4207 1673 4304; x_wconf 81' lang='lat' dir='ltr'><strong>est</strong></span> 
     </span>
     <span class='ocr_line' id='line_1_31' title="bbox 260 4333 1694 4450; baseline -0.001 -32"><span class='ocrx_word' id='word_1_280' title='bbox 260 4333 299 4419; x_wconf 87' lang='lat' dir='ltr'><strong>S.</strong></span> <span class='ocrx_word' id='word_1_281' title='bbox 330 4337 594 4443; x_wconf 86' lang='lat' dir='ltr'><strong>Benedictus,</strong></span> <span class='ocrx_word' id='word_1_282' title='bbox 636 4366 728 4425; x_wconf 91' lang='lat' dir='ltr'><strong>cum</strong></span> <span class='ocrx_word' id='word_1_283' title='bbox 759 4337 946 4450; x_wconf 85' lang='lat' dir='ltr'><strong>superius</strong></span> <span class='ocrx_word' id='word_1_284' title='bbox 984 4338 1106 4442; x_wconf 84' lang='lat' dir='ltr'><strong>dicit,</strong></span> <span class='ocrx_word' id='word_1_285' title='bbox 1147 4365 1289 4424; x_wconf 76' lang='lat' dir='ltr'><strong>omnies</strong></span> <span class='ocrx_word' id='word_1_286' title='bbox 1325 4335 1443 4421; x_wconf 90' lang='lat' dir='ltr'><strong>siuml</strong></span> <span class='ocrx_word' id='word_1_287' title='bbox 1475 4364 1591 4420; x_wconf 85' lang='lat' dir='ltr'><strong>orare</strong></span> <span class='ocrx_word' id='word_1_288' title='bbox 1619 4336 1694 4418; x_wconf 76' lang='lat' dir='ltr'><strong>ud&#39;</strong></span> 
     </span>
     <span class='ocr_line' id='line_1_32' title="bbox 259 4464 1670 4556; baseline 0.001 -9"><span class='ocrx_word' id='word_1_289' title='bbox 259 4493 437 4554; x_wconf 79' lang='lat' dir='ltr'><strong>ascusam</strong></span> <span class='ocrx_word' id='word_1_290' title='bbox 470 4478 512 4556; x_wconf 88' lang='lat' dir='ltr'><strong>et</strong></span> <span class='ocrx_word' id='word_1_291' title='bbox 538 4469 659 4556; x_wconf 88' lang='lat' dir='ltr'><strong>simul</strong></span> <span class='ocrx_word' id='word_1_292' title='bbox 689 4469 822 4556; x_wconf 89' lang='lat' dir='ltr'><strong>dicere</strong></span> <span class='ocrx_word' id='word_1_293' title='bbox 843 4496 1002 4556; x_wconf 87' lang='lat' dir='ltr'><strong>versum</strong></span> <span class='ocrx_word' id='word_1_294' title='bbox 1033 4479 1076 4556; x_wconf 91' lang='lat' dir='ltr'><strong>et</strong></span> <span class='ocrx_word' id='word_1_295' title='bbox 1097 4498 1237 4555; x_wconf 88' lang='lat' dir='ltr'><strong>omnes</strong></span> <span class='ocrx_word' id='word_1_296' title='bbox 1266 4468 1343 4553; x_wconf 89' lang='lat' dir='ltr'><strong>sub</strong></span> <span class='ocrx_word' id='word_1_297' title='bbox 1371 4494 1452 4551; x_wconf 91' lang='lat' dir='ltr'><strong>uno</strong></span> <span class='ocrx_word' id='word_1_298' title='bbox 1476 4464 1670 4552; x_wconf 87' lang='lat' dir='ltr'><strong>accedere</strong></span> 
     </span>
     <span class='ocr_line' id='line_1_33' title="bbox 258 4589 1668 4714; baseline 0 -34"><span class='ocrx_word' id='word_1_299' title='bbox 258 4597 307 4680; x_wconf 92' lang='lat' dir='ltr'><strong>ad</strong></span> <span class='ocrx_word' id='word_1_300' title='bbox 332 4627 524 4688; x_wconf 82' lang='lat' dir='ltr'><strong>creusam.</strong></span> <span class='ocrx_word' id='word_1_301' title='bbox 583 4601 783 4687; x_wconf 87' lang='lat' dir='ltr'><strong>Similiter</strong></span> <span class='ocrx_word' id='word_1_302' title='bbox 801 4600 1002 4687; x_wconf 88' lang='lat' dir='ltr'><strong>Dominus</strong></span> <span class='ocrx_word' id='word_1_303' title='bbox 1032 4603 1185 4714; x_wconf 79' lang='lat' dir='ltr'><strong>legitur</strong></span> <span class='ocrx_word' id='word_1_304' title='bbox 1211 4589 1265 4688; x_wconf 88' lang='lat' dir='ltr'><strong>in</strong></span> <span class='ocrx_word' id='word_1_305' title='bbox 1284 4595 1499 4710; x_wconf 80' lang='lat' dir='ltr'><strong>evangelio</strong></span> <span class='ocrx_word' id='word_1_306' title='bbox 1520 4595 1668 4681; x_wconf 86' lang='lat' dir='ltr'><strong>dixisse</strong></span> 
     </span>
     <span class='ocr_line' id='line_1_34' title="bbox 258 4727 1789 4845; baseline 0.002 -36"><span class='ocrx_word' id='word_1_307' title='bbox 258 4727 463 4843; x_wconf 88' lang='lat' dir='ltr'><strong>discipulis</strong></span> <span class='ocrx_word' id='word_1_308' title='bbox 492 4735 598 4838; x_wconf 87' lang='lat' dir='ltr'><strong>sais,</strong></span> <span class='ocrx_word' id='word_1_309' title='bbox 640 4761 732 4821; x_wconf 91' lang='lat' dir='ltr'><strong>cum</strong></span> <span class='ocrx_word' id='word_1_310' title='bbox 761 4734 872 4845; x_wconf 86' lang='lat' dir='ltr'><strong>prins</strong></span> <span class='ocrx_word' id='word_1_311' title='bbox 903 4734 959 4820; x_wconf 89' lang='lat' dir='ltr'><strong>eis</strong></span> <span class='ocrx_word' id='word_1_312' title='bbox 989 4733 1108 4820; x_wconf 85' lang='lat' dir='ltr'><strong>dicit:</strong></span> <span class='ocrx_word' id='word_1_313' title='bbox 1153 4739 1238 4844; x_wconf 74' lang='lat' dir='ltr'><strong>Quo</strong></span> <span class='ocrx_word' id='word_1_314' title='bbox 1265 4760 1335 4844; x_wconf 78' lang='lat' dir='ltr'><strong>epo</strong></span> <span class='ocrx_word' id='word_1_315' title='bbox 1363 4731 1465 4817; x_wconf 86' lang='lat' dir='ltr'><strong>uude</strong></span> <span class='ocrx_word' id='word_1_316' title='bbox 1493 4729 1606 4815; x_wconf 85' lang='lat' dir='ltr'><strong>scitis</strong></span> <span class='ocrx_word' id='word_1_317' title='bbox 1634 4735 1669 4814; x_wconf 83' lang='lat' dir='ltr'><strong>ei</strong></span> <span class='ocrx_word' id='word_1_318' title='bbox 1784 4757 1789 4765; x_wconf 76' lang='grc'><strong>’</strong></span> 
     </span>
     <span class='ocr_line' id='line_1_35' title="bbox 258 4861 1669 4988; baseline -0.001 -42"><span class='ocrx_word' id='word_1_319' title='bbox 258 4861 365 4948; x_wconf 69' lang='lat' dir='ltr'><strong>mom</strong></span> <span class='ocrx_word' id='word_1_320' title='bbox 391 4865 518 4970; x_wconf 79' lang='lat' dir='ltr'><strong>scitis,</strong></span> <span class='ocrx_word' id='word_1_321' title='bbox 549 4873 592 4953; x_wconf 86' lang='lat' dir='ltr'><strong>et</strong></span> <span class='ocrx_word' id='word_1_322' title='bbox 619 4868 791 4988; x_wconf 83' lang='lat' dir='ltr'><strong>inferius</strong></span> <span class='ocrx_word' id='word_1_323' title='bbox 819 4867 940 4953; x_wconf 70' lang='lat' dir='ltr'><strong>dicits</strong></span> <span class='ocrx_word' id='word_1_324' title='bbox 971 4866 1020 4953; x_wconf 81' lang='lat' dir='ltr'><strong>Si</strong></span> <span class='ocrx_word' id='word_1_325' title='bbox 1045 4865 1325 4977; x_wconf 67' lang='lat' dir='ltr'><strong>eopuomisseiis</strong></span> <span class='ocrx_word' id='word_1_326' title='bbox 1347 4889 1421 4966; x_wconf 86' lang='lat' dir='ltr'><strong>me,</strong></span> <span class='ocrx_word' id='word_1_327' title='bbox 1450 4868 1487 4947; x_wconf 83' lang='lat' dir='ltr'><strong>cl</strong></span> <span class='ocrx_word' id='word_1_328' title='bbox 1508 4870 1669 4968; x_wconf 82' lang='lat' dir='ltr'><strong>petrem</strong></span> 
     </span>
     <span class='ocr_line' id='line_1_36' title="bbox 256 4996 1668 5110; baseline -0.001 -31"><span class='ocrx_word' id='word_1_329' title='bbox 256 5017 385 5081; x_wconf 87' lang='lat' dir='ltr'><strong>meum</strong></span> <span class='ocrx_word' id='word_1_330' title='bbox 413 4997 546 5109; x_wconf 77' lang='lat' dir='ltr'><strong>utimre</strong></span> <span class='ocrx_word' id='word_1_331' title='bbox 572 4998 865 5110; x_wconf 71' lang='lat' dir='ltr'><strong>consenuisseiis.</strong></span> <span class='ocrx_word' id='word_1_332' title='bbox 925 4997 1042 5085; x_wconf 89' lang='lat' dir='ltr'><strong>Unde</strong></span> <span class='ocrx_word' id='word_1_333' title='bbox 1070 4999 1114 5084; x_wconf 92' lang='lat' dir='ltr'><strong>in</strong></span> <span class='ocrx_word' id='word_1_334' title='bbox 1143 4998 1222 5084; x_wconf 89' lang='lat' dir='ltr'><strong>hoc</strong></span> <span class='ocrx_word' id='word_1_335' title='bbox 1250 4998 1358 5100; x_wconf 91' lang='lat' dir='ltr'><strong>loeo,</strong></span> <span class='ocrx_word' id='word_1_336' title='bbox 1387 4999 1435 5080; x_wconf 87' lang='lat' dir='ltr'><strong>ut</strong></span> <span class='ocrx_word' id='word_1_337' title='bbox 1463 5000 1575 5080; x_wconf 86' lang='lat' dir='ltr'><strong>recte</strong></span> <span class='ocrx_word' id='word_1_338' title='bbox 1603 4996 1668 5078; x_wconf 91' lang='lat' dir='ltr'><strong>in·</strong></span> 
     </span>
     <span class='ocr_line' id='line_1_37' title="bbox 257 5119 1671 5243; baseline 0.001 -35"><span class='ocrx_word' id='word_1_339' title='bbox 257 5125 480 5236; x_wconf 77' lang='lat' dir='ltr'><strong>telligatur,</strong></span> <span class='ocrx_word' id='word_1_340' title='bbox 510 5130 704 5218; x_wconf 87' lang='lat' dir='ltr'><strong>debemus</strong></span> <span class='ocrx_word' id='word_1_341' title='bbox 721 5119 981 5243; x_wconf 74' lang='lat' dir='ltr'><strong>cognoscere,</strong></span> <span class='ocrx_word' id='word_1_342' title='bbox 1011 5130 1108 5240; x_wconf 84' lang='lat' dir='ltr'><strong>qaia</strong></span> <span class='ocrx_word' id='word_1_343' title='bbox 1130 5130 1295 5242; x_wconf 88' lang='lat' dir='ltr'><strong>quidam</strong></span> <span class='ocrx_word' id='word_1_344' title='bbox 1317 5133 1449 5236; x_wconf 85' lang='lat' dir='ltr'><strong>eraut,</strong></span> <span class='ocrx_word' id='word_1_345' title='bbox 1477 5125 1548 5238; x_wconf 91' lang='lat' dir='ltr'><strong>qui</strong></span> <span class='ocrx_word' id='word_1_346' title='bbox 1568 5127 1671 5232; x_wconf 52' lang='lat' dir='ltr'><strong>seis:</strong></span> 
     </span>
     <span class='ocr_line' id='line_1_38' title="bbox 256 5253 1665 5380; baseline -0.003 -38"><span class='ocrx_word' id='word_1_347' title='bbox 256 5253 358 5343; x_wconf 76' lang='lat' dir='ltr'><strong>burst</strong></span> <span class='ocrx_word' id='word_1_348' title='bbox 385 5289 491 5368; x_wconf 79' lang='lat' dir='ltr'><strong>erran,</strong></span> <span class='ocrx_word' id='word_1_349' title='bbox 521 5263 686 5375; x_wconf 89' lang='lat' dir='ltr'><strong>quidam</strong></span> <span class='ocrx_word' id='word_1_350' title='bbox 709 5287 806 5348; x_wconf 85' lang='lat' dir='ltr'><strong>vero</strong></span> <span class='ocrx_word' id='word_1_351' title='bbox 835 5286 1023 5380; x_wconf 62' lang='lat' dir='ltr'><strong>neniae</strong></span> <span class='ocrx_word' id='word_1_352' title='bbox 1051 5285 1124 5370; x_wconf 89' lang='lat' dir='ltr'><strong>per</strong></span> <span class='ocrx_word' id='word_1_353' title='bbox 1152 5257 1230 5345; x_wconf 91' lang='lat' dir='ltr'><strong>hoc</strong></span> <span class='ocrx_word' id='word_1_354' title='bbox 1247 5259 1340 5365; x_wconf 91' lang='lat' dir='ltr'><strong>illis,</strong></span> <span class='ocrx_word' id='word_1_355' title='bbox 1370 5255 1440 5370; x_wconf 92' lang='lat' dir='ltr'><strong>qui</strong></span> <span class='ocrx_word' id='word_1_356' title='bbox 1469 5254 1665 5360; x_wconf 86' lang='lat' dir='ltr'><strong>sciebant,</strong></span> 
     </span>
    </p>
   </div>
   <div class='ocr_carea' id='block_1_15' title="bbox 0 0 1970 5785">
    <p class='ocr_par' dir='ltr' id='par_1_15' title="bbox 0 0 1970 5785">
     <span class='ocr_line' id='line_1_39' title="bbox 0 0 1970 5785; baseline 0 0"><span class='ocrx_word' id='word_1_357' title='bbox 0 0 1970 5785; x_wconf 95' lang='lat' dir='ltr'><strong> </strong></span> 
     </span>
    </p>
   </div>
  </div>
 </body>
</html>
