3930 5788
80 327 128 376 ·,
200 352 202 356 .
271 289 373 375 592·
700 371 703 378 ,
836 281 1097 376 Dauniam.

270 503 372 598 velis
398 459 651 614 aeruginam-
670 506 753 606 its,
782 503 890 588 sicut
917 504 1035 606 illud,
1062 503 1174 612 qnod
1194 483 1254 587 ssiu
1283 530 1457 604 summo,
1485 439 1682 590 rel'sieut

268 631 386 738 illud,
414 633 523 745 quod
553 660 682 744 usque
709 633 753 718 iu
778 632 955 718 medium
982 630 1112 717 habet
1134 635 1387 744 aeruginem,
1412 637 1514 718 tnnc
1530 630 1682 742 absque

269 762 357 846 nlla
384 789 499 848 mora
525 761 691 873 franges
717 761 819 846 illud
848 763 1070 850 vasculum.
1127 761 1193 848 lta
1220 771 1264 850 et
1288 764 1333 848 iu
1357 762 1595 850 homiuibus
1620 761 1683 855 iu·

45 883 49 894 ’
209 987 214 1003 ,
270 892 542 1003 telligeuclum
570 897 646 981 est.
688 891 797 978 Sunt
822 893 932 976 euim
961 891 1065 976 tales
1093 890 1293 998 homines,
1320 894 1393 1003 qui
1420 891 1537 1005 quusi
1565 897 1684 976 natu·

21 1066 36 1104 .=
188 1003 206 1110 s
271 1023 413 1108 raliter
438 1023 597 1110 habeut
630 1023 732 1110 illucl
761 1011 931 1124 vitinm3
959 1028 1004 1107 ct
1029 1028 1128 1108 suut
1153 1024 1303 1110 iterum
1332 1026 1425 1128 alii,
1454 1025 1526 1136 qui
1553 1023 1735 1134 ipsum,
1883 984 1893 1015 ⁸

124 1213 128 1222 ·
272 1154 338 1238 vel
357 1155 469 1237 aliud
492 1183 577 1240 non
599 1155 716 1264 qnasi
743 1155 986 1240 naturaliter
1006 1153 1176 1254 habeut,
1202 1154 1274 1238 aed
1293 1163 1435 1266 postea
1451 1153 1683 1238 adsumunt.
1883 1234 1891 1275 r

257 1285 436 1370 ‚Deinde
455 1285 559 1388 istis,
587 1287 658 1395 qui
685 1313 769 1370 rrou
800 1285 956 1370 habent
981 1282 1083 1367 illricl
1111 1283 1257 1368 vitium
1285 1285 1403 1393 quasi
1430 1282 1684 1381 naturaliter,
1780 1319 1782 1322 ·

229 1509 234 1518 ‚
271 1423 388 1525 potes
426 1416 665 1516 emericum
709 1414 791 1498 illia
818 1422 983 1521 autem,
1010 1413 1083 1522 qni
1111 1415 1230 1524 quari
1257 1415 1505 1501 naturaliter
1529 1413 1684 1498 habent

215 1573 219 1608 .·
271 1544 373 1630 illud
411 1546 579 1648 vitium,
608 1547 814 1630 emendari
856 1574 938 1630 nou
973 1550 1136 1656 poteet3
1178 1550 1318 1630 tamen
1354 1545 1410 1632 ab
1447 1545 1539 1630 aliis
1574 1542 1685 1624 uitiis

271 1675 563 1780 emendantur,
591 1676 763 1787 abipso
791 1685 958 1778 summ,
986 1677 1084 1788 quia
1111 1677 1228 1786 qnasi
1256 1677 1502 1762 naturaliter
1529 1672 1686 1758 habent

270 1809 373 1894 illuc
402 1809 561 1910 sitium,
590 1836 675 1892 uon
704 1813 878 1922 possunt
905 1807 1129 1892 emendari.
1185 1807 1250 1894 Tu
1278 1816 1417 1892 antem
1445 1808 1481 1891 si
1509 1801 1685 1890 volucris

99 1935 102 1944 ’
270 1943 332 2026 itu
359 1943 459 2026 istos
487 1939 686 2040 homines,
715 1940 787 2049 qni
808 1939 909 2022 illuc
932 1939 1079 2022 vitium
1106 1940 1223 2051 quasi
1249 1939 1495 2024 naturaliter
1518 1934 1685 2032 habent,

210 2063 219 2082 ’
269 2072 403 2182 ipsum
434 2071 579 2154 vitium
607 2073 795 2180 persequi
826 2098 902 2180 pro
929 2097 980 2156 eo
1010 2074 1054 2153 ct
1081 2071 1308 2180 castigare,
1336 2071 1445 2153 sicut
1470 2066 1587 2168 illos,
1615 2063 1687 2173 qni

178 2309 182 2315 .
270 2202 479 2288 emendari
516 2208 706 2312 possunt,
736 2207 837 2287 tuuc
874 2203 1148 2316 inunguntur,
1176 2203 1204 2288 i.
1233 2229 1270 2288 e.
1297 2199 1406 2284 l'orte
1443 2198 1687 2294 moriuntur,

271 2339 492 2442 antequam
521 2333 800 2417 emerrdcntur.
858 2331 1013 2416 Verum
1041 2330 1194 2416 ‹lebent
1220 2330 1280 2414 illi
1310 2328 1503 2438 castigari
1531 2332 1575 2409 et
1600 2351 1685 2407 uon

270 2459 451 2564 dimini,
479 2460 549 2544 sed
580 2465 719 2544 tamen
749 2489 831 2545 nou
863 2461 921 2545 sic
947 2463 1122 2560 acriter,
1148 2460 1257 2543 sicut
1291 2459 1378 2554 illi.
1408 2457 1480 2570 qni
1514 2456 1688 2566 possunt

269 2573 497 2678 emendari
536 2589 643 2675 Nam
671 2597 770 2675 sunt
790 2590 979 2676 ‚carnales
1007 2592 1196 2676 doctores
1224 2591 1453 2674 nescientes
1477 2586 1690 2672 discretio·

271 2751 364 2806 nenr
394 2720 594 2823 docendi,
624 2725 693 2830 qni
718 2748 797 2826 per
823 2722 978 2807 rabiem
1001 2722 1185 2827 tricoria,
1214 2723 1321 2806 sicnt
1359 2719 1538 2805 Isidorus
1574 2717 1688 2817 (licit,

274 2851 517 2957 disciptinae
556 2853 717 2936 cremum
753 2851 811 2936 od
836 2855 1129 2938 iorrrrooitctcnr
1164 2851 1417 2938 crudelitatis
1449 2853 1687 2946 corroeetcmt

149 3034 158 3052 ·
273 2989 310 3066 ct
337 2981 445 3066 tresde
471 2981 685 3090 cmcnrlore
712 2981 893 3069 arroditos
919 2989 1132 3090 ponant,
1162 2983 1257 3066 inde
1286 2983 1428 3096 potins
1461 2977 1689 3062 emineant.

152 3173 157 3184 .
273 3111 374 3198 Ioco
401 3113 495 3196 sine
522 3139 712 3200 nrorsoro
740 3114 948 3200 ulciscitur
977 3114 1119 3220 ortonae
1149 3117 1413 3222 proepoaitns
1453 3108 1687 3207 irocnncins,

235 3243 368 3348 'quio
407 3268 474 3328 cor
510 3242 600 3347 ejus
635 3245 864 3349 dispersum
904 3248 947 3329 in
984 3272 1120 3330 rernm
1157 3248 1268 3330 coria
1300 3270 1382 3329 non
1416 3241 1617 3351 colligitur
1641 3236 1687 3318 in

89 3369 92 3378 ’
194 3419 199 3428 ·
241 3359 449 3458 ¹amorem
470 3374 594 3456 unicis
615 3373 808 3458 Deitatis.
853 3375 979 3462 ollone
1001 3377 1107 3461 elsim
1128 3375 1261 3462 solido
1283 3380 1329 3460 in
1352 3374 1529 3460 diuersis
1547 3376 1685 3454 coloro
1749 3481 1750 3484 w

109 3575 115 3588 .
271 3506 458 3588 caritatis
485 3529 564 3589 non
593 3503 888 3613 adstringitur,
917 3508 990 3592 scd
1017 3505 1123 3591 cerole
1147 3505 1288 3590 locato
1316 3505 1423 3589 ande
1450 3503 1508 3588 ort
1535 3524 1688 3584 onrnenr
1833 3556 1838 3566 ·
1888 3506 1896 3579 ἓ

272 3635 516 3720 occasionem
536 3637 730 3718 'mooctrcn
744 3634 779 3744 ¹)
835 3634 948 3720 Bene
968 3636 1075 3721 dixit
1101 3663 1219 3722 ersom
1239 3635 1507 3745 fragilitatem
1534 3656 1690 3736 semper
1811 3737 1813 3740 Ι

29 3844 32 3852 ,
98 3787 139 3847 ··,
272 3771 480 3871 suspectus
507 3765 573 3865 sit,
602 3793 652 3850 ac
679 3767 713 3849 si
743 3764 921 3851 diceret:
958 3797 1118 3878 semper
1146 3767 1271 3853 (lebet
1298 3796 1341 3852 ee
1370 3765 1560 3876 fragilem
1588 3789 1689 3870 cog·

272 3923 464 3997 noscere,
491 3897 521 3980 i.
549 3922 584 3978 e.
620 3899 693 3977 ant
729 3895 879 3979 cecidit
918 3897 1026 3981 forte
1060 3899 1105 3980 in
1145 3898 1248 3982 illud
1287 3902 1526 4006 peccatum,
1554 3899 1627 3976 ant
1654 3889 1689 3972 si
1787 3908 1792 3916 '

90 4029 112 4118 ’,
271 4053 357 4109 non
377 4025 536 4125 cecidit,
565 4051 682 4132 posse
694 4023 728 4132 ²)
752 4023 910 4126 cadere,
939 4027 1036 4137 qnia
1057 4027 1093 4111 si
1114 4026 1193 4112 hoc
1230 4022 1563 4151 consideraverit,
1590 4025 1689 4132 tuuc

23 4147 30 4164 ’
171 4247 174 4254 ,
270 4155 486 4267 cognoscit
514 4155 605 4241 aliie
634 4154 955 4240 misericordiam
986 4156 1133 4258 lacere.
1185 4157 1293 4244 Nam
1320 4156 1503 4269 qualiter
1528 4149 1690 4264 agenda

271 4269 569 4399 aitcorrcptio
598 4288 718 4398 ‚circa
755 4287 1062 4398 delinquentem
1099 4293 1147 4381 Β.
1184 4293 1442 4403 Augustinus
1485 4291 1608 4376 (locat
1644 4287 1689 4370 in
1709 4273 1728 4393 ι’
1881 4234 1893 4388 Ξ

120 4423 170 4535 J
272 4420 378 4505 libro
408 4419 459 4502 de
486 4438 674 4504 sermone
702 4417 869 4504 Domini
898 4420 940 4502 in
971 4426 1111 4506 monte
1138 4421 1366 4533 cap.X1X‚
1395 4422 1468 4507 ubi
1491 4419 1690 4516 Dominus

97 4615 100 4622 .
150 4595 156 4605 -
203 4558 208 4573 ’
238 4566 243 4575 ’
277 4551 403 4636 dicit:
431 4549 675 4659 Hypocrr'tn
703 4551 801 4656 ejice
815 4553 1005 4658 prinnini
1032 4553 1184 4638 trabem
1212 4557 1263 4640 cte
1290 4557 1402 4640 ocrrlo
1427 4560 1508 4651 too,
1534 4559 1572 4635 et
1598 4558 1692 4634 tnnc

221 4717 243 4798 j
270 4682 426 4766 vidctis
457 4682 654 4786 festrrconr
692 4685 835 4790 ejicere
870 4685 922 4769 oe
947 4684 1059 4770 ocnlo
1089 4686 1242 4791 [ratris
1279 4690 1339 4774 toi
1351 4754 1363 4794 ‚
1390 4689 1419 4779 i.
1448 4716 1484 4776 c.
1511 4687 1692 4792 monam

48 4818 53 4830 '
142 4836 150 4852 ·
198 4825 205 4840 '
272 4814 348 4898 aba
375 4821 413 4899 te
440 4813 756 4920 supellectitem
791 4814 1353 4924 ct‚clcincle1›otcria....
1391 4817 1692 4919 occullurcrrt.³)

363 5109 391 5197 ι)
412 5105 624 5180 aasentias.
649 5105 714 5179 nn.
738 5107 769 5179 s.
793 5129 824 5180 s
847 5110 903 5183 n.
952 5077 986 5202 i)
1007 5113 1127 5200 poteo
1147 5112 1195 5204 (a)

363 5219 391 5310 ³)
413 5216 466 5288 Ol.
490 5217 525 5286 ll
536 5216 630 5305 igne,
653 5223 740 5290 lom.
763 5219 818 5293 34.
841 5221 907 5291 col.
934 5221 1030 5299 1298.
1055 5222 1152 5295 1299.
1174 5248 1208 5295 u.
1230 5225 1375 5324 oc-ou.
1492 5261 1498 5314 ·.
