3974 5778
851 187 1039 282 caess·
1149 241 1153 250 -
1225 201 1231 222 ’
1567 147 1644 284 321

239 412 378 524 gorius
406 408 507 494 dicit
534 410 578 494 iu
607 409 776 497 homilia
803 440 878 498 suu
899 412 950 496 de
968 438 1091 498 eoeeo
1113 417 1225 517 ueto,
1255 413 1327 499 ubi
1344 414 1464 500 dieit:
1485 416 1518 512 ¹)
1550 417 1650 503 Onm

239 549 282 631 in
309 543 489 630 oratione
511 541 803 649 phantasmata
825 543 1024 650 patimur,
1052 569 1210 631 enecasse
1240 554 1309 648 est,
1339 547 1649 634 retrosuadis

238 676 376 777 nostri,
398 702 473 784 qna
485 673 629 761 durius
641 675 861 784 repellitur,
880 699 924 760 ro
939 673 1134 760 ualentius
1146 675 1321 784 insistat,
1336 686 1531 786 qrratenns
1547 681 1649 790 eapi-

240 806 401 910 tatianis
421 805 587 894 ittiaitae
603 807 813 894 tunrnttnrn
829 813 999 914 remanet,
1028 812 1144 914 morte
1157 810 1214 894 ad
1232 817 1465 915 ptasanres
1480 813 1651 899 Domini

239 942 440 1030 nirnietata
465 967 564 1026 snae
584 939 901 1049 importunitatis
923 943 1119 1044 mtrrrrpat.
1156 940 1363 1026 'Ceterum
1393 943 1435 1027 iu
1464 947 1650 1030 oratione

241 1103 322 1160 nou
346 1072 469 1157 debet
497 1074 672 1158 multum
701 1073 929 1184 persistere,
960 1097 1009 1154 eo
1038 1071 1169 1182 quod,
1198 1074 1304 1158 sieut
1331 1075 1374 1161 S.
1404 1075 1649 1161 Benedictus

240 1207 352 1307 dioit,
381 1203 514 1290 brevis
534 1203 656 1288 debet
672 1233 757 1290 esse
775 1233 879 1316 puro
897 1203 1043 1305 oratio,
1068 1201 1146 1286 nisi
1163 1202 1271 1288 forte
1294 1233 1344 1290 ex
1358 1207 1507 1291 niieotu
1525 1206 1651 1317 iuspi·
1751 1270 1755 1278 .

241 1335 408 1424 rationis
430 1335 592 1421 divinae
611 1337 769 1446 gratiae
788 1334 1070 1446 protendatur.
1115 1331 1169 1416 nt
1192 1333 1270 1419 hoo
1293 1337 1334 1420 iu
1355 1338 1445 1422 loeo
1464 1337 1651 1421 errimad·
1741 1411 1744 1418 Δ
1818 1398 1821 1406 ,

242 1467 477 1554 uertendum
505 1472 589 1570 est,
618 1464 717 1577 quie
744 1471 841 1553 aute
861 1465 991 1549 debet
1018 1491 1104 1550 esse
1131 1469 1390 1578 praeparatio
1419 1469 1572 1570 cordis,
1606 1475 1652 1552 nt

97 1635 102 1644 ·
241 1607 424 1710 ternpore
453 1597 649 1684 orationis
679 1597 768 1684 Deo
804 1597 997 1681 mumdum
1026 1595 1219 1680 exhibere
1248 1598 1475 1685 orationem
1504 1601 1650 1688 valent.

355 1728 570 1842 Sequitur:
600 1729 656 1814 In
684 1735 872 1837 corruente
888 1733 1022 1814 tanuen
1047 1729 1207 1811 onrrrino
1236 1724 1430 1814 brevietur
1457 1733 1585 1818 aratio
1599 1779 1649 1794 -

241 1889 287 1948 ee
305 1860 339 1944 si
362 1859 516 1946 diceret
543 1861 633 1946 eliis
657 1858 815 1947 verbis:
845 1883 1092 1970 quemqnam
1112 1857 1250 1942 diviua
1267 1863 1402 1970 gretie
1425 1863 1652 1974 proteletur
1717 1895 1719 1900 ·

242 1994 394 2096 oratio,
436 1995 576 2078 taurea
609 1993 653 2078 in
682 1996 886 2077 eouveutu
915 1990 1085 2074 omniuo
1114 1989 1320 2090 brevietur
1349 1995 1495 2080 oratio.
1554 1995 1651 2081 Nou
1747 2063 1749 2068 .

242 2126 349 2210 enim
379 2123 480 2210 dieit
509 2125 559 2209 de
588 2123 894 2220 itineratione,
924 2149 1046 2230 quam
1076 2120 1291 2230 presbyter
1318 2121 1419 2211 dioit
1447 2127 1510 2209 vel
1539 2127 1652 2237 oapi·

242 2257 340 2357 tnlu,
370 2255 440 2340 sed
469 2255 520 2340 de
548 2256 733 2342 oratioue
762 2251 1092 2364 uuiuscujusque,
1121 2279 1203 2360 qna
1226 2251 1268 2340 iu
1288 2267 1495 2343 aorrventn
1525 2289 1651 2344 unns·

149 2385 155 2397 ’
182 2471 188 2484 ,
242 2389 412 2499 quisque
439 2385 664 2474 monachus
694 2390 798 2470 orat.
843 2382 948 2468 Num
970 2387 1171 2470 statatum
1193 2389 1267 2488 est,
1297 2393 1452 2498 quantu
1472 2390 1652 2500 capitula

243 2519 364 2605 debet
393 2517 605 2630 presbyter
632 2516 767 2602 dicere
807 2513 872 2599 rel
908 2515 1136 2600 orationem
1175 2515 1218 2600 iu
1248 2524 1466 2608 eorunentn.
1524 2518 1572 2606 in
1603 2549 1651 2604 eo

127 2713 132 2726 ·
244 2660 393 2751 antem,
422 2651 531 2762 quod
548 2647 671 2734 dixit:
694 2635 739 2734 in
759 2651 946 2734 corruentn
964 2651 1095 2730 trnnan
1117 2646 1277 2732 meretina
1296 2649 1491 2736 inuuietrn·
1507 2653 1649 2754 oratio,
1752 2743 1756 2749 Δ
1872 2649 1876 2656 ’

244 2781 491 2884 ostenditur,
530 2779 680 2866 etalio
708 2784 891 2889 ternpore
919 2805 1004 2862 esse
1033 2777 1244 2866 orarnlnnr.
1302 2781 1380 2866 Sed
1410 2782 1489 2868 ieta
1518 2784 1650 2868 orntio
1688 2797 1691 2805 '
1750 2779 1787 2824 ·⁷

243 2914 300 3000 itu
330 2913 491 3000 videtur
518 2911 619 2998 rurihi
654 2939 740 2996 esse
778 2909 942 3014 melior,
983 2909 1023 2998 h.
1054 2937 1088 2996 e.
1127 2914 1175 2994 ut
1215 2938 1307 2995 aum
1342 2911 1386 3000 iu
1429 2941 1526 2998 voco
1567 2919 1650 2998 tum

243 3047 466 3131 orationem
488 3044 731 3128 doudnioum
757 3069 878 3154 qurum
902 3039 1078 3151 reliquas
1103 3040 1308 3126 orationes
1327 3045 1515 3130 sneerdos
1539 3044 1653 3149 (licit,

243 3203 326 3260 nou
355 3173 478 3260 debes
507 3173 641 3259 vorbis
676 3201 793 3259 orare
831 3170 966 3274 oiind,
1009 3171 1078 3256 sed
1117 3169 1228 3256 iiiam
1268 3174 1495 3259 orationem
1531 3179 1653 3261 eorde
1774 3207 1776 3214 ’

242 3307 463 3410 attendere,
494 3313 537 3391 et
564 3306 623 3391 itu
651 3296 876 3406 obtendere,
907 3290 954 3387 nt
981 3329 1073 3386 enm
1096 3305 1333 3410 peremnia
1363 3308 1523 3392 sabauda
1553 3307 1654 3392 dicit

243 3438 448 3542 sacerdos,
491 3441 537 3522 tu
575 3437 821 3546 respondeas
858 3438 1002 3521 Areten.
1059 3435 1102 3518 Si
1131 3439 1268 3519 entem
1297 3435 1340 3520 iu
1368 3445 1522 3524 secreto
1553 3439 1654 3524 dicit

243 3569 427 3654 sacerdos
456 3569 684 3653 orationem
714 3566 961 3652 ‹lonriniomn
992 3569 1065 3650 aue
1093 3565 1214 3666 elias,
1255 3566 1363 3651 siout
1398 3570 1449 3653 ad
1490 3569 1654 3654 missam

243 3728 364 3812 super
393 3701 589 3804 oblatam,
616 3705 663 3788 tu
680 3699 782 3782 velis
805 3697 846 3781 in
874 3697 1009 3781 verbis
1031 3697 1088 3781 ita
1118 3701 1166 3783 ut
1188 3699 1229 3780 iu
1250 3699 1384 3802 eorde,
1414 3699 1514 3785 nelis
1530 3701 1653 3785 etiam

245 3832 288 3916 iu
329 3831 451 3917 eorde
488 3835 653 3916 tonitrum
692 3831 781 3917 siue
812 3831 964 3931 verbis,
1000 3835 1122 3940 potes
1151 3857 1288 3929 orare;
1328 3833 1399 3918 sed
1439 3835 1499 3918 ita
1532 3832 1655 3917 debes

246 3963 427 4049 breviare
455 3961 684 4048 orationem
712 3966 848 4064 tuoni,
888 3967 1090 4072 qrratenus
1119 3986 1210 4045 enm
1239 3963 1426 4048 sacerdos
1455 3962 1556 4047 dioit
1577 3989 1656 4070 per

186 4165 190 4172 .
251 4094 385 4178 miseria
407 4093 569 4180 suenda
599 4093 861 4197 saeculorum,
890 4098 935 4177 tn
961 4089 1078 4177 finita
1103 4093 1290 4178 oratioue
1311 4099 1384 4179 tun
1411 4096 1654 4206 respondeas

243 4203 403 4330 noted·
443 4230 724 4312 verumtamen
761 4225 814 4308 nd
844 4225 1158 4335 completorium
1190 4253 1273 4309 nou
1302 4225 1364 4310 od
1383 4226 1484 4312 iliud
1512 4228 1654 4330 Areten,

246 4357 354 4468 quod
395 4351 666 4470 respondetur
708 4359 760 4443 ed
801 4357 1028 4441 orationem
1066 4355 1312 4461 sacerdotis,
1352 4362 1423 4445 ted
1462 4359 1513 4445 ud
1552 4357 1656 4445 iilud

245 4473 398 4594 Arnen,
439 4489 548 4603 qaod
578 4489 847 4602 respondetur
875 4489 928 4574 ad
956 4487 1285 4574 benedictionem
1324 4489 1568 4594 sucerdotis,
1607 4518 1656 4606 eo

244 4624 353 4731 quod
369 4634 468 4708 tuno
486 4623 538 4708 ud
556 4621 690 4733 ipsum
710 4621 893 4707 officinm
909 4619 1173 4730 eompletorii
1198 4621 1354 4706 tamdiu
1374 4620 1658 4728 debesjuoere,

163 4794 167 4801 ·
244 4753 507 4866 quoadusque
535 4753 645 4838 dieat
675 4751 884 4838 eueerdos:
927 4749 1163 4838 Benedictio
1190 4749 1273 4836 Dei
1301 4723 1445 4883 Pa'tris
1477 4755 1522 4836 et
1551 4745 1658 4834 Filii

244 4888 281 4967 et
309 4882 493 4990 Spiritus
522 4882 678 4990 Seresti,
708 4887 750 4966 et
777 4887 823 4967 tu
853 4885 1012 4996 ereotns
1041 4879 1458 4992 respondeasrtmen.

250 5064 512 5125 -÷-,·--··
608 5051 612 5058 ’
720 5111 725 5124 .
777 5035 779 5038 ’
1305 5041 1309 5048 ’
1373 4999 1379 5119 i

333 5168 362 5258 ι)
384 5138 779 5242 rossemanum.
804 5165 834 5238 ι.
858 5163 952 5240 nom.
974 5163 1004 5235 e.
1028 5187 1064 5236 n.
1085 5163 1121 5232 4.

310 5276 672 5360 nummulariorum
690 5289 818 5357 mentm.
1001 5363 1006 5372 Ι
1307 5283 1310 5290 “
1353 5277 1403 5365 21
