3960 5774
174 264 191 322 ·.
244 229 328 354 ηρ
502 235 506 244 ·
626 185 632 198 ’
803 187 1090 346 ὀιριιιοκο
1188 263 1190 268 ·
1333 161 1348 180 ’
1503 269 1507 278 ·

8 429 16 436 ’
104 449 110 460 ’
241 449 419 550 renium,
453 447 514 532 itu
540 451 695 552 tumen,
721 447 757 534 ui
784 451 861 534 eut
879 439 1021 532 'ebbue
1046 450 1123 532 rut
1148 445 1349 558 nugirter
1374 447 1492 533 illunr
1520 475 1661 558 repre·

111 653 113 656 ,
245 577 436 662 henderit
461 577 755 680 uutinnuerit,
783 585 834 662 ut
860 579 1005 663 meliue
1032 582 1077 665 et
1102 581 1215 664 recte
1241 577 1355 664 dicut
1379 582 1432 664 et·
1450 578 1512 664 illi
1539 575 1660 662 nolu·

242 711 322 796 erit
358 710 519 809 dicere:
556 709 592 794 ei
633 715 772 796 eutem
812 709 994 794 noluerit
1032 709 1085 794 ud
1126 709 1369 820 magistrum
1410 711 1508 820 ire„
1534 739 1657 824 quem

99 891 105 902 ·
242 841 370 928 ebbae
396 839 595 926 lectiones
622 839 843 927 constituit
870 841 1078 952 corrigere
1105 839 1192 924 rire
1218 841 1402 928 codicem
1425 841 1660 946 emendare,

241 975 400 1084 etipse
437 971 543 1063 liber
567 971 696 1056 fuerit
731 973 819 1057 ein'e
846 971 971 1074 r'itio,
1000 975 1044 1058 et
1070 975 1173 1057 tunc
1199 973 1308 1087 rnule
1334 974 1504 1086 legerit,
1534 975 1660 1060 debet

243 1105 401 1190 venium
443 1113 595 1218 petere.
651 1103 708 1189 Et
745 1105 826 1188 bue
865 1100 1077 1186 sciendum
1115 1107 1201 1204 eet,
1244 1105 1368 1214 quin,
1394 1104 1431 1188 ei
1457 1105 1529 1190 ille
1557 1105 1661 1190 liber

197 1236 349 1354 ¹,mule
385 1238 578 1324 habuerit
615 1236 660 1318 iu
701 1233 919 1336 omuibus,
958 1262 1034 1342 pru
1074 1233 1225 1345 quibus
1261 1236 1459 1340 diximus,
1497 1237 1659 1322 veniam

54 1401 66 1416 ·
242 1374 381 1477 petere
408 1376 509 1454 tuuc
536 1366 791 1453 liberabitur.
834 1365 880 1450 Si
906 1373 1045 1450 autern
1066 1370 1162 1476 post
1189 1367 1360 1452 tertium
1377 1370 1452 1451 unt
1471 1375 1659 1479 quartem

109 1569 112 1574 .
242 1497 386 1601 ricem,
414 1499 494 1584 buc
516 1505 593 1601 est,
613 1525 687 1607 per
709 1494 1048 1582 consuetudinem
1072 1495 1179 1582 mule
1201 1495 1350 1607 legerit
1362 1503 1407 1589 et
1420 1526 1506 1584 non
1520 1527 1662 1584 emen·

242 1629 415 1734 daverit,
438 1631 685 1740 corripiatur
704 1655 783 1738 pru
797 1626 878 1710 boc
897 1624 940 1708 in
959 1627 1152 1734 capitulo.
1192 1627 1413 1715 Sciendum
1431 1637 1495 1714 eet
1506 1635 1661 1732 entem,

161 1833 165 1840 .
243 1760 340 1867 quin
367 1761 411 1844 in
441 1761 713 1846 Pentecosten
741 1765 815 1841 unt
841 1757 884 1838 iu
913 1755 1005 1840 eliis
1033 1757 1192 1857 dicbus,
1220 1760 1389 1870 quando
1411 1789 1550 1870 genna
1573 1789 1658 1845 nun

244 1891 438 1996 flectunt,
463 1892 557 1994 ille,
586 1891 657 2002 qui
687 1889 816 1988 fallit,
844 1887 1069 1972 secuudum
1098 1888 1196 1993 boc,
1226 1890 1336 2000 quod
1365 1891 1497 1994 fallit,
1524 1919 1661 2001 genua

243 2024 407 2103 tuuturu
436 2023 479 2104 in
509 2026 619 2106 terre
646 2023 790 2131 ponet,
817 2020 851 2102 si
882 2023 1022 2102 autem
1050 2017 1111 2102 itu
1136 2018 1260 2120 fallit,
1287 2021 1373 2107 sive
1401 2022 1474 2132 qul
1497 2049 1659 2105 versum

244 2147 475 2254 prehendit,
503 2150 590 2235 eive
616 2151 746 2252 ulter,
775 2154 824 2233 ut
850 2147 1025 2232 eborum
1057 2149 1325 2258 perturbent,
1352 2151 1414 2233 illi
1442 2154 1486 2236 et
1513 2151 1663 2234 eburue

244 2307 382 2389 genua
409 2279 604 2381 flectent,
631 2278 667 2362 ei
693 2306 792 2363 vero
820 2306 864 2363 se
891 2285 935 2362 et
961 2307 1047 2363 non
1077 2279 1249 2364 eborum
1270 2281 1540 2384 turbaverint,
1568 2287 1661 2366 teu·

243 2419 332 2493 tunr
361 2411 439 2522 ipsi
468 2412 642 2497 flectunt
668 2435 817 2518 genua.
875 2409 921 2494 Si
949 2410 993 2493 in
1023 2410 1157 2494 medio
1186 2439 1306 2495 versu
1347 2410 1540 2496 fefellerit
1567 2413 1660 2520 qui·

243 2539 371 2637 libet,
416 2570 500 2625 non
537 2542 678 2624 ilectut
716 2565 879 2646 geuuu,
919 2539 991 2623 eud
1029 2537 1269 2624 humilietur
1306 2545 1470 2626 tuntum
1511 2543 1659 2650 cupite.

71 2658 74 2666 ’
245 2672 364 2768 Quod
393 2678 530 2760 eutem
560 2670 662 2755 dicit
687 2671 838 2775 uruJ'uri
864 2670 1064 2755 uindictae
1099 2670 1329 2778 subjacent,
1367 2670 1478 2754 ruric
1504 2670 1661 2754 intelli·

244 2802 371 2910 gitur.
427 2802 548 2907 Sunt,
576 2800 647 2912 qui
675 2800 929 2911 intelligunt,
959 2806 1006 2884 ut
1032 2797 1084 2883 iu¹
1106 2803 1286 2886 oratorio
1314 2799 1473 2884 duabus
1501 2802 1659 2886 rieibue
1695 2791 1698 2798 ¹
1756 2807 1764 2822 “

163 2925 172 2944 “
245 2931 308 3014 vel
334 2931 466 3016 tribus
482 2939 622 3043 petere
640 2931 1000 3040 debct¹)‘venium.
1040 2927 1193 3014 lterum
1219 2937 1316 3014 eunt
1337 2930 1422 3032 elii,
1450 2933 1522 3042 qni
1539 2933 1663 3032 intel·

14 3077 19 3088 ·
114 3091 117 3097 ·
165 3065 170 3075 ’
243 3060 404 3172 liguut,
437 3069 487 3147 ut
525 3064 569 3147 in
604 3062 787 3173 capitulo
825 3063 1084 3172 increpetur,
1119 3062 1191 3148 sed
1228 3063 1308 3147 iste
1345 3091 1512 3168 sensus,
1542 3072 1589 3149 ut
1616 3067 1660 3150 iu
1732 3053 1735 3058 ¹

242 3193 424 3302 capitulo
450 3193 706 3304 increpetur,
733 3195 873 3278 senior
899 3203 985 3297 est,
1012 3203 1055 3278 et
1083 3223 1157 3303 per
1195 3193 1348 3302 gradus
1388 3201 1526 3306 potest
1553 3199 1662 3302 duci,

244 3324 474 3433 quiajam,
515 3332 731 3437 postquem
763 3353 845 3412 uun
875 3325 965 3408 vult
991 3325 1162 3436 irnplere
1190 3327 1289 3431 hoc,
1317 3329 1427 3438 quod
1451 3327 1501 3413 S.
1529 3327 1664 3415 Beue·

244 3452 377 3552 dictus
415 3455 534 3557 dicit,
575 3462 676 3541 tuuc
704 3484 777 3565 per
809 3457 962 3567 gradus
989 3456 1200 3542 ducendus
1228 3467 1292 3542 est
1319 3488 1414 3560 sex,
1444 3466 1493 3544 ut
1521 3488 1663 3543 emen·

121 3587 125 3596 '
243 3583 386 3686 detur,
413 3613 462 3672 οο
490 3585 614 3694 quud,
643 3584 677 3668 si
707 3585 757 3670 de
787 3615 870 3671 unu
898 3585 1114 3695 disciplina
1143 3587 1310 3692 exierit,
1339 3592 1440 3674 tunc
1467 3591 1677 3698 suscipiet*

247 3714 364 3798 illurn
393 3714 526 3800 alteru
552 3715 782 3824 discipline.
1316 3820 1327 3838 ·

354 3843 570 3952 Sequitur:
603 3843 792 3948 Infantes
819 3873 911 3930 uero
922 3872 1006 3952 pru
1025 3845 1102 3931 tuli
1117 3845 1238 3952 culpa
1259 3847 1461 3956 vapulent.
1499 3845 1663 3933 Notau-

243 3973 342 4056 dunr
370 3982 434 4059 est
461 3975 591 4078 eninr,
619 3977 738 4086 quie,
777 3975 850 4063 ubi
878 3975 979 4060 dicit
1005 3976 1081 4062 tuli
1088 4042 1100 4080 ,
1140 3978 1344 4063 incertum
1382 3982 1471 4082 eet,
1508 3979 1663 4078 utrum,

211 4105 343 4214 vquiu
382 4105 640 4204 fefellerunt,
678 4133 732 4188 un
770 4107 870 4215 quie
909 4108 1016 4192 forte
1056 4110 1281 4194 noluerunt
1319 4113 1459 4218 petere
1488 4105 1660 4208 verrium,

104 4265 106 4268 ·
243 4235 340 4341 quia
378 4235 564 4346 superius
600 4235 681 4320 duo
720 4236 850 4338 dixit,
877 4237 905 4322 i.
934 4266 971 4324 e.
998 4239 1034 4321 si
1070 4238 1179 4323 fallit
1217 4239 1332 4350 quie,
1360 4239 1483 4322 debet
1520 4243 1661 4346 petere

244 4366 431 4464 veniam
468 4367 643 4450 alterum
671 4365 794 4452 dicit:
823 4367 858 4450 si
888 4395 972 4451 non
1002 4370 1093 4452 vult
1121 4366 1282 4451 veniam
1319 4373 1484 4477 petere,
1513 4369 1662 4477 nrejuri
1743 4356 1749 4366 ’

107 4566 110 4574 .
247 4495 452 4588 'vindictae
492 4498 722 4608 enbjeceut3
759 4485 830 4580 sed
873 4505 1012 4581 tamen
1056 4501 1137 4586 istu
1178 4499 1302 4584 modo
1344 4498 1661 4610 intelligendum

139 4657 141 4660 ·
243 4634 327 4732 est,
355 4629 383 4716 i.
413 4656 470 4716 e:
512 4629 547 4711 si
575 4629 711 4712 infans
740 4628 953 4730 fefellerit,
992 4629 1118 4713 debet
1146 4631 1308 4714 veniam
1337 4637 1477 4742 petere
1504 4633 1549 4714 et
1576 4658 1661 4713 nun

243 4757 470 4869 flagellari3
491 4759 524 4843 si
539 4764 677 4843 autern
693 4787 766 4868 per
785 4759 1122 4844 consuetudinem
1140 4759 1345 4861 fefellerit,
1362 4761 1485 4847 debet
1498 4760 1659 4844 venium

242 4897 405 5000 petere;
434 4895 576 4975 tumen
616 4883 739 4971 debet
778 4885 1002 5001 flagellari,
1030 4919 1082 4974 ne
1110 4891 1185 4974 fiut
1212 4891 1442 5006 negligens.
1497 4891 1557 4976 Et
1582 4890 1661 4977 huc

330 5173 357 5263 ⁸)
381 5171 513 5246 deberu
534 5172 592 5264 (l).
