3974 5778
196 273 201 280 ’
276 251 366 398 aa
447 363 451 370 -
528 247 600 354 ’·
857 310 1102 430 eamn
1231 239 1250 258 ’

277 531 501 643 praeterita
541 533 725 643 potatio,
753 538 797 620 et
833 538 970 620 cetera
1005 533 1070 619 hir
1105 535 1410 646 similiaque
1434 517 1488 619 ad
1515 561 1692 646 cognos·

279 663 448 748 cendam
478 662 747 750 intentionem
777 675 951 773 possunt
976 665 1169 750 subtilius
1196 667 1373 777 penturi.
1412 664 1573 752 Deinde
1586 697 1690 779 pen·
1871 656 1878 693 ²

275 793 403 914 cauda
430 801 495 878 est
520 795 610 923 ipsa
650 793 927 907 negligentia,
963 799 1119 906 quantu
1147 795 1252 896 init,
1290 801 1335 880 et
1369 797 1428 880 itn
1463 798 1705 882 recundurnf

274 925 545 1009 intentionenr
584 923 785 1034 pulsantia
823 929 867 1008 et
894 927 1194 1036 quantitatem,
1222 928 1251 1013 i.
1278 955 1315 1016 e,
1353 927 1516 1012 modum
1555 929 1690 1036 negli-

275 1054 442 1164 gentiae
470 1051 562 1140 reue
578 1131 583 1144 ,
586 1055 762 1164 judicari
790 1055 936 1155 debet,
964 1056 999 1139 si
1026 1055 1154 1166 digne
1175 1057 1400 1164 judicatur.
1454 1052 1687 1142 Seeuodnrn

276 1185 501 1292 capitulum
528 1186 886 1298 quadragesimum
925 1189 1117 1272 tertium:
1159 1185 1224 1271 De
1258 1187 1349 1288 lais,
1386 1187 1457 1294 qni
1490 1187 1548 1271 nd
1588 1214 1692 1294 opus

274 1313 358 1400 Dei
384 1313 445 1398 ocl
471 1315 528 1398 od
554 1343 736 1402 merosum
762 1319 880 1402 tardo
906 1324 1131 1412 occemund,
1160 1318 1204 1400 in
1232 1347 1316 1427 quo
1344 1319 1527 1428 capitulo
1554 1324 1689 1403 conti-

275 1451 416 1534 netur:
459 1445 544 1530 sea
569 1456 608 1530 rt
633 1449 672 1532 oi
699 1449 766 1533 cni
803 1445 964 1554 aliquid
1000 1447 1169 1550 offertur
1194 1475 1224 1531 o
1255 1448 1400 1554 priore
1433 1457 1472 1532 ct
1504 1450 1688 1554 occipere

273 1577 464 1664 renuerit.
520 1578 602 1662 Sed
629 1577 710 1662 hoo
737 1577 962 1688 capitulum
994 1577 1110 1664 valde
1139 1580 1360 1690 prudenter
1388 1581 1689 1665 discutiendum

275 1715 338 1792 eet
375 1739 469 1793 cunr
510 1711 741 1796 intentione
791 1707 1043 1820 negligentis
1091 1718 1217 1821 atque
1255 1713 1489 1821 quantitate
1530 1713 1687 1822 culpae.

274 1840 460 1954 Tertium
499 1841 726 1950 capitulum
767 1849 832 1924 est
852 1841 991 1924 'istius
1018 1841 1191 1951 praelati
1220 1842 1342 1952 primi
1372 1843 1484 1926 modi
1512 1845 1690 1952 quadra·

273 1973 475 2081 gesimum
503 1974 712 2082 quintum:
756 1969 824 2056 Dc
849 1970 939 2071 laio,
978 1972 1049 2076 qni
1083 1970 1288 2076 sallientur
1324 1973 1367 2054 in
1403 1974 1605 2073 oratorio,
1646 1981 1691 2058 et

177 2143 179 2148 ·
250 2097 256 2130 ”
275 2104 354 2188 hoc
382 2104 536 2214 pariter
563 2103 790 2214 capitulum
819 2129 910 2186 curn
942 2101 1221 2211 negligentiae
1250 2103 1534 2210 magnitudine
1561 2110 1687 2212 atque

275 2235 506 2319 intentione
555 2230 764 2342 peccantis
806 2231 922 2316 ualde
970 2233 1192 2341 prudenter
1233 2231 1566 2342 investigandum
1611 2243 1686 2322 cst.

274 2368 473 2464 Quartum
512 2365 631 2450 iatius
665 2363 754 2473 Jam
792 2363 892 2464 dicti
930 2362 1050 2474 primi
1079 2362 1190 2447 modi
1232 2363 1458 2472 capitulum
1487 2365 1691 2475 quinqua·

273 2499 474 2608 gesimurn
511 2499 733 2606 septimum
761 2493 827 2580 De
862 2495 1086 2600 artificibus
1113 2495 1361 2580 veronosterii.
1428 2494 1564 2604 lgitur
1593 2497 1692 2604 quia

229 2699 235 2711 .
275 2631 461 2741 superius
489 2627 646 2714 dictum
674 2641 760 2735 est,
788 2627 1014 2732 secundum
1044 2625 1213 2716 modurn
1240 2655 1328 2711 esse
1357 2625 1409 2709 de
1436 2627 1706 2735 apiritalibua¹

186 2761 191 2770 '
274 2760 414 2864 rebus,
452 2761 627 2846 dicenda
663 2747 761 2846 aunt
801 2761 891 2871 ipsa
930 2764 1122 2874 peccatu,
1151 2785 1257 2866 ulnae
1284 2757 1337 2841 ad
1365 2755 1476 2844 hunc
1517 2760 1684 2844 niodum

206 2863 223 2960 ,'
273 2893 451 2977 attinere
479 2892 693 3003 uidentur,
719 2893 749 2982 i.
777 2923 812 2982 e.
842 2921 919 3003 pro
947 2891 1101 3004 quibus
1128 2888 1354 2974 monachus
1381 2918 1510 3002 unque
1537 2890 1590 2974 ad
1620 2917 1691 2976 sex

193 3043 202 3060 ·
273 3023 426 3136 gradus
464 3005 766 3134 protrahendus
804 3034 887 3127 est,
929 3025 971 3109 in
1002 3022 1180 3133 septimo
1210 3051 1306 3107 vero
1335 3051 1418 3106 non
1448 3024 1689 3109 emendatus

197 3187 200 3194 ·
272 3157 324 3241 de
352 3158 600 3242 monasterio
619 3156 897 3268 expellendus,
922 3155 963 3245 h.
983 3185 1019 3241 e.
1038 3154 1199 3240 occulte
1218 3153 1411 3239 videlicet
1432 3155 1688 3267 castigando,
1736 3143 1741 3152 ’

220 3319 224 3326 ·
272 3289 437 3410 publico¹
472 3289 756 3400 corripiendo,
785 3289 829 3370 iu
870 3288 1093 3372 levioribus
1126 3288 1258 3400 culpis
1285 3285 1689 3392 excommunicanda
1723 3339 1733 3354 ·
1897 3274 1912 3353 ,³

121 3501 125 3512 ,
273 3422 495 3534 in‘jojnniin
522 3423 658 3507 nimiis
673 3421 913 3530 affligendo,
938 3421 1171 3505 verberibus
1186 3422 1424 3527 coercendo,
1449 3451 1524 3532 pro
1548 3423 1690 3508 eodem
1902 3411 1909 3430 ’

272 3558 537 3643 inemendato
578 3557 632 3638 ab
677 3554 866 3639 omnibus
904 3543 1088 3652 orando,
1129 3559 1256 3664 atque
1302 3555 1353 3638 ad
1403 3557 1593 3639 ultimum
1641 3556 1693 3640 dc

273 3689 523 3773 monasterio
551 3685 808 3796 expellendo.
855 3683 1009 3767 Verum
1038 3684 1135 3794 quia
1163 3685 1252 3794 ipsa
1278 3686 1482 3796 spiritulia
1508 3693 1689 3798 peccata,

272 3850 377 3932 quae
416 3821 499 3904 alio
542 3799 708 3904 nourine
747 3817 855 3902 levia
894 3818 1114 3918 dicuntur,
1144 3848 1227 3902 non
1255 3823 1356 3903 auat
1380 3819 1543 3927 aequali
1572 3820 1689 3903 lance

271 3953 535 4052 trutinanda,
582 3981 632 4034 eo
683 3949 793 4061 quod
834 3951 876 4033 in
915 3945 973 4030 eis
1013 3947 1096 4030 aliu
1132 3946 1400 4032 inueniuntur
1443 3951 1571 4050 levia,
1611 3952 1692 4036 alia

120 4127 124 4136 .
168 4187 174 4198 ‚
270 4083 435 4190 gravia,
474 4083 569 4166 alia
597 4081 814 4194 grauiora3
861 4081 954 4164 ideo
992 4107 1074 4164 non
1116 4079 1345 4189 aequaliter
1383 4110 1459 4190 pro
1503 4083 1692 4166 omnibns
1735 4129 1742 4146 ι
1897 4065 1905 4187 ξ

270 4212 505 4297 monaehus-
532 4213 575 4296 in
615 4241 864 4322 unoquoque
901 4187 1140 4322 grada'est
1178 4211 1392 4300 tenendus.
1464 4214 1573 4298 Nam
1614 4243 1690 4323 pro

269 4343 360 4428 aliis
389 4345 518 4446 tarde,
550 4373 623 4452 pro
651 4343 742 4426 aliia
770 4371 867 4428 vero
895 4344 979 4427 cito
1007 4342 1058 4426 de
1087 4369 1170 4425 uno
1197 4341 1395 4426 adolium
1422 4345 1595 4455 gradum
1624 4353 1688 4431 est
1739 4389 1745 4404 ·

172 4471 188 4488 ”
270 4475 490 4564 ducendus.
518 4563 519 4568 g
548 4477 755 4576 Quantum
784 4475 895 4559 eninr
923 4473 1046 4582 culpa
1077 4473 1347 4565 videturesse
1377 4477 1490 4578 levis,
1519 4483 1684 4562 tanturn

269 4607 340 4691 diu
368 4608 411 4691 in
443 4633 690 4720 uarioquoqne
719 4606 942 4718 gradu'est
972 4606 1207 4707 morandus,
1236 4603 1437 4716 qnantum
1471 4637 1566 4694 vero
1595 4625 1709 4720 gra·¹

270 4743 368 4844 rior,
399 4749 560 4828 tantum
589 4740 672 4826 cito
692 4740 744 4822 ad
766 4739 892 4823 aliurn
912 4739 1087 4849 gradum
1115 4742 1178 4822 est
1198 4740 1504 4840 transeundum,
1534 4769 1687 4825 rnorem
1838 4799 1841 4804 -
1913 4763 1922 4859 ξ

129 4864 131 4870 ’
269 4874 460 4958 uidelicet
491 4861 645 4958 'uredici
688 4873 1013 4975 considerantes,
1042 4871 1112 4982 qui
1154 4871 1340 4981 quamvis
1374 4872 1534 4957 diversa
1560 4872 1714 4956 medi.
1917 4864 1921 4873 ¹

232 5077 234 5082 ,
269 5009 430 5090 camina
459 5013 502 5090 et
530 4992 711 5091 diuersas
742 5008 932 5117 potiones
960 5004 1133 5092 'infirmo
1169 5005 1381 5111 tribuunt,
1409 5032 1494 5089 non
1525 5005 1609 5090 cito
1637 5003 1690 5089 ad

59 5183 69 5200 ·
143 5237 146 5242 .
211 5252 214 5258 Ι
267 5139 382 5224 alind
410 5138 664 5225 medicamen
693 5141 876 5226 daudnrn
906 5144 1144 5242 transcunt,
1175 5167 1389 5250 quousque
1418 5165 1500 5222 uon
1529 5166 1688 5250 cogno·

157 5309 161 5317 ¹
267 5272 424 5372 verint,
473 5274 649 5382 primunr
679 5273 945 5374 medicamen
982 5301 1066 5358 nou
1110 5302 1229 5384 posse
1262 5274 1429 5383 juvare,
1470 5277 1545 5356 aut
1581 5277 1691 5356 certe
