3968 5774
798 305 881 402 esp.
907 305 1072 380 xxmv.
1424 263 1427 269 ’
1554 311 1635 394 393

235 531 345 638 Quod
371 528 410 612 si
437 527 708 632 deprehensns
733 528 857 630 fucrit
884 529 987 632 quis,
1018 523 1255 609 districtiori
1280 525 1522 630 disciplinae
1546 527 1637 606 suir-
1706 585 1709 592 .

230 667 360 748 datur.
405 657 528 742 Nune
558 655 775 738 ridendum
806 662 880 757 est,
911 686 992 766 qua
1019 659 1178 742 ratione
1197 657 1236 742 S.
1258 656 1502 740 Benedictus
1528 679 1659 736 mur·¹

232 791 468 877 mutationis
506 787 604 871 feeit
642 789 890 872 interitionem
933 791 976 873 in
1014 790 1091 874 hoe
1130 789 1343 898 capitulo?
1404 785 1485 888 llo,
1525 789 1633 897 quod

230 927 295 1006 ille
329 923 506 1021 dixmut,
549 948 629 1003 nou
669 949 809 1003 omues
847 920 1072 1030 aequaliter
1101 920 1249 1003 debere
1287 919 1471 1028 accipere
1499 947 1638 1002 neees-

229 1057 343 1154 saria,
373 1053 442 1136 aed
473 1051 695 1136 secumdum
724 1050 984 1136 infirmitates
1014 1081 1117 1136 suae.
1149 1053 1356 1160 Cognovit
1378 1050 1501 1134 etiam
1522 1051 1635 1157 qnasi

228 1215 365 1270 causas
395 1183 730 1268 murmurationis
760 1185 890 1266 inesse
926 1183 1112 1272 infirmia,
1141 1183 1233 1267 ideo
1262 1183 1482 1294 vigilanter
1512 1181 1636 1264 dixit:

228 1323 331 1404 riute
359 1319 495 1402 omnio
524 1344 573 1400 nc
602 1309 943 1400 murmurationis
972 1313 1121 1398 rivolum·
1132 1341 1212 1419 pro
1230 1313 1492 1420 undicunque
1512 1341 1637 1398 course

229 1453 269 1534 in
299 1448 432 1554 reliquo
451 1447 713 1556 qualicunque
731 1451 848 1534 ocrlro
871 1446 930 1532 rel
949 1449 1239 1554 significatione
1257 1451 1467 1552 nrrporcnt.
1518 1447 1635 1545 tluod

119 1573 124 1584 '
229 1611 321 1665 vero
362 1581 463 1666 dieit
503 1591 595 1667 cocto
630 1583 787 1684 ornniu,
837 1581 1162 1666 subaudiendum
1212 1585 1298 1663 est:
1341 1575 1637 1688 inspiciendum

232 1715 291 1796 rel
321 1713 627 1828 attendendum.
681 1713 736 1800 Et
765 1715 842 1800 lme
873 1745 989 1798 rrosse
1018 1715 1223 1814 debemus,
1254 1713 1348 1821 quia
1376 1708 1498 1804 istud,
1529 1709 1641 1817 qnod

228 1846 326 1928 dicit
373 1854 466 1928 rrrrtc
511 1848 665 1945 orrcniu,
712 1848 871 1931 duobus
920 1847 1049 1929 modis
1097 1847 1201 1928 solet
1245 1855 1396 1954 ponere
1433 1841 1636 1949 scriptura

227 1977 383 2072 dianna:
413 2005 507 2060 nam
539 1979 652 2063 etin
685 1978 934 2064 bonoetiu
965 1976 1275 2085 muloponitnr.
1321 1973 1366 2056 ln
1389 1975 1510 2074 bono,
1540 2001 1631 2055 eum
1693 2059 1694 2064 Ν
1737 1987 1739 1992 ’

227 2107 346 2191 dicit:
404 2109 510 2190 rlrrtc
537 2111 673 2193 ornnio
709 2107 916 2192 ceritatem
953 2107 1115 2207 leobetc3
1144 2107 1187 2190 in
1218 2107 1348 2190 malo:
1380 2110 1473 2191 unte
1500 2103 1635 2188 ornniu
1669 2205 1680 2219 .

226 2238 437 2342 superbiae
465 2239 616 2323 neotum
644 2237 763 2323 oclnti
790 2267 982 2324 oenemun
1007 2239 1146 2346 fugito.
1205 2240 1285 2323 sed
1330 2265 1421 2322 eum
1452 2235 1634 2319 inbono
1725 2249 1740 2262 “·
1850 2341 1854 2350 ⁸

226 2371 412 2478 ponitur,
450 2369 557 2454 sieut
585 2371 689 2471 dixi,
729 2371 995 2480 intelligitur,
1037 2377 1084 2454 ut
1111 2371 1346 2455 omnimodo
1375 2371 1450 2452 liat
1478 2371 1520 2451 et
1549 2395 1664 2449 non*

227 2503 588 2608 praetermittatur.
625 2501 672 2584 ln
699 2506 806 2588 mulo
836 2533 928 2590 enm
958 2503 1135 2612 ponitur,
1165 2502 1424 2611 intelligitur,
1455 2504 1501 2582 nt
1524 2499 1635 2582 nullo
1718 2595 1720 2598 ¹
1798 2614 1802 2622 ι

227 2632 347 2716 modo
378 2633 459 2715 fiat.
519 2635 597 2717 Sed
628 2634 842 2718 dicendum
872 2640 956 2734 est,
994 2637 1046 2719 ad
1076 2635 1174 2744 quid
1205 2633 1380 2718 attineat
1407 2634 1497 2730 hoe,
1527 2635 1636 2742 quod

226 2765 325 2847 dicit
359 2772 453 2849 onte
488 2769 656 2851 onrrrio?
696 2769 883 2850 videlieet
917 2769 968 2851 ad
1009 2766 1184 2850 minores
1220 2813 1273 2828 —-
1311 2767 1426 2874 curiosi
1465 2767 1635 2848 diceret:

230 2895 358 2980 Valde
399 2899 562 2982 sollieiti
599 2901 682 2982 sint
711 2897 918 2998 monaehi,
949 2927 1001 2981 ne
1038 2895 1270 3006 aliqnando·
1297 2895 1429 2980 verbis
1458 2923 1638 2978 murmu-

226 3036 318 3111 rent
344 3033 417 3112 aut
446 3029 486 3111 in
515 3031 654 3138 aliquo
684 3032 803 3136 siguo
827 3029 1040 3112 videantur
1076 3055 1326 3112 unnmurare
1355 3031 1398 3110 et
1420 3027 1503 3124 rel,
1533 3026 1639 3110 sicut

227 3159 268 3241 in
298 3160 441 3267 regula
469 3161 580 3247 dieii.
643 3161 799 3263 Potest,
840 3160 872 3243 si
912 3159 1101 3244 subtilius
1132 3158 1395 3256 attendatur,
1433 3154 1555 3240 etium
1585 3155 1636 3238 ud

230 3289 399 3396 majores
434 3293 622 3391 attinere,
653 3299 853 3400 clrrntenus
882 3291 957 3402 ipsi
982 3289 1146 3374 solliciti
1176 3289 1258 3370 siut
1280 3287 1340 3370 itu
1357 3285 1638 3370 distribuendo

229 3421 477 3519 necessarie,
519 3429 565 3502 nt
603 3423 779 3506 minores
820 3451 902 3507 non
942 3419 1144 3520 habeant,
1182 3417 1292 3501 uncle
1327 3419 1438 3524 j'nste
1474 3413 1631 3522 possint

228 3580 490 3653 mnrmmnre,
519 3553 625 3635 sieut
653 3552 822 3636 interius
851 3553 939 3662 ipsa
968 3551 1109 3657 regula
1134 3550 1256 3634 dieit:
1296 3547 1366 3632 Sic
1388 3545 1522 3628 onemo
1541 3551 1637 3628 tcm-

224 3689 335 3786 ncrct
363 3687 479 3788 citone
507 3681 708 3786 disponat,
738 3689 931 3788 uncilenus
959 3687 994 3764 ct
1022 3681 1183 3764 onirnoc
1210 3677 1437 3776 solvemur,
1467 3681 1502 3757 ct
1532 3674 1636 3779 qnod

223 3812 379 3914 fucirmt
405 3817 582 3915 tratres,
623 3813 771 3917 alisque
803 3815 919 3917 justu
960 3815 1278 3897 rrunnmrutiono
1318 3813 1485 3915 tirciont.
1546 3805 1635 3888 llos
1741 3825 1743 3830 ’
1834 3831 1836 3834 ·

225 3952 375 4042 autem,
404 3945 513 4054 quod
544 3941 665 4026 dicit:
698 3945 865 4046 Quodsi
893 3945 1162 4050 dcprctensns
1187 3943 1312 4047 feccrit
1340 3941 1443 4046 orris,
1474 3939 1636 4023 distric-

225 4077 318 4159 tiori
347 4074 589 4178 disciplinae
627 4059 1053 4172 snirdcrtur,'dnobus
1093 4073 1224 4157 modis
1262 4070 1438 4178 intelligi
1482 4073 1635 4177 potest:
1735 4073 1737 4076 ’

227 4233 308 4286 uno
347 4205 453 4288 enim
496 4205 616 4288 modo
646 4205 917 4313 intelligitur,
953 4205 1021 4287 ubi
1063 4202 1271 4286 invenitur
1306 4198 1545 4285 districtiori
1573 4197 1634 4277 vel
1684 4287 1688 4292 ,

225 4334 449 4418 districtius
488 4330 563 4438 ciui·
600 4335 842 4442 gravissimo
872 4381 931 4420 -,
952 4333 996 4417 in
1026 4335 1114 4442 ipsa
1154 4329 1431 4439 correptione,
1464 4329 1532 4436 ubi
1562 4332 1636 4424 est,
1729 4377 1735 4390 ·

226 4463 313 4550 i.e.
344 4465 578 4550 inocculto
613 4463 755 4548 autin
788 4466 919 4573 palam
961 4465 1083 4549 debet
1120 4463 1211 4571 plus
1246 4485 1495 4572 exaggerare
1523 4456 1635 4539 illam

226 4597 521 4705 eorreptionem
565 4595 607 4678 in
639 4595 771 4680 verbis
800 4600 967 4683 seeretis
998 4597 1062 4681 rel
1090 4595 1132 4677 in
1171 4593 1426 4700 correptione
1462 4589 1636 4698 publicu,

182 4779 184 4783 -
225 4755 345 4836 qnam
376 4755 450 4835 pro
480 4725 570 4811 aliis
598 4727 755 4836 eulpim
793 4727 923 4811 altero
965 4723 1210 4812 veremudo
1245 4720 1514 4830 intelligitur,
1543 4718 1570 4803 i.
1601 4749 1634 4804 o.

225 4854 461 4942 districtiori
487 4853 548 4939 oet
570 4855 796 4942 districtius
818 4861 891 4941 aut
910 4855 1153 4964 gravissime
1171 4879 1294 4936 uuam
1313 4849 1634 4935 admonitionem

133 5033 139 5046 ·
224 4987 525 5071 transcendero.
582 4985 632 5070 V.
663 5013 726 5096 gr.
755 4988 947 5073 iuventus
976 4994 1039 5072 est
1065 4985 1217 5084 freter,
1256 4983 1326 5092 qui
1363 4979 1464 5064 illud
1495 5009 1637 5091 pecea-¹

225 5125 309 5200 tum
340 5123 492 5202 acerete
524 5116 644 5201 feeit:
685 5145 761 5226 pro
790 5117 868 5202 hoe
900 5145 981 5201 urm
1014 5115 1170 5199 rlrrrrlmu
1199 5112 1356 5205 viailms
1392 5119 1455 5194 est
1496 5108 1637 5195 aduro·

225 5249 381 5333 uendue
410 5255 586 5368 seerele,
615 5249 684 5334 sed
714 5247 971 5334 solummodo
1002 5250 1240 5357 postauam
1272 5241 1399 5328 ricem
1441 5246 1637 5328 secretum
