4002 5792
883 187 969 280 Cap.
990 189 1113 262 LXXI.
1205 201 1219 240 '·
1625 199 1704 284 627

300 407 525 520 recolerem
564 407 850 513 disciplinarum
890 410 968 494 istc
996 410 1091 495 talis
1118 413 1302 520 quamvis
1331 414 1390 498 ita
1418 414 1537 514 dixit,
1565 417 1706 501 tamen

303 541 560 655 postmodum
591 545 663 624 aut
690 541 751 624 illi
779 544 852 626 aut
880 548 990 627 certe
1018 542 1169 643 abbati,
1198 570 1290 628 curn
1315 543 1547 648 nunciatur,
1572 547 1706 656 jactat

178 729 180 734 ,
300 704 340 760 se
379 675 419 758 in
461 679 611 757 terram
649 671 811 758 dicens:
850 699 940 756 rrrca
979 672 1095 780 crebra
1136 681 1215 777 eet,
1244 675 1340 782 quio
1374 677 1565 782 peccand·
1599 706 1706 762 rrrrrrc

293 811 470 917 paratur
504 830 594 890 serere
632 799 852 911 acredinem,
887 803 1082 911 quidquid
1114 805 1313 911 placuerit
1351 807 1463 892 cobis
1494 809 1704 914 judicare:

295 939 372 1021 iste
400 935 681 1020 admouendus
708 941 771 1021 εει
800 941 843 1022 ει
870 935 1078 1022 ducendus
1106 966 1179 1047 per
1207 939 1371 1047 gradus.
1428 939 1532 1022 Item
1557 969 1702 1024 secun·

195 1053 198 1062 ’
267 1070 370 1153 ,dus
407 1067 535 1152 frater
577 1096 669 1154 cum
713 1074 857 1180 peccat
894 1074 1068 1170 accrate,
1106 1069 1351 1156 admonetur
1389 1077 1568 1176 secrete,
1605 1073 1702 1182 quia
1833 1067 1836 1075 ‘

294 1191 446 1284 secrete
475 1202 680 1310 peccavit:
709 1205 881 1286 etcum
911 1203 1156 1286 admonetur
1184 1203 1308 1288 dicit:
1347 1231 1426 1289 nou
1455 1205 1554 1286 enitet
1582 1231 1702 1290 carrae

294 1337 374 1434 cet,
403 1335 507 1438 quod
542 1332 672 1434 diets,
699 1332 795 1438 quia
822 1332 913 1418 racto
940 1331 1162 1440 regnatorem
1197 1334 1458 1440 disciplinam
1485 1336 1700 1439 suscipere,

294 1469 333 1547 ει
361 1470 438 1546 cet.
467 1462 575 1548 sicut
601 1463 813 1548 conmorit
840 1465 973 1550 tacere
1000 1465 1208 1576 superbus.
1265 1463 1397 1550 Simili
1425 1465 1550 1548 etiam
1580 1465 1701 1551 modo

294 1596 407 1695 dicit,
439 1623 529 1680 cum
567 1600 664 1680 ante
704 1595 893 1680 nnana
938 1595 1193 1682 admonetur.
1252 1598 1407 1684 Deinde
1450 1595 1612 1679 ducitur
1655 1597 1698 1678 in

294 1725 520 1836 pubiicum,
549 1725 671 1810 aindti
701 1707 830 1811 ruodo*
862 1725 963 1811 dicit
997 1726 1121 1810 enan
1159 1727 1203 1814 iu
1241 1729 1433 1840 capitulo.
1494 1725 1575 1812 Ιειε
1605 1727 1698 1810 talis

292 1855 550 1963 expellendus
579 1862 654 1956 εει,
683 1855 716 1938 εἰ
742 1858 826 1964 jam
855 1858 1022 1967 grandin
1051 1858 1101 1946 dc
1129 1858 1291 1943 soeculo
1320 1875 1536 1942 conversus
1565 1863 1627 1938 cet
1655 1857 1696 1939 in
1772 1944 1776 1950 ,

293 1985 562 2085 nunaunt),
602 1985 698 2095 quia
738 1985 825 2096 ipen
865 1993 1012 2096 sponte
1050 1988 1183 2088 venir,
1221 1987 1254 2072 ei
1294 1981 1430 2072 uutein
1468 1987 1603 2070 iutiaus
1640 1987 1697 2070 ibi

292 2115 470 2198 nutritur
498 2115 621 2200 iurarit
649 2122 692 2200 et
720 2120 816 2227 quia
845 2118 934 2201 vult
961 2117 1013 2202 ud
1042 2119 1222 2226 pejorem
1246 2119 1596 2204 corruereationcm
1626 2118 1696 2216 irc,
1743 2193 1745 2200 Α
1890 2127 1894 2136 ’

290 2248 314 2330 i.
344 2273 378 2328 ε.
416 2245 458 2328 iu
496 2247 676 2350 saeculo,
705 2246 783 2330 iste
820 2275 900 2334 non
940 2247 1064 2332 debet
1103 2248 1275 2358 expelli,
1304 2249 1375 2332 scd
1413 2248 1456 2331 iu
1493 2273 1696 2331 carcerem

289 2376 510 2460 mittendus
538 2382 613 2476 cst,
644 2379 773 2462 dorrec
801 2407 844 2462 se
873 2379 1163 2481 emendaverit,
1194 2379 1317 2464 etiam
1347 2405 1473 2488 usque
1504 2377 1556 2462 ad
1585 2405 1693 2461 mor·

288 2514 380 2590 tem.
425 2506 529 2592 Item
560 2509 705 2594 tertius
735 2511 861 2596 trater
891 2514 1031 2620 {reccut
1057 2517 1223 2613 secrete,
1251 2515 1292 2594 et
1320 2537 1411 2594 cunr
1440 2515 1595 2595 secrete
1623 2509 1695 2592 cd·

287 2645 496 2740 nronetur,
526 2639 626 2724 dicit
664 2641 870 2742 similiter,
900 2641 1007 2724 sicut
1042 2640 1228 2750 nauperius
1269 2641 1465 2738 diximum
1509 2640 1696 2724 similiter

285 2769 404 2852 etium
446 2775 543 2854 autc
580 2771 768 2856 abbatem
808 2772 920 2859 dicit.
978 2771 1136 2857 Deinde
1174 2799 1265 2856 cnm
1309 2771 1467 2857 venerit
1508 2770 1551 2854 in
1582 2771 1695 2880 capi·

247 2905 249 2912 “
285 2898 412 2984 ιιιιιιιη
444 2909 485 2984 ει
515 2901 569 2986 ibi
600 2902 815 3012 poenitens
843 2903 1011 2988 dixerit:
1041 2909 1129 2985 decu
1149 2900 1269 3007 culpo
1292 2900 1487 3018 cadonio
1508 2903 1695 3006 peccand·

282 3031 366 3114 colo
393 3033 594 3136 meminere
621 3033 836 3137 iudicium,
865 3036 969 3142 quod
1004 3033 1113 3118 uobis
1143 3031 1278 3138 placcat
1317 3033 1443 3118 dare:
1487 3031 1563 3116 iata
1600 3031 1693 3116 tuiis

140 3197 146 3244 .·
283 3193 364 3246 uon
395 3165 659 3276 expellendus
687 3170 763 3255 εει.
820 3166 924 3252 itam
956 3174 1127 3276 quartus
1155 3169 1218 3250 εει
1248 3166 1384 3264 trater,
1421 3164 1492 3274 qui
1521 3163 1616 3247 dum
1648 3163 1692 3246 in
1738 3215 1743 3224 ·

166 3341 169 3348 ·
281 3295 445 3406 publico
482 3295 694 3408 arguitur,
723 3299 820 3410 quia
847 3299 954 3386 torto
982 3296 1145 3408 publice
1176 3295 1381 3407 peccarit,
1409 3299 1483 3380 aut
1511 3299 1619 3380 carte
1647 3294 1689 3377 iu
1822 3369 1824 3375 .

280 3426 457 3511 secundo
489 3429 550 3513 ret
582 3429 704 3514 tertio
734 3429 864 3540 gradu
894 3435 967 3530 εει,
998 3435 1040 3512 ει
1068 3428 1139 3514 rol.
1168 3436 1211 3513 ct
1240 3427 1410 3514 ‹lixeritr
1439 3424 1544 3510 trurrc
1570 3424 1692 3512 disci·
1782 3477 1785 3482 ·

273 3556 432 3663 paliarum
462 3558 553 3646 uolo
581 3563 784 3668 succurere
812 3585 883 3649 nee
910 3560 1071 3670 recidua
1099 3557 1219 3644 arrbdi
1245 3555 1357 3660 coto,
1385 3561 1428 3643 ct
1456 3583 1689 3664 perseuera-

280 3689 384 3773 rerit
406 3693 446 3775 in
471 3689 545 3776 lum
575 3693 819 3790 resistentia,
848 3693 925 3778 iste
949 3690 1045 3778 talis
1069 3688 1331 3804 expellendus
1352 3693 1427 3792 εει,
1458 3689 1516 3774 ita
1536 3693 1686 3792 tarrren,
1817 3679 1818 3684 ‘

278 3820 420 3931 sijum
451 3821 619 3934 grandia
648 3851 865 3910 conversus
904 3830 989 3925 εει,
1020 3823 1126 3909 sicut
1161 3822 1266 3922 dixic
1306 3819 1339 3905 si
1375 3825 1511 3906 autem
1553 3821 1687 3905 infans

279 3953 332 4036 ibi
364 3955 543 4040 nutritos
571 3955 717 4058 inerit,
758 3984 840 4041 non
882 3963 944 4042 est
973 3955 1256 4067 expellendus,
1298 3955 1367 4038 sed
1404 3953 1447 4036 in
1484 3978 1686 4036 carcerem

276 4085 502 4170 mittendus
530 4092 604 4172 εει.
663 4085 766 4174 item
798 4089 967 4198 quintus
995 4094 1058 4172 εει
1086 4087 1236 4187 frater,
1278 4086 1374 4170 (lum
1407 4081 1568 4193 publice
1596 4109 1685 4166 cor-

276 4215 443 4325 cipitur,
474 4215 557 4304 aire
594 4220 691 4330 quia
727 4218 769 4303 in
806 4221 944 4334 aliquo
982 4218 1113 4330 gradu
1153 4223 1235 4320 εει,
1264 4218 1349 4303 sire
1391 4215 1486 4327 turia
1522 4216 1684 4325 publice
1716 4263 1740 4296 v.

277 4349 481 4455 peccarit,
511 4349 634 4452 dicit,
663 4381 706 4436 εε
743 4352 854 4436 nolle
893 4351 1095 4458 suscipere
1135 4349 1411 4459 disciplinam,
1440 4347 1510 4431 aed
1545 4352 1682 4431 tarueu

275 4481 534 4586 postmodum
568 4481 702 4592 jactat
734 4509 777 4566 εε
805 4481 847 4565 iu
885 4491 1035 4567 terram
1066 4479 1282 4590 poenitens
1310 4478 1471 4582 diacus,
1501 4506 1543 4561 aa
1578 4477 1684 4562 uelle

274 4609 498 4720 suscipere:
540 4611 617 4698 iste
646 4639 729 4699 uon
759 4618 822 4698 εει
849 4612 1124 4725 expellendus.
1180 4609 1272 4696 Hoc
1300 4610 1424 4696 etiam
1453 4609 1683 4694 notandum
1813 4669 1814 4672 κ

274 4749 346 4842 εει,
378 4741 473 4852 quin
494 4743 564 4828 ille
585 4751 681 4856 post
707 4747 904 4833 secretam
933 4741 1255 4830 admonitionem
1284 4746 1327 4829 ει
1354 4742 1562 4854 publicam
1592 4737 1682 4826 cor·

273 4874 499 4984 reptionem
526 4875 665 4979 ,debet
704 4875 1053 4970 excommunicari„
1085 4880 1128 4960 et
1156 4877 1192 4960 ai
1225 4875 1269 4959 iu
1298 4873 1377 4959 hac
1405 4873 1684 4960 excommuni·
1733 4889 1734 4895 ‘
1794 4915 1797 4922 ·

257 4993 436 5090 'catione
473 5014 696 5094 contumax
731 5009 876 5118 suerit,
903 5008 930 5095 i.
960 5036 994 5094 c.
1030 5005 1063 5094 si
1093 5005 1312 5093 dixeritne
1340 5004 1681 5117 nolleonacipere
1715 5063 1718 5068 -

272 5135 756 5248 excommunicationem,
785 5147 827 5227 ct
855 5139 1113 5253 postmodum
1144 5135 1309 5253 petierit
1346 5168 1395 5240 ex
1428 5139 1680 5251 hocpctens
