3994 5770
221 207 360 328 182·
464 269 471 287 ·
565 187 567 192 Ι
788 213 1014 328 ¹(lep-lv.

58 537 67 550 .,
212 459 366 570 judicii
398 461 693 572 reconsiprruto,
721 459 798 546 illo
811 484 965 546 mercer
985 459 1103 546 crudis
1123 485 1152 544 o
1168 455 1347 546 Domino
1367 483 1644 574 morspecen-

222 591 345 695 ditur,
373 619 496 700 quom
523 593 613 700 ipse
637 593 848 703 promisit,
875 591 981 699 qood
1006 589 1145 676 omine
1169 616 1251 676 uon
1278 591 1402 695 uidit,
1427 593 1513 677 nec
1526 591 1645 676 oeric
1762 661 1766 672 .

223 723 396 827 audiuit,
423 745 498 811 uec
521 726 568 810 iu
596 749 666 810 cor
691 723 869 810 luminis
895 722 1089 824 oscecdd,
1115 749 1221 830 quoe
1240 721 1509 830 prosperavit
1527 720 1645 839 Deus

223 855 302 952 dis.
329 856 400 960 qui
425 855 603 964 dilipurrt
629 853 759 940 illum.
816 851 905 938 Nos
932 853 1057 954 enim,
1084 881 1178 938 cum
1207 855 1342 966 digito
1370 858 1646 940 monstremus

50 1061 61 1082 ,
221 986 399 1095 aliquid,
439 1011 527 1072 cccc
552 985 739 1070 dicimus.
795 984 918 1070 Nunc
947 1011 1045 1068 vero
1083 985 1334 1099 enumeratis
1361 984 1647 1069 instrumentis

222 1118 323 1202 artis
363 1118 560 1228 spiritalis
588 1116 637 1206 B.
678 1115 928 1202 Benedictus
963 1141 1050 1201 ecce
1087 1116 1207 1210 dixit.
1262 1115 1370 1204 Ecce
1405 1115 1643 1202 adverbium

226 1245 550 1333 demonstrantis
577 1255 653 1334 est.
711 1248 840 1348 lstud,
880 1247 991 1357 quod
1019 1247 1141 1334 dicit:
1166 1248 1250 1332 dic
1276 1255 1481 1358 erodente,
1508 1252 1647 1358 potest

225 1380 386 1482 duobus
413 1380 547 1467 modis
563 1379 760 1491 intelligi,
786 1379 872 1466 sive
893 1379 993 1490 quin
1010 1381 1213 1490 quaedem
1230 1381 1508 1466 instrumente
1525 1379 1646 1480 dixit,

225 1541 331 1622 quoe
359 1514 542 1600 attinent
559 1501 561 1504 ⁵
581 1511 670 1595 fieri
698 1513 742 1592 in
771 1515 895 1596 nocte
934 1512 1087 1622 megin,
1128 1517 1173 1596 ct
1214 1513 1414 1620 quaedem
1442 1511 1576 1622 mugis
1603 1511 1645 1594 in

226 1644 305 1746 die,
334 1651 377 1728 et
403 1642 604 1753 quoednm
634 1646 746 1743 eunt,
775 1642 946 1752 quaein
972 1648 1094 1728 nocte
1120 1647 1166 1728 et
1192 1643 1235 1726 in
1258 1641 1326 1728 die
1341 1647 1517 1754 possunt
1534 1642 1647 1739 tieriz

225 1777 311 1861 sire
338 1775 469 1859 altero
497 1773 633 1890 modo,
662 1774 773 1882 quod
803 1773 949 1858 melius
968 1780 1032 1859 est
1058 1776 1103 1858 et
1129 1773 1262 1886 megin
1289 1775 1425 1884 ipsum
1454 1772 1647 1858 debemus

226 1906 473 2016 intelligere,
501 1906 569 1992 dic
595 1911 787 2012 crudusque
812 1907 953 2018 posuit
984 1934 1061 2015 pro
1088 1932 1258 2012 sorrper,
1287 1907 1367 1992 lroc
1396 1911 1460 1990 est
1478 1905 1646 2014 jupiter,

227 2040 449 2126 secundum
479 2039 597 2123 illum
625 2066 807 2154 sensuro:
836 2036 966 2134 Elin
991 2037 1076 2146 lcyc
1101 2040 1188 2144 ejece
1216 2038 1476 2124 uredituditur
1502 2037 1571 2121 die
1597 2063 1648 2122 oc
1768 2115 1773 2130 ,

192 2269 198 2280 ‚
227 2179 348 2256 crode.
405 2171 524 2257 Sicut
550 2177 688 2258 eutem
717 2172 788 2279 qui
816 2171 869 2255 od
888 2169 1072 2279 petriam·
1084 2169 1232 2272 tendit,
1262 2171 1393 2255 donec
1424 2170 1649 2278 perveniet,

228 2329 388 2410 semper
414 2301 554 2402 hebet,
593 2330 677 2414 quo
704 2301 902 2400 ambulet,
929 2299 988 2383 sic
1014 2301 1139 2384 etium
1169 2328 1259 2403 uos,
1286 2299 1483 2411 quamdiu
1510 2328 1650 2384 sumus

202 2414 272 2516 'in
301 2432 380 2518 lroc
407 2432 572 2516 mortali
600 2460 772 2541 corpore
799 2430 1029 2532 constituti,
1058 2415 1371 2540 peregrinemur
1397 2461 1423 2514 n
1447 2429 1647 2528 Dominoc

152 2627 156 2636 .
228 2590 422 2674 praesens
449 2563 536 2645 vite
565 2561 684 2647 nobis
712 2569 776 2646 est
803 2562 888 2660 rin,
929 2561 974 2643 in
1011 2589 1094 2671 qun
1132 2590 1294 2670 semper
1322 2562 1539 2660 hebemus,
1577 2562 1651 2645 ubi

229 2719 445 2803 possumus
473 2693 684 2802 prolicere,
712 2691 844 2776 donec
861 2688 951 2774 Deo
970 2690 1218 2798 perducente
1240 2691 1293 2774 od
1313 2691 1424 2774 illem
1444 2692 1652 2776 veleamus

158 2831 165 2854 ¹
230 2827 439 2908 oeternum
469 2823 645 2932 patrium
680 2821 908 2932 pervenire.
964 2819 1371 2924 Recompcrrsotr'tur,
1412 2824 1438 2908 i.
1466 2851 1502 2910 e.
1532 2823 1654 2906 retri-

119 2949 149 3040 .'
232 2953 402 3051 bretun
443 2951 764 3061 recompendeus
801 2951 910 3036 enirn
940 2950 1094 3034 dicitur
1119 2977 1392 3060 compensans
1406 2954 1506 3062 ⁸sire
1533 2953 1653 3038 retri-

67 3068 90 3132 J
142 3061 148 3096 ³
229 3081 372 3182 bueus,
400 3081 427 3166 i.
456 3110 491 3166 e.
522 3110 831 3194 recompensare
858 3081 924 3165 vel
952 3081 1191 3170 retribuere.

94 3303 100 3314 ,
258 3309 262 3316 ,
342 3215 561 3324 Sequitur:
593 3214 770 3318 Officium
797 3238 902 3314 cero,
931 3213 999 3295 uti
1025 3211 1123 3294 doec
1151 3215 1289 3296 orrrrrio
1316 3213 1531 3324 dilipceter
1558 3239 1652 3317 ope·

232 3371 382 3446 remur,
411 3346 591 3429 claustro
618 3350 713 3428 secret
733 3345 970 3428 ocurrasterii
988 3349 1027 3426 ec
1052 3340 1317 3428 stabilitatis
1339 3349 1676 3454 οοηθνεφιιὶἰωιο.Ι

73 3466 80 3479 ’
233 3475 413 3578 Officirro
433 3504 532 3560 vero
561 3477 749 3560 neutrius
776 3475 939 3586 generis
967 3481 1031 3559 est
1057 3478 1102 3558 et
1119 3476 1278 3559 numeri
1299 3475 1470 3586 pluralis
1493 3481 1536 3560 et
1557 3503 1656 3558 con·
1740 3555 1744 3562 .

69 3593 72 3600 ⁵
127 3587 132 3598 ’
212 3599 406 3690 'struitur
433 3608 511 3691 ite:
552 3607 661 3692 Sunt
688 3635 784 3691 seru
813 3606 1002 3705 officina,
1033 3604 1123 3705 ubi,
1165 3604 1194 3692 i.
1222 3633 1257 3689 e.
1294 3605 1518 3716 inquibus
1553 3604 1654 3690 heec
1706 3625 1723 3662 ·’

230 3737 392 3832 omnio,
438 3785 487 3800 -
529 3739 856 3823 subaudiendum
897 3743 979 3820 eet:
1022 3736 1299 3822 instrumento
1334 3785 1386 3802 -
1423 3764 1655 3846 operemur,
1736 3823 1739 3829 ,
1853 3746 1858 3751 “

230 3869 258 3954 i.
287 3896 321 3954 e.
356 3869 554 3953 faciemus
592 3867 817 3976 diligenter
856 3873 900 3950 et
939 3866 1140 3966 studiose,
1181 3868 1298 3977 quoni
1339 3853 1655 3976 interrogasses:

235 4027 340 4108 quae
367 3997 557 4082 sentilla
575 3996 771 4082 officina?
810 3997 852 4084 S.
872 4025 971 4082 vero
988 3995 1237 4081 Benedictus
1260 3997 1378 4107 quusi
1399 3999 1658 4108 respondisse

230 4131 413 4230 videtur,
453 4155 547 4214 cum
576 4127 699 4214 dicit:
741 4129 919 4212 claustro
947 4127 1211 4226 monosterii,
1250 4127 1293 4210 in
1322 4126 1514 4236 quibun¹)
1554 4125 1657 4210 lmec

231 4259 521 4360 instrumento,
545 4253 650 4367 quoe
667 4259 858 4360 diximus,
878 4258 1041 4368 ugerrde
1063 4262 1175 4340 sunt
1231 4257 1339 4342 Sunt
1357 4256 1469 4341 enim
1488 4254 1656 4338 oiliciun

232 4392 398 4495 domus,
440 4392 484 4475 in
526 4390 674 4501 quibos
712 4391 894 4472 diversae
927 4393 1037 4472 ortes
1067 4395 1312 4499 operantur,
1349 4389 1377 4474 i.
1408 4417 1446 4474 c.
1475 4386 1546 4472 ubi
1578 4384 1655 4470 elii

231 4527 443 4610 consuunt
466 4523 725 4620 vestimento.
754 4509 825 4605 ulii
842 4520 1122 4620 celciomente,
1146 4519 1217 4603 elii
1235 4519 1442 4606 fabricent
1459 4519 1649 4629 spatham

322 4777 334 4818 ι
376 4766 386 4782 .

18 4903 22 4910 ·
170 4954 176 4966 ,
322 4773 413 4948 guid
433 4763 662 4946 dilligere:
684 4872 900 4945 vccabulum
922 4874 1081 4944 claustro
1112 4871 1253 4974 generis
1276 4849 1438 4941 feminini
1460 4874 1499 4942 et
1520 4867 1657 4940 numeri

235 4987 429 5078 singularis
451 5009 529 5058 esee
550 4985 649 5070 velit,
673 4985 824 5057 fortusse
846 4983 987 5056 noterio
1007 4986 1064 5054 est
1085 4980 1348 5072 imputandum,
1371 4980 1467 5072 quod
1489 4978 1658 5052 hocloco

129 5153 131 5158 ·
222 5099 393 5172 =clarcstro
425 5098 532 5172 ruodo
563 5117 690 5168 nomen
713 5117 809 5166 num.
839 5091 931 5182 sing.
959 5090 1097 5184 primes
1125 5090 1396 5176 declinationis,
1428 5087 1536 5161 modu
1562 5111 1659 5162 uum.

110 5311 115 5322 Ι
235 5209 331 5302 plur.
355 5210 531 5282 sccunduc
553 5204 805 5281 declinationis
826 5205 1014 5296 accipitur.
