3974 5778
299 229 382 372 336
590 263 594 272 ’
905 285 993 380 dap.
1014 283 1133 362 ΗΠ.

300 503 457 607 lentoa3
484 531 625 629 aarum
655 534 739 594 non
768 506 922 596 debent
948 513 1121 622 tangere
1146 509 1332 614 immam,
1357 507 1431 596 aad
1457 488 1717 600 solummodo
1764 627 1767 632 Ι
1880 515 1904 674 ἑ

300 661 420 722 uena
438 635 535 724 lecti
555 645 631 724 aut
645 639 804 752 aliquid
821 640 1116 750 hujuscemodi,
1144 648 1194 728 ut
1211 642 1426 732 excitetur.
1482 641 1589 742 Quis
1606 645 1714 730 euim
1886 679 1903 754 ‘i

301 767 354 854 cle
374 767 603 880 pollutione
629 770 836 858 abluenda
864 798 976 858 nnuc
1002 771 1193 876 diximus,
1221 799 1386 858 necesse
1413 776 1491 874 cst,
1518 777 1567 856 ut
1591 776 1715 861 etiam
1890 755 1904 870 i

287 899 482 988 'dicamus
510 899 562 988 de
589 902 867 1014 poenitentia,
895 929 1002 1012 quae
1028 901 1285 1014 poenitentia
1308 901 1536 990 massaria
1560 901 1618 986 sit
1642 902 1716 1008 illi,

288 1033 367 1120 cui
385 1031 475 1146 ipsu
493 1031 669 1146 pollutio
689 1033 734 1120 iu
753 1039 877 1120 noete
895 1033 1137 1146 contigerit3
1163 1031 1243 1121 hoc
1257 1037 1334 1140 est,
1354 1033 1437 1120 alia
1452 1042 1517 1120 est
1529 1031 1716 1146 pollutio,

301 1193 407 1279 quae
428 1163 604 1277 ,absque
641 1163 875 1274 crassitate,
914 1167 941 1253 i.
970 1193 1009 1258 e.
1048 1165 1139 1253 siue
1165 1171 1279 1254 mutu
1315 1169 1360 1254 et
1386 1163 1476 1252 visu
1503 1169 1579 1252 ant
1604 1166 1718 1280 cogi·

300 1283 562 1398 tutiouoaut
587 1297 676 1383 sina
715 1297 884 1407 crapula
911 1297 954 1382 in
992 1297 1217 1409 praeterito
1255 1299 1323 1387 die
1353 1298 1600 1412 contigerit:
1641 1299 1718 1385 ista
1784 1309 1788 1318 '

301 1431 398 1516 talis
424 1449 501 1542 pro
530 1429 608 1516 hac
636 1430 867 1540 pollutione
894 1430 1078 1542 quinque
1103 1433 1283 1542 psalmos
1311 1459 1459 1518 cauere
1487 1430 1636 1532 debet;
1676 1439 1718 1516 et

44 1667 47 1676 Ι
169 1635 177 1654 .
302 1563 404 1648 liaeo
432 1563 565 1649 oratio
593 1561 775 1675 quinque
804 1563 1053 1674 psalmomm
1089 1563 1376 1649 holocaustum
1416 1563 1586 1666 dicitur,
1622 1565 1719 1674 quis

154 1717 158 1724 ’
302 1724 408 1808 pene
447 1696 535 1782 sine
573 1697 839 1800 necessitate,
879 1696 959 1781 hoc
997 1701 1061 1780 est
1094 1697 1182 1781 siue
1221 1697 1344 1808 culpo
1382 1697 1444 1786 fit.
1500 1697 1599 1782 Ideo
1634 1697 1717 1781 dixi

299 1855 416 1936 poam,
444 1829 543 1940 quia
569 1827 674 1913 adeo
692 1833 756 1914 est
772 1828 876 1913 illud
904 1833 1118 1937 peecatum
1137 1828 1302 1930 subtile,
1332 1829 1426 1913 ideo
1445 1828 1607 1912 videtur
1634 1855 1718 1911 uon

302 1959 540 2047 omnimodo
557 1961 645 2045 sine
666 1962 909 2046 necessitate
927 1986 1031 2047 esse.
1088 1957 1248 2046 Deinde
1262 1960 1344 2045 alia
1365 1966 1430 2046 est
1447 1960 1518 2044 illa
1530 1958 1717 2070 pollutio,

302 2119 531 2203 quaecum
558 2093 770 2178 crassitate
807 2095 965 2195 somni,
1006 2093 1036 2181 i.
1063 2119 1100 2180 e.
1128 2118 1234 2201 quae
1273 2121 1348 2203 per
1373 2092 1717 2204 perpetrationem

302 2225 436 2308 somni
475 2226 536 2314 fit.
593 2223 650 2308 Iu
686 2227 805 2329 ideo,
843 2227 908 2310 eui
949 2226 1051 2312 haec
1091 2225 1232 2311 taliter
1270 2224 1446 2334 pollutio
1484 2223 1720 2332 contigerit,

303 2355 443 2438 decem
482 2356 664 2464 psalmos
690 2363 856 2441 cantare
884 2357 1020 2445 debet.
1075 2355 1117 2442 si
1147 2383 1242 2441 vero
1269 2355 1362 2464 ipsu
1391 2353 1566 2463 pollutio
1595 2353 1644 2435 fic
1670 2380 1719 2435 ex

303 2485 484 2595 crapula¹
498 2491 542 2570 et
569 2513 618 2570 ex
647 2479 913 2598 cogitatione,
941 2485 1067 2571 debet
1093 2486 1328 2596 quindecim
1355 2486 1536 2595 psalmos
1562 2510 1718 2600 canere,

303 2615 401 2724 qnia
428 2613 499 2700 illa
525 2616 721 2726 pollutio,
760 2646 836 2727 pro
864 2645 947 2728 qun
974 2618 1136 2721 decern,
1175 2622 1219 2702 et
1246 2617 1346 2720 istu,
1388 2643 1464 2726 pro
1492 2643 1576 2725 qna
1602 2614 1720 2724 quiu-

303 2746 436 2834 decim
453 2748 642 2858 ,psalmos
670 2777 817 2836 enuere
844 2749 1041 2852 diximus,
1076 2751 1166 2860 jam
1202 2748 1450 2835 sacrificium
1489 2751 1576 2849 est,
1613 2745 1656 2834 lu.
1684 2773 1720 2836 e.

280 2879 401 2991 -quia
427 2907 478 2966 ex
506 2881 750 2968 necessitate
778 2883 840 2966 fit.
898 2871 1191 2970 Verumtamen
1235 2879 1531 2967 consideranda
1559 2883 1624 2963 est
1650 2877 1720 2962 illa

190 3029 199 3048 ·
304 3012 484 3123 crapula,
523 3012 550 3101 i.
578 3041 613 3102 e.
642 3014 900 3123 superfluitas
927 3015 1010 3100 cibi
1039 3014 1104 3098 vel
1131 3021 1280 3126 potus,
1319 3018 1458 3097 utrum
1488 3038 1640 3123 magna
1666 3039 1719 3094 au

25 3128 32 3142 ¹
194 3171 196 3180 ·
302 3171 430 3256 parva
466 3143 622 3231 luisset.
676 3142 875 3230 Similiter
910 3149 1034 3232 etiam
1076 3145 1277 3257 cogitatio
1317 3143 1389 3228 illa
1429 3141 1721 3258 perpendenda

234 3387 239 3400 ι
303 3281 378 3378 est,
406 3275 440 3360 si
468 3275 697 3388 longinqua
725 3282 790 3361 est
815 3278 946 3382 valde,
970 3305 1047 3389 pro
1074 3305 1157 3389 qua
1177 3277 1304 3364 etiam
1323 3295 1453 3361 ‘uuum
1482 3274 1720 3386 psalterium
1896 3333 1909 3388 ξ

205 3509 209 3518 ,
303 3409 534 3494 canendum
572 3413 649 3494 est.
691 3453 743 3476 -·
785 3409 981 3522 Superius
1015 3405 1125 3498 enim
1166 3409 1365 3512 diximus,
1408 3410 1506 3520 quia
1545 3408 1722 3493 seniores
1895 3420 1910 3526 ξ

212 3645 218 3658 ,
288 3527 459 3650 'vigiliis
485 3565 646 3649 semper
672 3540 862 3627 insistere
889 3543 1056 3631 dehent.
1113 3541 1240 3629 Forte
1277 3544 1379 3628 dicit
1416 3541 1586 3650 aliquis:
1626 3539 1723 3650 quin

64 3739 74 3758 .
211 3762 217 3777 ,
306 3671 479 3783 uigilare
507 3673 550 3756 iu
579 3677 700 3758 nocte
728 3673 840 3777 uolo,
869 3675 948 3762 nisi
972 3673 1030 3760 'ad
1058 3675 1162 3761 illud
1191 3681 1368 3788 tempus,
1397 3675 1451 3759 ad
1479 3673 1590 3784 qnod
1621 3669 1721 3755 milri

259 3905 269 3920 ·
302 3803 489 3914 superius
516 3803 604 3922 ipse
632 3811 751 3913 puter
777 3807 977 3919 praecipit
1005 3807 1202 3920 vigilare,
1230 3810 1338 3894 sicut
1364 3807 1407 3892 in
1437 3813 1586 3892 octavo
1614 3804 1725 3914 capi·
1891 3819 1909 3866 f

84 3955 87 3964 ·
129 4016 144 4058 ·
241 4045 245 4056 ἢ
302 3936 393 4020 tulo
435 3935 547 4020 dicit
621 3937 698 4020 Cui
738 3939 1067 4046 respondendnm
1111 3944 1199 4026 est:
1243 3939 1474 4050 Utrumque
1514 3937 1721 4047 praecepit
1891 3929 1904 4034 ἶ

115 4061 118 4068 ’
192 4169 199 4186 ·
302 4067 344 4154 S.
374 4065 641 4152 Benedictus:
674 4069 859 4178 superius
887 4061 1011 4174 euim,
1040 4069 1139 4182 quia
1168 4070 1415 4181 generalitor
1443 4066 1721 4186 praecipiebat
1892 4067 1901 4133 i

122 4276 125 4284 .
304 4195 494 4284 omuibus
514 4197 699 4310 vigilare,
726 4198 819 4284 ideo
847 4201 961 4305 dicit,
987 4203 1210 4289 secuudum
1229 4201 1342 4314 quod
1371 4200 1414 4286 iu
1444 4207 1591 4286 octauo
1617 4195 1739 4308 capi,

302 4332 393 4416 tulo
420 4330 641 4442 disposuit3
680 4359 792 4416 nuno
819 4335 980 4437 antem,
1021 4333 1118 4446 quia
1146 4362 1233 4418 nou
1261 4329 1509 4444 generaliter
1536 4331 1724 4430 omuibus

302 4464 517 4575 praecipit,
547 4489 622 4568 nec
641 4464 766 4548 etiarn
787 4465 1090 4577 qualicumque,
1119 4465 1189 4550 sed
1211 4463 1454 4568 senioribus,
1482 4463 1577 4550 ideo
1601 4463 1742 4548 modo.

302 4594 535 4708 specialiter
562 4593 685 4699 dicit,
726 4597 958 4682 exerceris
998 4596 1229 4682 senioribus
1259 4597 1444 4708 vigilias,
1484 4595 1596 4707 quod
1623 4601 1724 4679 tuuc
1841 4633 1842 4636 Ν

302 4727 508 4840 praecipit
545 4727 758 4834 omuibus,
797 4730 896 4838 quia
927 4729 1057 4815 aliter
1095 4738 1179 4833 ost,
1218 4729 1436 4840 disponere
1476 4726 1725 4840 generaliter
1904 4812 1908 4822 ,

303 4861 509 4964 omuibus,
538 4867 581 4946 et
606 4861 747 4966 aliter,
784 4861 1017 4970 specialiter
1044 4862 1302 4972 quibusdam.
1359 4861 1470 4947 Nam
1497 4862 1606 4948 siunt
1631 4887 1724 4970 spe-
1903 4883 1913 4987 ξ

302 4996 462 5084 cialiter
487 4981 690 5100 definivit,
717 4995 859 5106 quales
887 4993 1068 5081 debeant
1093 5021 1180 5080 esse
1211 4995 1355 5082 decani
1377 5001 1453 5080 aut
1480 4993 1726 5094 cellerarius,

197 5144 199 5150 '
301 5131 363 5218 ita
390 5130 515 5216 etiam
542 5136 643 5215 tuno
669 5127 902 5240 specialiter
929 5127 1129 5232 definivit,
1158 5129 1338 5240 qualiter
1353 5127 1534 5216 seniores
1561 5111 1723 5240 vigilias
1907 5134 1913 5231 ξ

304 5289 491 5350 exercere
527 5259 723 5346 studeant
755 5263 798 5345 in
838 5269 961 5348 nocte
999 5263 1051 5347 de
1092 5263 1183 5367 his,
1230 5289 1325 5348 cuna
1366 5261 1516 5372 quibus
1554 5285 1725 5370 pausare
1906 5255 1913 5361 ξ
