<?xml version="1.0" encoding="UTF-8"?>
<!DOCTYPE html PUBLIC "-//W3C//DTD XHTML 1.0 Transitional//EN"
    "http://www.w3.org/TR/xhtml1/DTD/xhtml1-transitional.dtd">
<html xmlns="http://www.w3.org/1999/xhtml" xml:lang="en" lang="en">
 <head>
  <title>
</title>
<meta http-equiv="Content-Type" content="text/html;charset=utf-8" />
  <meta name='ocr-system' content='tesseract 3.04.00' />
  <meta name='ocr-capabilities' content='ocr_page ocr_carea ocr_par ocr_line ocrx_word'/>
</head>
<body>
  <div class='ocr_page' id='page_1' title='image "./vitaetregulassp01benegoog_0068.png"; bbox 0 0 3934 5762; ppageno 0'>
   <div class='ocr_carea' id='block_1_1' title="bbox 877 249 1670 400">
    <p class='ocr_par' dir='ltr' id='par_1_1' title="bbox 877 249 1670 400">
     <span class='ocr_line' id='line_1_1' title="bbox 877 249 1670 400; baseline 0.004 -22"><span class='ocrx_word' id='word_1_1' title='bbox 877 249 1060 400; x_wconf 79' lang='lat' dir='ltr'><strong>Prologus.</strong></span> <span class='ocrx_word' id='word_1_2' title='bbox 1616 313 1670 397; x_wconf 85' lang='grc'><strong>39</strong></span> 
     </span>
    </p>
   </div>
   <div class='ocr_carea' id='block_1_2' title="bbox 255 525 1682 1546">
    <p class='ocr_par' dir='ltr' id='par_1_2' title="bbox 255 525 1682 1546">
     <span class='ocr_line' id='line_1_2' title="bbox 263 525 1672 645; baseline -0.001 -31"><span class='ocrx_word' id='word_1_3' title='bbox 263 531 322 616; x_wconf 88' lang='lat' dir='ltr'><strong>rel</strong></span> <span class='ocrx_word' id='word_1_4' title='bbox 352 533 512 613; x_wconf 84' lang='lat' dir='ltr'><strong>coetero</strong></span> <span class='ocrx_word' id='word_1_5' title='bbox 539 528 721 613; x_wconf 83' lang='lat' dir='ltr'><strong>membro</strong></span> <span class='ocrx_word' id='word_1_6' title='bbox 749 527 912 628; x_wconf 86' lang='lat' dir='ltr'><strong>habere,</strong></span> <span class='ocrx_word' id='word_1_7' title='bbox 945 527 1033 612; x_wconf 90' lang='lat' dir='ltr'><strong>Deo</strong></span> <span class='ocrx_word' id='word_1_8' title='bbox 1061 529 1199 610; x_wconf 85' lang='lat' dir='ltr'><strong>nutem</strong></span> <span class='ocrx_word' id='word_1_9' title='bbox 1229 525 1312 613; x_wconf 85' lang='lat' dir='ltr'><strong>nou</strong></span> <span class='ocrx_word' id='word_1_10' title='bbox 1352 529 1562 645; x_wconf 79' lang='lat' dir='ltr'><strong>proprium</strong></span> <span class='ocrx_word' id='word_1_11' title='bbox 1592 535 1672 626; x_wconf 83' lang='lat' dir='ltr'><strong>est;</strong></span> 
     </span>
     <span class='ocr_line' id='line_1_3' title="bbox 265 653 1670 767; baseline -0.004 -21"><span class='ocrx_word' id='word_1_12' title='bbox 265 664 368 746; x_wconf 85' lang='lat' dir='ltr'><strong>llens</strong></span> <span class='ocrx_word' id='word_1_13' title='bbox 396 661 504 743; x_wconf 89' lang='lat' dir='ltr'><strong>enirn</strong></span> <span class='ocrx_word' id='word_1_14' title='bbox 543 689 625 743; x_wconf 90' lang='lat' dir='ltr'><strong>nou</strong></span> <span class='ocrx_word' id='word_1_15' title='bbox 662 659 823 757; x_wconf 86' lang='lat' dir='ltr'><strong>loculis,</strong></span> <span class='ocrx_word' id='word_1_16' title='bbox 866 659 936 742; x_wconf 88' lang='lat' dir='ltr'><strong>sed</strong></span> <span class='ocrx_word' id='word_1_17' title='bbox 975 657 1125 767; x_wconf 88' lang='lat' dir='ltr'><strong>ubique</strong></span> <span class='ocrx_word' id='word_1_18' title='bbox 1164 661 1246 754; x_wconf 85' lang='lat' dir='ltr'><strong>est;</strong></span> <span class='ocrx_word' id='word_1_19' title='bbox 1288 657 1355 740; x_wconf 90' lang='lat' dir='ltr'><strong>ille</strong></span> <span class='ocrx_word' id='word_1_20' title='bbox 1391 653 1504 742; x_wconf 76' lang='lat' dir='ltr'><strong>&#39;euim</strong></span> <span class='ocrx_word' id='word_1_21' title='bbox 1534 659 1670 741; x_wconf 90' lang='lat' dir='ltr'><strong>omnin</strong></span> 
     </span>
     <span class='ocr_line' id='line_1_4' title="bbox 262 787 1669 897; baseline -0.003 -21"><span class='ocrx_word' id='word_1_22' title='bbox 262 795 389 891; x_wconf 89' lang='lat' dir='ltr'><strong>videt,</strong></span> <span class='ocrx_word' id='word_1_23' title='bbox 431 789 570 874; x_wconf 81' lang='lat' dir='ltr'><strong>onmia</strong></span> <span class='ocrx_word' id='word_1_24' title='bbox 599 787 726 874; x_wconf 74' lang='lat' dir='ltr'><strong>eredit.</strong></span> <span class='ocrx_word' id='word_1_25' title='bbox 784 787 865 872; x_wconf 85' lang='lat' dir='ltr'><strong>Sed</strong></span> <span class='ocrx_word' id='word_1_26' title='bbox 895 789 1100 897; x_wconf 85' lang='lat' dir='ltr'><strong>scripturn</strong></span> <span class='ocrx_word' id='word_1_27' title='bbox 1129 787 1267 870; x_wconf 83' lang='lat' dir='ltr'><strong>divino</strong></span> <span class='ocrx_word' id='word_1_28' title='bbox 1308 789 1669 872; x_wconf 86' lang='lat' dir='ltr'><strong>comleseemlendo</strong></span> 
     </span>
     <span class='ocr_line' id='line_1_5' title="bbox 260 915 1668 1006; baseline -0.003 0"><span class='ocrx_word' id='word_1_29' title='bbox 260 921 466 1006; x_wconf 86' lang='lat' dir='ltr'><strong>nobiseum</strong></span> <span class='ocrx_word' id='word_1_30' title='bbox 511 921 638 1003; x_wconf 88' lang='lat' dir='ltr'><strong>Deum</strong></span> <span class='ocrx_word' id='word_1_31' title='bbox 680 919 781 1003; x_wconf 87' lang='lat' dir='ltr'><strong>dicit</strong></span> <span class='ocrx_word' id='word_1_32' title='bbox 822 917 960 1002; x_wconf 86' lang='lat' dir='ltr'><strong>oeulos</strong></span> <span class='ocrx_word' id='word_1_33' title='bbox 1002 917 1065 999; x_wconf 91' lang='lat' dir='ltr'><strong>vel</strong></span> <span class='ocrx_word' id='word_1_34' title='bbox 1107 945 1224 1001; x_wconf 89' lang='lat' dir='ltr'><strong>unres</strong></span> <span class='ocrx_word' id='word_1_35' title='bbox 1265 915 1427 1004; x_wconf 86' lang='lat' dir='ltr'><strong>lrnbere.</strong></span> <span class='ocrx_word' id='word_1_36' title='bbox 1500 916 1552 1001; x_wconf 79' lang='lat' dir='ltr'><strong>llt</strong></span> <span class='ocrx_word' id='word_1_37' title='bbox 1590 919 1668 1002; x_wconf 89' lang='lat' dir='ltr'><strong>hoe</strong></span> 
     </span>
     <span class='ocr_line' id='line_1_6' title="bbox 259 1045 1668 1158; baseline -0.004 -23"><span class='ocrx_word' id='word_1_38' title='bbox 259 1059 399 1148; x_wconf 87' lang='lat' dir='ltr'><strong>nostro</strong></span> <span class='ocrx_word' id='word_1_39' title='bbox 430 1078 541 1134; x_wconf 66' lang='lat' dir='ltr'><strong>ruore·</strong></span> <span class='ocrx_word' id='word_1_40' title='bbox 571 1049 773 1158; x_wconf 90' lang='lat' dir='ltr'><strong>loquitur,</strong></span> <span class='ocrx_word' id='word_1_41' title='bbox 815 1047 839 1135; x_wconf 93' lang='lat' dir='ltr'><strong>i.</strong></span> <span class='ocrx_word' id='word_1_42' title='bbox 873 1078 905 1132; x_wconf 85' lang='lat' dir='ltr'><strong>e.</strong></span> <span class='ocrx_word' id='word_1_43' title='bbox 937 1047 1033 1158; x_wconf 87' lang='lat' dir='ltr'><strong>quio</strong></span> <span class='ocrx_word' id='word_1_44' title='bbox 1062 1075 1136 1130; x_wconf 87' lang='lat' dir='ltr'><strong>nos</strong></span> <span class='ocrx_word' id='word_1_45' title='bbox 1166 1075 1247 1130; x_wconf 92' lang='lat' dir='ltr'><strong>non</strong></span> <span class='ocrx_word' id='word_1_46' title='bbox 1290 1074 1502 1155; x_wconf 83' lang='lat' dir='ltr'><strong>possumus</strong></span> <span class='ocrx_word' id='word_1_47' title='bbox 1532 1045 1668 1129; x_wconf 85' lang='lat' dir='ltr'><strong>videre</strong></span> 
     </span>
     <span class='ocr_line' id='line_1_7' title="bbox 257 1175 1666 1286; baseline -0.004 -20"><span class='ocrx_word' id='word_1_48' title='bbox 257 1189 297 1266; x_wconf 88' lang='lat' dir='ltr'><strong>et</strong></span> <span class='ocrx_word' id='word_1_49' title='bbox 326 1179 489 1286; x_wconf 71' lang='lat' dir='ltr'><strong>midine,</strong></span> <span class='ocrx_word' id='word_1_50' title='bbox 535 1178 612 1262; x_wconf 90' lang='lat' dir='ltr'><strong>nisi</strong></span> <span class='ocrx_word' id='word_1_51' title='bbox 641 1179 768 1262; x_wconf 87' lang='lat' dir='ltr'><strong>oeulis</strong></span> <span class='ocrx_word' id='word_1_52' title='bbox 798 1185 840 1262; x_wconf 85' lang='lat' dir='ltr'><strong>et</strong></span> <span class='ocrx_word' id='word_1_53' title='bbox 867 1179 1054 1276; x_wconf 86' lang='lat' dir='ltr'><strong>nuribus,</strong></span> <span class='ocrx_word' id='word_1_54' title='bbox 1092 1185 1139 1260; x_wconf 90' lang='lat' dir='ltr'><strong>nt</strong></span> <span class='ocrx_word' id='word_1_55' title='bbox 1167 1177 1360 1276; x_wconf 84' lang='lat' dir='ltr'><strong>seinrnns,</strong></span> <span class='ocrx_word' id='word_1_56' title='bbox 1400 1175 1556 1266; x_wconf 32' lang='lat' dir='ltr'><strong>dieitur.</strong></span> <span class='ocrx_word' id='word_1_57' title='bbox 1578 1175 1666 1284; x_wconf 86' lang='lat' dir='ltr'><strong>ipsu</strong></span> 
     </span>
     <span class='ocr_line' id='line_1_8' title="bbox 258 1303 1682 1418; baseline -0.001 -28"><span class='ocrx_word' id='word_1_58' title='bbox 258 1309 358 1392; x_wconf 88' lang='lat' dir='ltr'><strong>visio</strong></span> <span class='ocrx_word' id='word_1_59' title='bbox 387 1307 544 1408; x_wconf 87' lang='lat' dir='ltr'><strong>divinu,</strong></span> <span class='ocrx_word' id='word_1_60' title='bbox 587 1337 669 1418; x_wconf 89' lang='lat' dir='ltr'><strong>qno</strong></span> <span class='ocrx_word' id='word_1_61' title='bbox 698 1313 846 1393; x_wconf 85' lang='lat' dir='ltr'><strong>cuncto</strong></span> <span class='ocrx_word' id='word_1_62' title='bbox 875 1308 1008 1408; x_wconf 87' lang='lat' dir='ltr'><strong>ridet,</strong></span> <span class='ocrx_word' id='word_1_63' title='bbox 1053 1307 1213 1410; x_wconf 89' lang='lat' dir='ltr'><strong>oculus,</strong></span> <span class='ocrx_word' id='word_1_64' title='bbox 1255 1311 1298 1388; x_wconf 90' lang='lat' dir='ltr'><strong>et</strong></span> <span class='ocrx_word' id='word_1_65' title='bbox 1326 1303 1397 1388; x_wconf 89' lang='lat' dir='ltr'><strong>illu</strong></span> <span class='ocrx_word' id='word_1_66' title='bbox 1427 1305 1485 1387; x_wconf 86' lang='lat' dir='ltr'><strong>vis</strong></span> <span class='ocrx_word' id='word_1_67' title='bbox 1515 1305 1682 1404; x_wconf 77' lang='lat' dir='ltr'><strong>diuina,</strong></span> 
     </span>
     <span class='ocr_line' id='line_1_9' title="bbox 255 1437 1664 1546; baseline -0.001 -26"><span class='ocrx_word' id='word_1_68' title='bbox 255 1461 334 1546; x_wconf 82' lang='lat' dir='ltr'><strong>&#39;qun</strong></span> <span class='ocrx_word' id='word_1_69' title='bbox 364 1441 513 1520; x_wconf 85' lang='lat' dir='ltr'><strong>cuncto</strong></span> <span class='ocrx_word' id='word_1_70' title='bbox 535 1437 645 1522; x_wconf 89' lang='lat' dir='ltr'><strong>Deus</strong></span> <span class='ocrx_word' id='word_1_71' title='bbox 674 1440 801 1541; x_wconf 84' lang='lat' dir='ltr'><strong>nndit,</strong></span> <span class='ocrx_word' id='word_1_72' title='bbox 832 1439 981 1522; x_wconf 88' lang='lat' dir='ltr'><strong>dicitnr</strong></span> <span class='ocrx_word' id='word_1_73' title='bbox 1003 1439 1125 1540; x_wconf 89' lang='lat' dir='ltr'><strong>nuris,</strong></span> <span class='ocrx_word' id='word_1_74' title='bbox 1154 1445 1196 1524; x_wconf 93' lang='lat' dir='ltr'><strong>et</strong></span> <span class='ocrx_word' id='word_1_75' title='bbox 1223 1440 1294 1522; x_wconf 88' lang='lat' dir='ltr'><strong>illu</strong></span> <span class='ocrx_word' id='word_1_76' title='bbox 1316 1437 1377 1520; x_wconf 85' lang='lat' dir='ltr'><strong>ris</strong></span> <span class='ocrx_word' id='word_1_77' title='bbox 1406 1438 1555 1538; x_wconf 85' lang='lat' dir='ltr'><strong>divinu,</strong></span> <span class='ocrx_word' id='word_1_78' title='bbox 1584 1464 1664 1546; x_wconf 89' lang='lat' dir='ltr'><strong>qun</strong></span> 
     </span>
    </p>
   </div>
   <div class='ocr_carea' id='block_1_3' title="bbox 34 1551 1663 1677">
    <p class='ocr_par' dir='ltr' id='par_1_3' title="bbox 34 1551 1663 1677">
     <span class='ocr_line' id='line_1_10' title="bbox 34 1551 1663 1677; baseline 0.001 -29"><span class='ocrx_word' id='word_1_79' title='bbox 34 1551 68 1610; x_wconf 30' lang='lat'><strong>³*</strong></span> <span class='ocrx_word' id='word_1_80' title='bbox 141 1613 144 1620; x_wconf 94' lang='lat'>·</span> <span class='ocrx_word' id='word_1_81' title='bbox 254 1573 400 1648; x_wconf 84' lang='lat' dir='ltr'><strong>cuncto</strong></span> <span class='ocrx_word' id='word_1_82' title='bbox 432 1565 538 1650; x_wconf 86' lang='lat' dir='ltr'><strong>Dens</strong></span> <span class='ocrx_word' id='word_1_83' title='bbox 568 1573 775 1677; x_wconf 75' lang='lat' dir='ltr'>operatur,</span> <span class='ocrx_word' id='word_1_84' title='bbox 812 1566 963 1652; x_wconf 85' lang='lat' dir='ltr'><strong>dicitnr</strong></span> <span class='ocrx_word' id='word_1_85' title='bbox 992 1597 1148 1657; x_wconf 86' lang='lat' dir='ltr'><strong>munus.</strong></span> <span class='ocrx_word' id='word_1_86' title='bbox 1207 1567 1295 1652; x_wconf 86' lang='lat' dir='ltr'><strong>Nisi</strong></span> <span class='ocrx_word' id='word_1_87' title='bbox 1324 1565 1434 1653; x_wconf 89' lang='lat' dir='ltr'><strong>enim</strong></span> <span class='ocrx_word' id='word_1_88' title='bbox 1463 1567 1663 1676; x_wconf 86' lang='lat' dir='ltr'><strong>scripturn</strong></span> 
     </span>
    </p>
   </div>
   <div class='ocr_carea' id='block_1_4' title="bbox 253 1696 1664 1802">
    <p class='ocr_par' dir='ltr' id='par_1_4' title="bbox 253 1696 1664 1802">
     <span class='ocr_line' id='line_1_11' title="bbox 253 1696 1664 1802; baseline -0.001 -23"><span class='ocrx_word' id='word_1_89' title='bbox 253 1697 387 1779; x_wconf 86' lang='lat' dir='ltr'><strong>divino</strong></span> <span class='ocrx_word' id='word_1_90' title='bbox 429 1703 567 1781; x_wconf 90' lang='lat' dir='ltr'><strong>nostro</strong></span> <span class='ocrx_word' id='word_1_91' title='bbox 608 1727 739 1800; x_wconf 90' lang='lat' dir='ltr'><strong>more,</strong></span> <span class='ocrx_word' id='word_1_92' title='bbox 780 1699 885 1782; x_wconf 88' lang='lat' dir='ltr'><strong>sient</strong></span> <span class='ocrx_word' id='word_1_93' title='bbox 925 1698 1120 1802; x_wconf 73' lang='lat' dir='ltr'><strong>elisimus,</strong></span> <span class='ocrx_word' id='word_1_94' title='bbox 1168 1701 1389 1784; x_wconf 89' lang='lat' dir='ltr'><strong>Dominum</strong></span> <span class='ocrx_word' id='word_1_95' title='bbox 1428 1696 1563 1780; x_wconf 88' lang='lat' dir='ltr'><strong>videre</strong></span> <span class='ocrx_word' id='word_1_96' title='bbox 1598 1697 1664 1778; x_wconf 88' lang='lat' dir='ltr'><strong>vel</strong></span> 
     </span>
    </p>
   </div>
   <div class='ocr_carea' id='block_1_5' title="bbox 251 1821 1785 1950">
    <p class='ocr_par' dir='ltr' id='par_1_5' title="bbox 251 1821 1785 1950">
     <span class='ocr_line' id='line_1_12' title="bbox 251 1821 1785 1950; baseline -0.001 -40"><span class='ocrx_word' id='word_1_97' title='bbox 251 1828 389 1912; x_wconf 89' lang='lat' dir='ltr'><strong>undire</strong></span> <span class='ocrx_word' id='word_1_98' title='bbox 419 1827 598 1931; x_wconf 82' lang='lat' dir='ltr'><strong>dixisset,</strong></span> <span class='ocrx_word' id='word_1_99' title='bbox 630 1858 885 1940; x_wconf 83' lang='lat' dir='ltr'><strong>nequaqnam</strong></span> <span class='ocrx_word' id='word_1_100' title='bbox 918 1859 990 1914; x_wconf 89' lang='lat' dir='ltr'><strong>nos</strong></span> <span class='ocrx_word' id='word_1_101' title='bbox 1014 1830 1142 1915; x_wconf 85' lang='lat' dir='ltr'><strong>Deum</strong></span> <span class='ocrx_word' id='word_1_102' title='bbox 1173 1831 1309 1915; x_wconf 88' lang='lat' dir='ltr'><strong>videre</strong></span> <span class='ocrx_word' id='word_1_103' title='bbox 1338 1821 1400 1912; x_wconf 85' lang='lat' dir='ltr'><strong>rel</strong></span> <span class='ocrx_word' id='word_1_104' title='bbox 1430 1827 1571 1911; x_wconf 85' lang='lat' dir='ltr'><strong>audire</strong></span> <span class='ocrx_word' id='word_1_105' title='bbox 1599 1825 1660 1909; x_wconf 91' lang='lat' dir='ltr'><strong>in·</strong></span> <span class='ocrx_word' id='word_1_106' title='bbox 1782 1945 1785 1950; x_wconf 19' lang='lat'><strong>⁴</strong></span> 
     </span>
    </p>
   </div>
   <div class='ocr_carea' id='block_1_6' title="bbox 251 1959 557 2044">
    <p class='ocr_par' dir='ltr' id='par_1_6' title="bbox 251 1959 557 2044">
     <span class='ocr_line' id='line_1_13' title="bbox 251 1959 557 2044; baseline 0.013 -4"><span class='ocrx_word' id='word_1_107' title='bbox 251 1959 557 2044; x_wconf 81' lang='lat' dir='ltr'><strong>tellexissemns.</strong></span> 
     </span>
    </p>
   </div>
   <div class='ocr_carea' id='block_1_7' title="bbox 221 2061 1886 2216">
    <p class='ocr_par' dir='ltr' id='par_1_7' title="bbox 221 2061 1886 2216">
     <span class='ocr_line' id='line_1_14' title="bbox 221 2061 1886 2216; baseline -0.001 -43"><span class='ocrx_word' id='word_1_108' title='bbox 221 2169 237 2194; x_wconf 39' lang='grc' dir='ltr'><em>Ι</em></span> <span class='ocrx_word' id='word_1_109' title='bbox 360 2089 440 2174; x_wconf 88' lang='lat' dir='ltr'><strong>Sed</strong></span> <span class='ocrx_word' id='word_1_110' title='bbox 483 2121 591 2177; x_wconf 88' lang='lat' dir='ltr'><strong>nuuc</strong></span> <span class='ocrx_word' id='word_1_111' title='bbox 622 2093 841 2177; x_wconf 85' lang='lat' dir='ltr'><strong>ridendum</strong></span> <span class='ocrx_word' id='word_1_112' title='bbox 882 2099 963 2195; x_wconf 88' lang='lat' dir='ltr'><strong>est,</strong></span> <span class='ocrx_word' id='word_1_113' title='bbox 1005 2061 1217 2204; x_wconf 60' lang='lat' dir='ltr'><strong>quid⁶per</strong></span> <span class='ocrx_word' id='word_1_114' title='bbox 1249 2092 1322 2175; x_wconf 86' lang='lat' dir='ltr'><strong>Dei</strong></span> <span class='ocrx_word' id='word_1_115' title='bbox 1362 2089 1658 2198; x_wconf 77' lang='lat' dir='ltr'><strong>respectionem</strong></span> <span class='ocrx_word' id='word_1_116' title='bbox 1776 2135 1785 2179; x_wconf 70' lang='grc' dir='ltr'><em>ς</em></span> <span class='ocrx_word' id='word_1_117' title='bbox 1881 2205 1886 2216; x_wconf 60' lang='lat'><em>„</em></span> 
     </span>
    </p>
   </div>
   <div class='ocr_carea' id='block_1_8' title="bbox 246 2219 1658 2726">
    <p class='ocr_par' dir='ltr' id='par_1_8' title="bbox 246 2219 1658 2726">
     <span class='ocr_line' id='line_1_15' title="bbox 249 2219 1658 2350; baseline 0.002 -49"><span class='ocrx_word' id='word_1_118' title='bbox 249 2219 559 2330; x_wconf 84' lang='lat' dir='ltr'><strong>intelligendum</strong></span> <span class='ocrx_word' id='word_1_119' title='bbox 589 2224 655 2310; x_wconf 87' lang='lat' dir='ltr'><strong>sit.</strong></span> <span class='ocrx_word' id='word_1_120' title='bbox 714 2225 788 2308; x_wconf 91' lang='lat' dir='ltr'><strong>Dei</strong></span> <span class='ocrx_word' id='word_1_121' title='bbox 818 2226 925 2308; x_wconf 90' lang='lat' dir='ltr'><strong>enim</strong></span> <span class='ocrx_word' id='word_1_122' title='bbox 966 2230 1175 2335; x_wconf 86' lang='lat' dir='ltr'><strong>respectus</strong></span> <span class='ocrx_word' id='word_1_123' title='bbox 1211 2223 1370 2308; x_wconf 87' lang='lat' dir='ltr'><strong>duobus</strong></span> <span class='ocrx_word' id='word_1_124' title='bbox 1400 2223 1528 2350; x_wconf 78' lang='lat' dir='ltr'><strong>modis</strong></span> <span class='ocrx_word' id='word_1_125' title='bbox 1558 2221 1658 2306; x_wconf 90' lang='lat' dir='ltr'><strong>diei·</strong></span> 
     </span>
     <span class='ocr_line' id='line_1_16' title="bbox 248 2352 1654 2464; baseline 0.001 -30"><span class='ocrx_word' id='word_1_126' title='bbox 248 2359 324 2434; x_wconf 86' lang='lat' dir='ltr'><strong>tnr.</strong></span> <span class='ocrx_word' id='word_1_127' title='bbox 381 2352 595 2462; x_wconf 79' lang='lat' dir='ltr'><strong>Scriptura</strong></span> <span class='ocrx_word' id='word_1_128' title='bbox 623 2357 731 2439; x_wconf 90' lang='lat' dir='ltr'><strong>enim</strong></span> <span class='ocrx_word' id='word_1_129' title='bbox 762 2356 900 2439; x_wconf 78' lang='lat' dir='ltr'><strong>divina</strong></span> <span class='ocrx_word' id='word_1_130' title='bbox 928 2363 1000 2440; x_wconf 86' lang='lat' dir='ltr'><strong>unt</strong></span> <span class='ocrx_word' id='word_1_131' title='bbox 1030 2356 1161 2439; x_wconf 86' lang='lat' dir='ltr'><strong>Deum</strong></span> <span class='ocrx_word' id='word_1_132' title='bbox 1191 2356 1303 2456; x_wconf 87' lang='lat' dir='ltr'><strong>dieit,</strong></span> <span class='ocrx_word' id='word_1_133' title='bbox 1332 2355 1517 2464; x_wconf 83' lang='lat' dir='ltr'><strong>quumvis</strong></span> <span class='ocrx_word' id='word_1_134' title='bbox 1547 2383 1654 2456; x_wconf 85' lang='lat' dir='ltr'><strong>raro,</strong></span> 
     </span>
     <span class='ocr_line' id='line_1_17' title="bbox 247 2485 1654 2598; baseline 0.001 -32"><span class='ocrx_word' id='word_1_135' title='bbox 247 2485 441 2594; x_wconf 80' lang='lat' dir='ltr'><strong>respicere</strong></span> <span class='ocrx_word' id='word_1_136' title='bbox 470 2489 620 2588; x_wconf 82' lang='lat' dir='ltr'><strong>malos,</strong></span> <span class='ocrx_word' id='word_1_137' title='bbox 661 2494 733 2570; x_wconf 85' lang='lat' dir='ltr'><strong>ont</strong></span> <span class='ocrx_word' id='word_1_138' title='bbox 761 2494 870 2571; x_wconf 87' lang='lat' dir='ltr'><strong>certe</strong></span> <span class='ocrx_word' id='word_1_139' title='bbox 900 2487 999 2570; x_wconf 87' lang='lat' dir='ltr'><strong>dicit</strong></span> <span class='ocrx_word' id='word_1_140' title='bbox 1029 2489 1227 2598; x_wconf 81' lang='lat' dir='ltr'><strong>respicere</strong></span> <span class='ocrx_word' id='word_1_141' title='bbox 1267 2487 1410 2572; x_wconf 88' lang='lat' dir='ltr'><strong>bonos.</strong></span> <span class='ocrx_word' id='word_1_142' title='bbox 1449 2485 1548 2598; x_wconf 67' lang='lat' dir='ltr'><strong>¹o‘cd</strong></span> <span class='ocrx_word' id='word_1_143' title='bbox 1577 2486 1654 2594; x_wconf 87' lang='lat' dir='ltr'><strong>ipsi</strong></span> 
     </span>
     <span class='ocr_line' id='line_1_18' title="bbox 246 2615 1653 2726; baseline 0.001 -29"><span class='ocrx_word' id='word_1_144' title='bbox 246 2615 340 2698; x_wconf 92' lang='lat' dir='ltr'><strong>boni</strong></span> <span class='ocrx_word' id='word_1_145' title='bbox 364 2645 453 2700; x_wconf 91' lang='lat' dir='ltr'><strong>cum</strong></span> <span class='ocrx_word' id='word_1_146' title='bbox 479 2618 753 2726; x_wconf 87' lang='lat' dir='ltr'><strong>respiciuntur</strong></span> <span class='ocrx_word' id='word_1_147' title='bbox 771 2646 796 2700; x_wconf 84' lang='lat' dir='ltr'>a</span> <span class='ocrx_word' id='word_1_148' title='bbox 817 2619 917 2718; x_wconf 90' lang='lat' dir='ltr'><strong>Deo,</strong></span> <span class='ocrx_word' id='word_1_149' title='bbox 947 2626 1020 2718; x_wconf 87' lang='lat' dir='ltr'><strong>not</strong></span> <span class='ocrx_word' id='word_1_150' title='bbox 1039 2615 1325 2726; x_wconf 89' lang='lat' dir='ltr'><strong>respiciuntur,</strong></span> <span class='ocrx_word' id='word_1_151' title='bbox 1356 2618 1390 2700; x_wconf 95' lang='lat' dir='ltr'><strong>si</strong></span> <span class='ocrx_word' id='word_1_152' title='bbox 1418 2617 1459 2700; x_wconf 91' lang='lat' dir='ltr'><strong>in</strong></span> <span class='ocrx_word' id='word_1_153' title='bbox 1477 2618 1653 2726; x_wconf 83' lang='lat' dir='ltr'><strong>peccetis</strong></span> 
     </span>
    </p>
   </div>
   <div class='ocr_carea' id='block_1_9' title="bbox 59 2749 1766 2859">
    <p class='ocr_par' dir='ltr' id='par_1_9' title="bbox 59 2749 1766 2859">
     <span class='ocr_line' id='line_1_19' title="bbox 59 2749 1766 2859; baseline 0 -35"><span class='ocrx_word' id='word_1_154' title='bbox 59 2769 62 2780; x_wconf 90' lang='lat'><em>·</em></span> <span class='ocrx_word' id='word_1_155' title='bbox 168 2855 170 2858; x_wconf 16' lang='grc' dir='ltr'>Ι</span> <span class='ocrx_word' id='word_1_156' title='bbox 243 2752 351 2846; x_wconf 85' lang='lat' dir='ltr'><strong>sont,</strong></span> <span class='ocrx_word' id='word_1_157' title='bbox 392 2751 438 2830; x_wconf 91' lang='lat' dir='ltr'><strong>nt</strong></span> <span class='ocrx_word' id='word_1_158' title='bbox 467 2749 746 2857; x_wconf 78' lang='lat' dir='ltr'><strong>corrigantur,</strong></span> <span class='ocrx_word' id='word_1_159' title='bbox 787 2756 859 2833; x_wconf 88' lang='lat' dir='ltr'><strong>nut</strong></span> <span class='ocrx_word' id='word_1_160' title='bbox 888 2757 998 2834; x_wconf 85' lang='lat' dir='ltr'><strong>certe</strong></span> <span class='ocrx_word' id='word_1_161' title='bbox 1027 2751 1061 2833; x_wconf 88' lang='lat' dir='ltr'><strong>si</strong></span> <span class='ocrx_word' id='word_1_162' title='bbox 1090 2751 1188 2834; x_wconf 92' lang='lat' dir='ltr'><strong>boni</strong></span> <span class='ocrx_word' id='word_1_163' title='bbox 1217 2753 1333 2850; x_wconf 86' lang='lat' dir='ltr'><strong>sunt,</strong></span> <span class='ocrx_word' id='word_1_164' title='bbox 1363 2757 1410 2832; x_wconf 88' lang='lat' dir='ltr'><strong>ut</strong></span> <span class='ocrx_word' id='word_1_165' title='bbox 1437 2749 1653 2859; x_wconf 85' lang='lat' dir='ltr'><strong>perficiunt</strong></span> <span class='ocrx_word' id='word_1_166' title='bbox 1740 2805 1766 2852; x_wconf 18' lang='grc' dir='ltr'><strong>Δ.</strong></span> 
     </span>
    </p>
   </div>
   <div class='ocr_carea' id='block_1_10' title="bbox 131 2873 1731 4964">
    <p class='ocr_par' dir='ltr' id='par_1_10' title="bbox 131 2873 1731 4964">
     <span class='ocr_line' id='line_1_20' title="bbox 247 2873 1653 2992; baseline 0.002 -35"><span class='ocrx_word' id='word_1_167' title='bbox 247 2873 287 2958; x_wconf 96' lang='lat' dir='ltr'><strong>in</strong></span> <span class='ocrx_word' id='word_1_168' title='bbox 326 2879 483 2964; x_wconf 84' lang='lat' dir='ltr'><strong>melius.</strong></span> <span class='ocrx_word' id='word_1_169' title='bbox 542 2880 640 2964; x_wconf 84' lang='lat' dir='ltr'><strong>Muli</strong></span> <span class='ocrx_word' id='word_1_170' title='bbox 672 2909 766 2967; x_wconf 88' lang='lat' dir='ltr'><strong>rero</strong></span> <span class='ocrx_word' id='word_1_171' title='bbox 801 2910 892 2966; x_wconf 91' lang='lat' dir='ltr'><strong>cum</strong></span> <span class='ocrx_word' id='word_1_172' title='bbox 934 2881 1227 2992; x_wconf 85' lang='lat' dir='ltr'><strong>respiciuntur,</strong></span> <span class='ocrx_word' id='word_1_173' title='bbox 1267 2879 1419 2964; x_wconf 90' lang='lat' dir='ltr'><strong>ideirco</strong></span> <span class='ocrx_word' id='word_1_174' title='bbox 1459 2881 1653 2963; x_wconf 91' lang='lat' dir='ltr'><strong>dicuntur</strong></span> 
     </span>
     <span class='ocr_line' id='line_1_21' title="bbox 210 3008 1674 3122; baseline 0.003 -35"><span class='ocrx_word' id='word_1_175' title='bbox 210 3049 212 3054; x_wconf 32' lang='lat' dir='ltr'>v</span> <span class='ocrx_word' id='word_1_176' title='bbox 245 3008 387 3117; x_wconf 76' lang='lat' dir='ltr'><strong>respici</strong></span> <span class='ocrx_word' id='word_1_177' title='bbox 418 3015 600 3112; x_wconf 81' lang='lat' dir='ltr'><strong>tautum,</strong></span> <span class='ocrx_word' id='word_1_178' title='bbox 632 3015 679 3094; x_wconf 85' lang='lat' dir='ltr'><strong>ut</strong></span> <span class='ocrx_word' id='word_1_179' title='bbox 707 3013 944 3120; x_wconf 87' lang='lat' dir='ltr'><strong>puniuntur.</strong></span> <span class='ocrx_word' id='word_1_180' title='bbox 1005 3011 1122 3096; x_wconf 85' lang='lat' dir='ltr'><strong>Unde</strong></span> <span class='ocrx_word' id='word_1_181' title='bbox 1150 3038 1223 3119; x_wconf 91' lang='lat' dir='ltr'><strong>per</strong></span> <span class='ocrx_word' id='word_1_182' title='bbox 1249 3009 1543 3118; x_wconf 77' lang='lat' dir='ltr'><strong>respectionem</strong></span> <span class='ocrx_word' id='word_1_183' title='bbox 1575 3009 1674 3122; x_wconf 81' lang='lat' dir='ltr'><strong>llci¹</strong></span> 
     </span>
     <span class='ocr_line' id='line_1_22' title="bbox 242 3138 1650 3254; baseline 0.004 -33"><span class='ocrx_word' id='word_1_184' title='bbox 242 3138 282 3221; x_wconf 90' lang='lat' dir='ltr'><strong>in</strong></span> <span class='ocrx_word' id='word_1_185' title='bbox 314 3139 442 3225; x_wconf 85' lang='lat' dir='ltr'><strong>bonos</strong></span> <span class='ocrx_word' id='word_1_186' title='bbox 471 3147 678 3253; x_wconf 86' lang='lat' dir='ltr'><strong>respectus</strong></span> <span class='ocrx_word' id='word_1_187' title='bbox 707 3143 867 3228; x_wconf 84' lang='lat' dir='ltr'><strong>divinoe</strong></span> <span class='ocrx_word' id='word_1_188' title='bbox 895 3142 1134 3228; x_wconf 84' lang='lat' dir='ltr'><strong>elementiae</strong></span> <span class='ocrx_word' id='word_1_189' title='bbox 1163 3142 1425 3254; x_wconf 76' lang='lat' dir='ltr'><strong>intelligitur,</strong></span> <span class='ocrx_word' id='word_1_190' title='bbox 1454 3141 1494 3225; x_wconf 93' lang='lat' dir='ltr'><strong>iu</strong></span> <span class='ocrx_word' id='word_1_191' title='bbox 1522 3141 1650 3226; x_wconf 84' lang='lat' dir='ltr'><strong>mulos</strong></span> 
     </span>
     <span class='ocr_line' id='line_1_23' title="bbox 239 3271 1647 3383; baseline 0.003 -31"><span class='ocrx_word' id='word_1_192' title='bbox 239 3276 371 3354; x_wconf 84' lang='lat' dir='ltr'><strong>antem</strong></span> <span class='ocrx_word' id='word_1_193' title='bbox 401 3301 474 3382; x_wconf 88' lang='lat' dir='ltr'><strong>per</strong></span> <span class='ocrx_word' id='word_1_194' title='bbox 501 3275 798 3383; x_wconf 86' lang='lat' dir='ltr'><strong>respectionem</strong></span> <span class='ocrx_word' id='word_1_195' title='bbox 832 3273 904 3358; x_wconf 89' lang='lat' dir='ltr'><strong>Dei</strong></span> <span class='ocrx_word' id='word_1_196' title='bbox 943 3275 1032 3383; x_wconf 85' lang='lat' dir='ltr'><strong>ipso</strong></span> <span class='ocrx_word' id='word_1_197' title='bbox 1069 3275 1358 3360; x_wconf 83' lang='lat' dir='ltr'><strong>condemnatio</strong></span> <span class='ocrx_word' id='word_1_198' title='bbox 1388 3271 1647 3382; x_wconf 78' lang='lat' dir='ltr'><strong>intelligitur,</strong></span> 
     </span>
     <span class='ocr_line' id='line_1_24' title="bbox 229 3402 1648 3516; baseline 0.002 -32"><span class='ocrx_word' id='word_1_199' title='bbox 229 3402 335 3510; x_wconf 85' lang='lat' dir='ltr'><strong>&#39;quia</strong></span> <span class='ocrx_word' id='word_1_200' title='bbox 363 3403 486 3489; x_wconf 87' lang='lat' dir='ltr'><strong>uliter</strong></span> <span class='ocrx_word' id='word_1_201' title='bbox 520 3405 687 3516; x_wconf 85' lang='lat' dir='ltr'><strong>respicit</strong></span> <span class='ocrx_word' id='word_1_202' title='bbox 725 3405 769 3487; x_wconf 91' lang='lat' dir='ltr'><strong>in</strong></span> <span class='ocrx_word' id='word_1_203' title='bbox 810 3406 958 3506; x_wconf 90' lang='lat' dir='ltr'><strong>bonos,</strong></span> <span class='ocrx_word' id='word_1_204' title='bbox 997 3404 1116 3490; x_wconf 84' lang='lat' dir='ltr'><strong>aliter</strong></span> <span class='ocrx_word' id='word_1_205' title='bbox 1145 3436 1240 3492; x_wconf 88' lang='lat' dir='ltr'><strong>vero</strong></span> <span class='ocrx_word' id='word_1_206' title='bbox 1280 3407 1323 3489; x_wconf 91' lang='lat' dir='ltr'><strong>in</strong></span> <span class='ocrx_word' id='word_1_207' title='bbox 1361 3405 1502 3490; x_wconf 84' lang='lat' dir='ltr'><strong>melos.</strong></span> <span class='ocrx_word' id='word_1_208' title='bbox 1561 3403 1648 3488; x_wconf 89' lang='lat' dir='ltr'><strong>Nos</strong></span> 
     </span>
     <span class='ocr_line' id='line_1_25' title="bbox 236 3535 1731 3648; baseline 0.003 -34"><span class='ocrx_word' id='word_1_209' title='bbox 236 3539 369 3618; x_wconf 87' lang='lat' dir='ltr'><strong>untem</strong></span> <span class='ocrx_word' id='word_1_210' title='bbox 412 3535 523 3620; x_wconf 87' lang='lat' dir='ltr'><strong>illum</strong></span> <span class='ocrx_word' id='word_1_211' title='bbox 564 3565 649 3620; x_wconf 90' lang='lat' dir='ltr'><strong>rem</strong></span> <span class='ocrx_word' id='word_1_212' title='bbox 696 3538 1073 3636; x_wconf 80' lang='lat' dir='ltr'><strong>animadvertimus,</strong></span> <span class='ocrx_word' id='word_1_213' title='bbox 1115 3567 1237 3646; x_wconf 89' lang='lat' dir='ltr'><strong>quum</strong></span> <span class='ocrx_word' id='word_1_214' title='bbox 1266 3538 1496 3648; x_wconf 75' lang='lat' dir='ltr'><strong>diligimus,</strong></span> <span class='ocrx_word' id='word_1_215' title='bbox 1536 3539 1647 3622; x_wconf 83' lang='lat' dir='ltr'><strong>illum</strong></span> <span class='ocrx_word' id='word_1_216' title='bbox 1730 3595 1731 3600; x_wconf 10' lang='grc' dir='ltr'><strong><em>Ν</em></strong></span> 
     </span>
     <span class='ocr_line' id='line_1_26' title="bbox 236 3669 1645 3779; baseline 0.005 -32"><span class='ocrx_word' id='word_1_217' title='bbox 236 3694 328 3750; x_wconf 86' lang='lat' dir='ltr'><strong>vero</strong></span> <span class='ocrx_word' id='word_1_218' title='bbox 358 3695 456 3770; x_wconf 90' lang='lat' dir='ltr'><strong>rem,</strong></span> <span class='ocrx_word' id='word_1_219' title='bbox 487 3695 608 3776; x_wconf 87' lang='lat' dir='ltr'><strong>quum</strong></span> <span class='ocrx_word' id='word_1_220' title='bbox 640 3696 725 3750; x_wconf 93' lang='lat' dir='ltr'><strong>non</strong></span> <span class='ocrx_word' id='word_1_221' title='bbox 755 3669 981 3779; x_wconf 77' lang='lat' dir='ltr'><strong>diliginms,</strong></span> <span class='ocrx_word' id='word_1_222' title='bbox 1026 3669 1238 3754; x_wconf 89' lang='lat' dir='ltr'><strong>intendere</strong></span> <span class='ocrx_word' id='word_1_223' title='bbox 1267 3671 1469 3758; x_wconf 87' lang='lat' dir='ltr'><strong>nolumus.</strong></span> <span class='ocrx_word' id='word_1_224' title='bbox 1531 3669 1645 3754; x_wconf 82' lang='lat' dir='ltr'><strong>Unde</strong></span> 
     </span>
     <span class='ocr_line' id='line_1_27' title="bbox 229 3795 1644 3910; baseline 0.007 -36"><span class='ocrx_word' id='word_1_225' title='bbox 229 3795 291 3878; x_wconf 63' lang='lat' dir='ltr'><strong>&#39;illi</strong></span> <span class='ocrx_word' id='word_1_226' title='bbox 324 3797 438 3901; x_wconf 81' lang='lat' dir='ltr'><strong>lnnn,</strong></span> <span class='ocrx_word' id='word_1_227' title='bbox 480 3801 549 3910; x_wconf 86' lang='lat' dir='ltr'><strong>qui</strong></span> <span class='ocrx_word' id='word_1_228' title='bbox 580 3832 604 3882; x_wconf 86' lang='lat' dir='ltr'><strong>o</strong></span> <span class='ocrx_word' id='word_1_229' title='bbox 636 3799 721 3882; x_wconf 88' lang='lat' dir='ltr'><strong>lleo</strong></span> <span class='ocrx_word' id='word_1_230' title='bbox 751 3799 1043 3910; x_wconf 89' lang='lat' dir='ltr'><strong>respiciuntur,</strong></span> <span class='ocrx_word' id='word_1_231' title='bbox 1077 3801 1164 3887; x_wconf 86' lang='lat' dir='ltr'><strong>Deo</strong></span> <span class='ocrx_word' id='word_1_232' title='bbox 1191 3805 1387 3888; x_wconf 78' lang='lat' dir='ltr'><strong>mirabiles</strong></span> <span class='ocrx_word' id='word_1_233' title='bbox 1417 3833 1502 3890; x_wconf 87' lang='lat' dir='ltr'><strong>csse</strong></span> <span class='ocrx_word' id='word_1_234' title='bbox 1534 3831 1644 3886; x_wconf 84' lang='lat' dir='ltr'><strong>conr·</strong></span> 
     </span>
     <span class='ocr_line' id='line_1_28' title="bbox 235 3930 1644 4054; baseline 0.01 -50"><span class='ocrx_word' id='word_1_235' title='bbox 235 3931 469 4034; x_wconf 78' lang='lat' dir='ltr'><strong>probantur.</strong></span> <span class='ocrx_word' id='word_1_236' title='bbox 528 3930 856 4054; x_wconf 63' lang='lat' dir='ltr'><strong>Diciturputem</strong></span> <span class='ocrx_word' id='word_1_237' title='bbox 885 3939 927 4016; x_wconf 90' lang='lat' dir='ltr'><strong>et</strong></span> <span class='ocrx_word' id='word_1_238' title='bbox 956 3933 1037 4016; x_wconf 85' lang='lat' dir='ltr'><strong>aliu</strong></span> <span class='ocrx_word' id='word_1_239' title='bbox 1066 3931 1180 4036; x_wconf 88' lang='lat' dir='ltr'><strong>visio,</strong></span> <span class='ocrx_word' id='word_1_240' title='bbox 1212 3942 1258 4018; x_wconf 91' lang='lat' dir='ltr'><strong>nt</strong></span> <span class='ocrx_word' id='word_1_241' title='bbox 1286 3945 1347 4022; x_wconf 87' lang='lat' dir='ltr'><strong>est</strong></span> <span class='ocrx_word' id='word_1_242' title='bbox 1376 3935 1476 4020; x_wconf 89' lang='lat' dir='ltr'><strong>visio</strong></span> <span class='ocrx_word' id='word_1_243' title='bbox 1502 3935 1644 4020; x_wconf 70' lang='lat' dir='ltr'><strong>lisniue</strong></span> 
     </span>
     <span class='ocr_line' id='line_1_29' title="bbox 232 4061 1718 4169; baseline 0.005 -27"><span class='ocrx_word' id='word_1_244' title='bbox 232 4065 272 4142; x_wconf 93' lang='lat' dir='ltr'><strong>et</strong></span> <span class='ocrx_word' id='word_1_245' title='bbox 292 4061 505 4160; x_wconf 82' lang='lat' dir='ltr'><strong>denomino,</strong></span> <span class='ocrx_word' id='word_1_246' title='bbox 537 4061 649 4146; x_wconf 90' lang='lat' dir='ltr'><strong>etin</strong></span> <span class='ocrx_word' id='word_1_247' title='bbox 680 4061 756 4145; x_wconf 89' lang='lat' dir='ltr'><strong>lroe</strong></span> <span class='ocrx_word' id='word_1_248' title='bbox 786 4062 889 4169; x_wconf 89' lang='lat' dir='ltr'><strong>loeo,</strong></span> <span class='ocrx_word' id='word_1_249' title='bbox 918 4092 1007 4147; x_wconf 90' lang='lat' dir='ltr'><strong>enm</strong></span> <span class='ocrx_word' id='word_1_250' title='bbox 1030 4063 1151 4149; x_wconf 79' lang='lat' dir='ltr'><strong>dieii:</strong></span> <span class='ocrx_word' id='word_1_251' title='bbox 1181 4064 1282 4150; x_wconf 84' lang='lat' dir='ltr'><strong>visio</strong></span> <span class='ocrx_word' id='word_1_252' title='bbox 1302 4065 1519 4169; x_wconf 83' lang='lat' dir='ltr'><strong>Jcrcrnine,</strong></span> <span class='ocrx_word' id='word_1_253' title='bbox 1548 4069 1642 4150; x_wconf 86' lang='lat' dir='ltr'><strong>snb·</strong></span> <span class='ocrx_word' id='word_1_254' title='bbox 1717 4085 1718 4088; x_wconf 67' lang='lat'>‘</span> 
     </span>
     <span class='ocr_line' id='line_1_30' title="bbox 231 4191 1642 4306; baseline 0.009 -36"><span class='ocrx_word' id='word_1_255' title='bbox 231 4191 475 4276; x_wconf 81' lang='lat' dir='ltr'><strong>nrrdiendnm</strong></span> <span class='ocrx_word' id='word_1_256' title='bbox 512 4198 574 4276; x_wconf 90' lang='lat' dir='ltr'><strong>est</strong></span> <span class='ocrx_word' id='word_1_257' title='bbox 603 4193 786 4278; x_wconf 87' lang='lat' dir='ltr'><strong>Domini.</strong></span> <span class='ocrx_word' id='word_1_258' title='bbox 846 4191 1114 4296; x_wconf 81' lang='lat' dir='ltr'><strong>Nemetium</strong></span> <span class='ocrx_word' id='word_1_259' title='bbox 1144 4224 1215 4305; x_wconf 87' lang='lat' dir='ltr'><strong>per</strong></span> <span class='ocrx_word' id='word_1_260' title='bbox 1244 4198 1537 4306; x_wconf 84' lang='lat' dir='ltr'><strong>respectionem</strong></span> <span class='ocrx_word' id='word_1_261' title='bbox 1567 4199 1642 4282; x_wconf 90' lang='lat' dir='ltr'><strong>lm·</strong></span> 
     </span>
     <span class='ocr_line' id='line_1_31' title="bbox 232 4321 1639 4440; baseline 0.01 -40"><span class='ocrx_word' id='word_1_262' title='bbox 232 4321 437 4406; x_wconf 83' lang='lat' dir='ltr'><strong>nurnitntie</strong></span> <span class='ocrx_word' id='word_1_263' title='bbox 477 4322 627 4408; x_wconf 77' lang='lat' dir='ltr'><strong>Christi</strong></span> <span class='ocrx_word' id='word_1_264' title='bbox 669 4351 881 4434; x_wconf 88' lang='lat' dir='ltr'><strong>possumus</strong></span> <span class='ocrx_word' id='word_1_265' title='bbox 926 4327 1273 4432; x_wconf 79' lang='lat' dir='ltr'><strong>animadvertere,</strong></span> <span class='ocrx_word' id='word_1_266' title='bbox 1322 4327 1418 4438; x_wconf 87' lang='lat' dir='ltr'><strong>qnid</strong></span> <span class='ocrx_word' id='word_1_267' title='bbox 1463 4328 1639 4440; x_wconf 67' lang='lat' dir='ltr'><strong>intelligi</strong></span> 
     </span>
     <span class='ocr_line' id='line_1_32' title="bbox 230 4448 1717 4567; baseline 0.01 -39"><span class='ocrx_word' id='word_1_268' title='bbox 230 4448 374 4536; x_wconf 77' lang='lat' dir='ltr'><strong>‹lelJeut</strong></span> <span class='ocrx_word' id='word_1_269' title='bbox 403 4482 475 4564; x_wconf 89' lang='lat' dir='ltr'><strong>per</strong></span> <span class='ocrx_word' id='word_1_270' title='bbox 503 4453 800 4564; x_wconf 88' lang='lat' dir='ltr'><strong>respectionem</strong></span> <span class='ocrx_word' id='word_1_271' title='bbox 831 4455 1027 4556; x_wconf 79' lang='lat' dir='ltr'><strong>dirinmu3</strong></span> <span class='ocrx_word' id='word_1_272' title='bbox 1059 4456 1211 4567; x_wconf 79' lang='lat' dir='ltr'><strong>legitur</strong></span> <span class='ocrx_word' id='word_1_273' title='bbox 1231 4460 1358 4544; x_wconf 84' lang='lat' dir='ltr'><strong>enirn:</strong></span> <span class='ocrx_word' id='word_1_274' title='bbox 1390 4461 1566 4564; x_wconf 79' lang='lat' dir='ltr'><strong>respexit</strong></span> <span class='ocrx_word' id='word_1_275' title='bbox 1595 4463 1635 4544; x_wconf 86' lang='lat' dir='ltr'><strong>in</strong></span> <span class='ocrx_word' id='word_1_276' title='bbox 1715 4547 1717 4553; x_wconf 73' lang='grc'>,</span> 
     </span>
     <span class='ocr_line' id='line_1_33' title="bbox 131 4573 1634 4702; baseline 0.005 -34"><span class='ocrx_word' id='word_1_277' title='bbox 131 4573 134 4581; x_wconf 62' lang='grc'><strong>’</strong></span> <span class='ocrx_word' id='word_1_278' title='bbox 227 4587 409 4675; x_wconf 76' lang='lat' dir='ltr'><strong>ardorem</strong></span> <span class='ocrx_word' id='word_1_279' title='bbox 436 4619 701 4698; x_wconf 75' lang='lat' dir='ltr'><strong>sproumrnrn.</strong></span> <span class='ocrx_word' id='word_1_280' title='bbox 715 4589 746 4702; x_wconf 87' lang='lat'><strong>¹)</strong></span> <span class='ocrx_word' id='word_1_281' title='bbox 804 4587 882 4671; x_wconf 80' lang='lat' dir='ltr'><strong>Sed</strong></span> <span class='ocrx_word' id='word_1_282' title='bbox 906 4585 993 4698; x_wconf 85' lang='lat' dir='ltr'><strong>ipse</strong></span> <span class='ocrx_word' id='word_1_283' title='bbox 1014 4587 1278 4698; x_wconf 76' lang='lat' dir='ltr'><strong>Evangelisto</strong></span> <span class='ocrx_word' id='word_1_284' title='bbox 1299 4589 1434 4675; x_wconf 90' lang='lat' dir='ltr'><strong>reddit</strong></span> <span class='ocrx_word' id='word_1_285' title='bbox 1457 4593 1634 4702; x_wconf 80' lang='lat' dir='ltr'><strong>lruetn‘nn</strong></span> 
     </span>
     <span class='ocr_line' id='line_1_34' title="bbox 227 4719 1633 4833; baseline 0.007 -36"><span class='ocrx_word' id='word_1_286' title='bbox 227 4721 509 4828; x_wconf 84' lang='lat' dir='ltr'><strong>respectionis,</strong></span> <span class='ocrx_word' id='word_1_287' title='bbox 551 4721 621 4807; x_wconf 92' lang='lat' dir='ltr'><strong>ubi</strong></span> <span class='ocrx_word' id='word_1_288' title='bbox 651 4720 883 4833; x_wconf 82' lang='lat' dir='ltr'><strong>subjunxit:</strong></span> <span class='ocrx_word' id='word_1_289' title='bbox 921 4719 1068 4829; x_wconf 65' lang='lat' dir='ltr'><strong>Areten,</strong></span> <span class='ocrx_word' id='word_1_290' title='bbox 1109 4721 1198 4806; x_wconf 81' lang='lat' dir='ltr'><strong>dico</strong></span> <span class='ocrx_word' id='word_1_291' title='bbox 1225 4719 1353 4824; x_wconf 73' lang='lat' dir='ltr'><strong>vobis,</strong></span> <span class='ocrx_word' id='word_1_292' title='bbox 1392 4721 1489 4829; x_wconf 72' lang='lat' dir='ltr'><strong>peric</strong></span> <span class='ocrx_word' id='word_1_293' title='bbox 1516 4723 1633 4808; x_wconf 80' lang='lat' dir='ltr'><strong>luulic</strong></span> 
     </span>
     <span class='ocr_line' id='line_1_35' title="bbox 224 4849 1632 4964; baseline 0.004 -33"><span class='ocrx_word' id='word_1_294' title='bbox 224 4849 337 4934; x_wconf 80' lang='lat' dir='ltr'><strong>solers</strong></span> <span class='ocrx_word' id='word_1_295' title='bbox 352 4852 455 4938; x_wconf 48' lang='lat' dir='ltr'><strong>‘derio</strong></span> <span class='ocrx_word' id='word_1_296' title='bbox 471 4852 608 4940; x_wconf 70' lang='lat' dir='ltr'><strong>daenrrui</strong></span> <span class='ocrx_word' id='word_1_297' title='bbox 620 4857 732 4962; x_wconf 76' lang='lat' dir='ltr'><strong>luctu</strong></span> <span class='ocrx_word' id='word_1_298' title='bbox 756 4859 828 4942; x_wconf 83' lang='lat' dir='ltr'><strong>cst.</strong></span> <span class='ocrx_word' id='word_1_299' title='bbox 876 4849 1050 4936; x_wconf 89' lang='lat' dir='ltr'><strong>Necnon</strong></span> <span class='ocrx_word' id='word_1_300' title='bbox 1070 4856 1112 4937; x_wconf 91' lang='lat' dir='ltr'><strong>et</strong></span> <span class='ocrx_word' id='word_1_301' title='bbox 1131 4853 1231 4938; x_wconf 87' lang='lat' dir='ltr'><strong>olibi</strong></span> <span class='ocrx_word' id='word_1_302' title='bbox 1251 4851 1431 4964; x_wconf 85' lang='lat' dir='ltr'><strong>respexit</strong></span> <span class='ocrx_word' id='word_1_303' title='bbox 1456 4853 1632 4958; x_wconf 84' lang='lat' dir='ltr'><strong>Petrum,</strong></span> 
     </span>
    </p>
   </div>
   <div class='ocr_carea' id='block_1_11' title="bbox 226 5051 485 5068">
    <p class='ocr_par' dir='ltr' id='par_1_11' title="bbox 226 5051 485 5068">
     <span class='ocr_line' id='line_1_36' title="bbox 226 5051 485 5068; baseline 0.012 -3"><span class='ocrx_word' id='word_1_304' title='bbox 226 5051 485 5068; x_wconf 50' lang='lat' dir='ltr'><strong>’‘tunna-...m</strong></span> 
     </span>
    </p>
   </div>
   <div class='ocr_carea' id='block_1_12' title="bbox 221 5115 1632 5344">
    <p class='ocr_par' dir='ltr' id='par_1_12' title="bbox 221 5115 1632 5344">
     <span class='ocr_line' id='line_1_37' title="bbox 310 5115 1632 5268; baseline 0.005 -39"><span class='ocrx_word' id='word_1_305' title='bbox 310 5157 338 5250; x_wconf 86' lang='lat'><strong>¹)</strong></span> <span class='ocrx_word' id='word_1_306' title='bbox 360 5159 442 5235; x_wconf 68' lang='lat' dir='ltr'><strong>niso</strong></span> <span class='ocrx_word' id='word_1_307' title='bbox 475 5117 525 5246; x_wconf 81' lang='lat' dir='ltr'><strong>ll),</strong></span> <span class='ocrx_word' id='word_1_308' title='bbox 548 5160 587 5234; x_wconf 78' lang='lat' dir='ltr'><strong>l:</strong></span> <span class='ocrx_word' id='word_1_309' title='bbox 624 5115 786 5268; x_wconf 78' lang='lat' dir='ltr'><strong>escendit</strong></span> <span class='ocrx_word' id='word_1_310' title='bbox 818 5161 855 5236; x_wconf 92' lang='lat' dir='ltr'><strong>in</strong></span> <span class='ocrx_word' id='word_1_311' title='bbox 883 5163 1048 5238; x_wconf 73' lang='lat' dir='ltr'><strong>arborem</strong></span> <span class='ocrx_word' id='word_1_312' title='bbox 1081 5183 1301 5256; x_wconf 78' lang='lat' dir='ltr'><strong>sycomorum</strong></span> <span class='ocrx_word' id='word_1_313' title='bbox 1331 5213 1409 5240; x_wconf 83' lang='grc'><strong>....</strong></span> <span class='ocrx_word' id='word_1_314' title='bbox 1438 5164 1632 5255; x_wconf 73' lang='lat' dir='ltr'><strong>suspiciens</strong></span> 
     </span>
     <span class='ocr_line' id='line_1_38' title="bbox 221 5265 1282 5344; baseline 0.013 -7"><span class='ocrx_word' id='word_1_315' title='bbox 221 5265 321 5341; x_wconf 80' lang='lat' dir='ltr'><strong>loeus</strong></span> <span class='ocrx_word' id='word_1_316' title='bbox 343 5269 435 5344; x_wconf 81' lang='lat' dir='ltr'><strong>vidit</strong></span> <span class='ocrx_word' id='word_1_317' title='bbox 457 5268 570 5344; x_wconf 88' lang='lat' dir='ltr'><strong>illum.</strong></span> <span class='ocrx_word' id='word_1_318' title='bbox 1277 5293 1282 5316; x_wconf 72' lang='lat'><strong><em>‘</em></strong></span> 
     </span>
    </p>
   </div>
   <div class='ocr_carea' id='block_1_13' title="bbox 0 0 1972 5762">
    <p class='ocr_par' dir='ltr' id='par_1_13' title="bbox 0 0 1972 5762">
     <span class='ocr_line' id='line_1_39' title="bbox 0 0 1972 5762; baseline 0 15"><span class='ocrx_word' id='word_1_319' title='bbox 0 0 1972 5762; x_wconf 95' lang='lat' dir='ltr'><strong> </strong></span> 
     </span>
    </p>
   </div>
  </div>
 </body>
</html>
