3930 5788
372 347 644 434 sm
973 341 1205 479 ,Vc-oms
1368 313 1376 326 '

372 558 599 644 nomadum
628 564 718 662 est,
759 559 951 671 quodad
971 509 1060 652 =hoe
1088 560 1240 648 attinet
1267 559 1407 668 illud,
1429 559 1542 670 quod
1577 559 1786 666 dicitorot

321 701 323 708 '
375 715 496 810 coepe
522 689 776 791 adrumetus,
817 689 963 774 moon
991 694 1232 794 commem,
1271 691 1394 776 etium
1424 690 1636 796 qritoorm
1670 692 1785 776 cdli·

373 816 513 901 beotor
541 819 583 901 io
612 818 894 909 testimonum.
952 820 1083 924 seqre
1109 819 1366 920 odorrouitrn,
1394 817 1425 906 i.
1451 844 1489 907 e.
1525 845 1600 928 per
1632 825 1783 930 septem

201 983 205 993 ¹
373 942 526 1053 gradus
566 943 725 1032 duetus.
783 944 901 1032 lstu'd
928 947 1137 1056 judicetur
1170 945 1331 1033 duobus
1366 945 1499 1030 modis
1526 945 1784 1056 intelligitur,

246 1107 267 1128 ·
374 1075 402 1158 i.
431 1101 466 1160 e.
494 1099 572 1183 pro
600 1073 882 1160 condamnetur
909 1103 993 1161 ιιιιο
1021 1074 1158 1177 modo,
1185 1080 1228 1160 et
1255 1073 1387 1159 altero
1414 1073 1538 1160 modo
1565 1100 1643 1184 pro
1669 1077 1786 1159 oesti-

374 1205 515 1290 mctor.
581 1199 637 1286 nt
674 1202 766 1290 ideo
805 1203 917 1287 varie
953 1202 1196 1312 intelligunt
1233 1202 1437 1311 sopientes
1477 1202 1602 1286 istum
1640 1201 1784 1294 locoru.

340 1422 342 1430 .
373 1328 454 1412 Sed
493 1329 576 1431 illi,
605 1328 676 1440 qui
717 1330 960 1445 intelligunt
999 1360 1074 1442 pro
1112 1333 1364 1431 aestimetur,
1394 1336 1441 1415 ut
1476 1329 1667 1414 sacerdos
1704 1358 1783 1415 uon
1918 1441 1921 1446 Ι

374 1457 606 1568 flagelletur
628 1465 702 1544 ant
724 1459 1114 1564 excommunicetur,
1142 1460 1213 1571 sed
1232 1459 1436 1560 credatur,
1465 1487 1541 1567 pro
1563 1460 1786 1542 reverentia

376 1589 576 1672 canonica
610 1586 691 1674 hoc
719 1589 984 1700 intelligunt,
1013 1594 1057 1674 ct
1083 1617 1160 1699 pro
1188 1589 1289 1688 hoc,
1318 1587 1428 1713 qood
1465 1586 1507 1674 S.
1542 1586 1786 1672 Benedictus

318 1729 322 1738 '
375 1714 500 1802 dicit:
529 1723 567 1802 ot
593 1742 716 1822 coepe
742 1716 974 1802 octomodos
998 1719 1039 1803 si
1065 1743 1144 1802 ιιοιι
1170 1717 1402 1818 corroserit,
1428 1717 1669 1802 odlibcotur
1685 1717 1784 1820 epio-

374 1869 496 1949 copue
522 1845 568 1928 ιἰι
596 1847 877 1934 testimoninm.
922 1847 968 1932 Si
996 1874 1093 1931 uero
1121 1845 1333 1955 depositus
1359 1847 1496 1948 inerit,
1524 1850 1627 1930 tnnc
1649 1853 1785 1956 pmtea

222 2049 226 2058 .
374 1980 513 2084 potest
556 1975 756 2088 flagellari
801 1983 876 2061 aut
915 1975 1274 2063 excommunicari.
1334 1974 1416 2060 Sed
1458 1975 1678 2058 ridendum
1714 1982 1784 2074 est,

303 2203 304 2206 Ν
375 2105 475 2212 quid
502 2107 708 2216 agendum
739 2106 783 2189 in
803 2135 864 2209 eo,
895 2108 1005 2218 qnod
1034 2106 1285 2221 intelligitur
1309 2104 1523 2208 judicetur,
1552 2105 1581 2192 i.
1602 2132 1639 2192 e.
1667 2105 1785 2188 nesti·

375 2239 524 2338 tuetur,
554 2241 725 2344 putetur
751 2243 794 2322 et
823 2239 1026 2340 credatur,
1054 2237 1083 2326 i.
1107 2265 1142 2322 e.
1171 2236 1208 2320 si
1236 2235 1359 2318 debet
1384 2234 1455 2320 ille
1481 2236 1669 2322 sacerdos
1697 2237 1786 2318 mn·

378 2395 466 2451 sam
493 2373 684 2471 cantare,
714 2371 911 2479 quamdiu
938 2370 1179 2456 aestimatus
1205 2366 1332 2450 fuerit
1357 2366 1540 2452 rebellio.
1597 2365 1641 2452 Si
1666 2366 1783 2474 euim
1910 2445 1914 2452 .

373 2503 492 2584 tarrta
527 2505 590 2584 cst
629 2502 810 2613 ejusdem
851 2504 1076 2588 sacerdotis
1115 2498 1395 2601 coutumacia,
1424 2504 1474 2582 ut
1511 2497 1631 2582 subdi
1670 2497 1785 2598 nolit,

374 2630 482 2716 sicut
508 2631 651 2742 regula
679 2633 793 2735 dicit,
823 2639 866 2720 et
893 2636 982 2746 ipsa
1010 2633 1270 2719 contumacia
1297 2658 1382 2718 uon
1409 2629 1536 2714 fuerit
1562 2627 1784 2726 subitanea,

346 2739 569 2871 ¹quamdiu
597 2761 836 2848 aestimatus
865 2763 992 2850 fuerit
1019 2762 1202 2866 rebellio,
1232 2789 1315 2846 non
1345 2759 1471 2845 debet
1498 2758 1664 2844 missam
1691 2784 1783 2840 cau·

373 2895 476 2978 tare.
533 2891 660 2977 Forte
686 2892 789 2978 dicit
815 2895 989 3005 aliquis:
1018 2894 1184 2992 Quare?
1239 2893 1314 2979 Oui
1342 2888 1672 3000 respondendnm
1701 2891 1781 2970 est:
1854 2875 1858 2881 ⁴

27 2969 30 3074 l
183 3033 186 3040 ’
214 3041 223 3060 ·
372 3019 415 3104 Si
445 3022 590 3133 regula
618 3023 719 3108 dicit
746 3025 797 3110 de
825 3053 887 3129 eo,
917 3025 989 3136 qui
1017 3051 1095 3134 pro
1122 3024 1297 3108 scientia
1322 3049 1419 3106 suae
1442 3021 1544 3104 ortis
1563 3017 1783 3114 extollitur,

219 3159 221 3166 ’
289 3241 292 3248 .
375 3157 423 3235 ιιι
440 3149 582 3260 'ipsam
610 3157 742 3239 artem
766 3184 849 3241 nou
872 3157 1010 3259 iaciat,
1040 3155 1117 3240 uisi
1135 3154 1414 3239 humiliaverit
1431 3178 1487 3252 se,
1509 3150 1643 3236 multo
1660 3148 1785 3256 magis

371 3283 450 3366 iste
477 3285 666 3370 sacerdos
694 3313 777 3370 uon
798 3287 921 3373 debet
943 3289 1105 3371 missam
1125 3289 1306 3388 cantare,
1328 3313 1422 3370 cum
1440 3283 1625 3369 officium
1644 3281 1785 3364 missae

301 3419 304 3424 ’
372 3443 573 3499 summam
602 3416 879 3522 humilitatem
900 3418 1075 3530 quaerit.
1118 3417 1173 3502 Et
1199 3415 1276 3500 hoc
1298 3413 1505 3499 sciendum
1534 3418 1618 3498 est:
1648 3437 1785 3523 quam·

292 3567 294 3572 ’
373 3575 497 3657 qnam
528 3551 637 3635 varie
664 3550 911 3663 intelligunt
932 3553 1056 3636 istum
1080 3552 1232 3651 locum,
1261 3551 1306 3633 iu
1337 3574 1421 3658 quo
1450 3546 1552 3632 dicit
1571 3544 1785 3654 judicetur,

276 3705 286 3722 ¹·
372 3681 525 3764 tamen·
551 3683 595 3764 iu
634 3683 894 3768 monasteriis
922 3683 1174 3769 Francorum
1211 3681 1272 3765 ita
1299 3679 1535 3792 flagellatur
1561 3677 1785 3790 presbyter,

263 3913 267 3921 ¹
373 3809 503 3895 veluti
530 3816 768 3901 monachus.
785 3816 820 3926 ¹)
866 3815 951 3902 Alii
972 3821 1081 3918 suot,
1112 3816 1182 3924 qui
1210 3811 1455 3924 intelligunt
1482 3815 1651 3922 propter
1679 3807 1784 3892 istud

240 3949 242 3956 '
365 3942 594 4048 jruticctur,
622 3952 670 4031 ut
697 3974 783 4030 uou
823 3945 972 4033 debeat
1008 3946 1352 4033 excommunicari
1390 3944 1456 4028 uel
1485 3943 1686 4054 flagellari
1717 3945 1787 4024 aut

275 4183 280 4202 ι
373 4101 448 4182 per
475 4081 633 4184 septem
663 4078 815 4186 gradus
844 4079 936 4164 duci
965 4079 1164 4178 sacerdos,
1192 4076 1263 4162 sed
1292 4075 1550 4162 solummodo
1568 4075 1783 4180 judicetur,

372 4203 400 4287 i.
429 4234 465 4290 e.
495 4206 756 4312 aestimetur,
781 4239 834 4306 ¹ac
859 4212 894 4294 si
923 4211 1101 4297 diceret:
1137 4210 1172 4294 si
1200 4209 1429 4320 peccauerit
1463 4205 1673 4304 sacerdos,
1707 4230 1786 4284 nou

372 4335 499 4420 debet
537 4341 644 4423 sicut
683 4341 787 4426 alins
825 4341 1049 4426 monachus
1091 4338 1435 4426 excommunicari
1472 4338 1538 4421 vel
1577 4332 1787 4446 flagellari,

372 4467 443 4552 sed
472 4469 731 4557 solummodo
760 4473 883 4558 debet
908 4472 1115 4558 aestimari
1134 4471 1341 4570 rebellio,
1383 4471 1411 4554 i.
1439 4497 1478 4556 e.
1505 4467 1712 4576 superbus
1747 4466 1788 4546 et

31 4637 45 4652 -
188 4599 230 4670 J
373 4602 707 4705 consacerdos,
753 4608 795 4688 et
831 4605 956 4706 illud,
994 4603 1104 4714 quod
1139 4602 1241 4687 dicit
1274 4600 1436 4710 romolae
1462 4599 1725 4685 obedientium
1752 4601 1787 4679 ct

372 4730 647 4837 disciplinam,
675 4761 762 4819 non
780 4733 832 4818 ud
848 4734 1309 4821 excommunicationem
1333 4737 1376 4818 et
1395 4731 1604 4844 flagellum
1625 4728 1786 4829 attinet,

373 4863 444 4948 sed
470 4865 523 4950 ad
552 4865 828 4951 obedientiam
857 4872 901 4951 et
920 4867 1153 4978 regularem
1171 4865 1458 4951 eruditionem.
1504 4861 1627 4948 Unde
1644 4889 1786 4971 quam·

372 5025 496 5108 quarn
526 4999 606 5083 ista
634 4998 721 5084 sint
750 4995 874 5110 rerba
908 4999 953 5081 iu
986 4988 1184 5122 hocloco
1219 4998 1280 5084 ita
1309 4997 1558 5107 conjuncta,
1587 4999 1634 5078 ut
1670 4991 1788 5078 focile

422 5353 431 5370 ,
462 5285 491 5375 ¹)
513 5284 615 5357 Alius
638 5281 843 5358 aenaeum.
888 5283 973 5356 eoo.
997 5283 1137 5358 Divion-
