3930 5788
213 243 347 376 'sn
428 241 458 318 Ὗ
698 267 750 314 ’·
845 281 1126 382 uuunn

265 505 496 612 salvatione
517 513 643 618 utque
660 507 906 620 ohedientia.
958 509 1044 592 'Pro
1060 510 1342 596 melioratione
1358 541 1468 612 vern,
1496 519 1557 612 ut,
1579 513 1675 597 lieet
1727 558 1732 566 ·

266 637 370 720 hene
399 639 512 720 vivut
539 637 582 718 in
610 638 873 742 monasterio,
902 649 1039 724 tarvren
1068 642 1166 750 quia
1193 641 1235 722 in
1266 641 1357 724 aliis
1386 642 1485 726 louis
1512 643 1671 753 utplus

264 765 488 854 studiosius
524 768 627 856 ordo
666 770 865 880 regularis
903 777 1089 856 servetur
1115 775 1159 856 et
1185 772 1440 876 custoditur,
1466 763 1596 859 currit
1621 776 1673 860 ad

44 887 50 896 ’
165 971 168 978 .
267 899 439 982 eundern
469 901 619 1000 locum,
647 907 852 1010 quatenus
878 909 921 986 et
947 903 1036 1012 ipse
1056 905 1099 986 iu
1121 903 1264 987 eodem
1283 903 1674 1004 looomelinsvirat,

263 1057 385 1135 quoru
427 1032 469 1112 iu
510 1058 606 1130 sno,
633 1033 741 1116 siout
781 1032 978 1139 leguntur
1013 1035 1142 1118 saneti
1183 1041 1321 1142 patres
1355 1035 1519 1136 iuuisse,
1549 1034 1673 1119 relati

264 1159 344 1258 ilii,
374 1161 443 1269 qni
463 1159 523 1240 'de
553 1161 823 1260 monasterio,
851 1165 960 1272 qnod
991 1165 1149 1246 eratin
1180 1164 1447 1270 Bethlehem,
1482 1173 1676 1250 exeuntes

101 1379 106 1388 ,
264 1295 533 1398 perrexerunt
568 1291 621 1375 nd
659 1293 925 1390 uuonasteria,
953 1321 1060 1402 qnae
1088 1303 1206 1376 eraut
1246 1297 1288 1376 in
1325 1301 1543 1406 Aegypto,
1572 1325 1678 1405 qnae

264 1419 408 1500 melius
428 1428 480 1501 et
507 1421 728 1504 studiosius
757 1423 971 1518 vivebant3
998 1433 1042 1504 et
1076 1425 1201 1506 ueteri
1238 1425 1309 1508 ulii
1338 1427 1457 1510 multi
1487 1427 1677 1508 similiter

262 1549 462 1636 iecernnt.
523 1550 601 1634 Pro
628 1553 856 1636 salvatione
896 1560 1034 1636 autern
1076 1561 1249 1653 exeunt,
1280 1559 1406 1655 vetuti
1434 1558 1470 1638 si
1498 1567 1562 1637 est
1589 1556 1678 1662 ipse

265 1677 377 1762 loeus
407 1680 538 1762 malus
565 1688 613 1762 et*
632 1681 731 1764 inibi
760 1683 904 1790 regnis
932 1710 1016 1766 non
1046 1684 1289 1782 custoditur,
1318 1691 1362 1768 et
1388 1685 1481 1766 ideo
1503 1689 1676 1792 possunt

264 1808 315 1888 de
345 1808 422 1892 hoo
453 1812 698 1894 monasterio
727 1813 837 1894 exire
864 1840 987 1895 eausa
1015 1812 1254 1896 saivntionis
1292 1817 1454 1897 animae
1480 1841 1598 1909 snae,
1625 1813 1676 1892 ad

265 1937 377 2019 ithnn
410 1939 555 2040 ioenvrv,
584 1941 651 2023 ruhi
682 1942 924 2050 diligentins
953 1943 1151 2054 regutaris
1176 1945 1278 2026 ordo
1299 1946 1547 2040 custoditur,
1576 1972 1677 2052 qna·

267 2077 388 2150 tonus
418 2070 518 2153 inihi
549 2073 772 2158 salventur.
833 2071 911 2156 Ubi
942 2075 1169 2156 uotnndnvn
1200 2083 1285 2176 est,
1314 2080 1412 2186 quin
1439 2077 1472 2156 si
1502 2077 1572 2156 itte
1603 2103 1677 2182 pro
1715 2061 1718 2064 ¹

130 2233 132 2238 ·
267 2201 555 2286 rneiinrutione
591 2208 764 2312 possunt
800 2203 911 2288 exire
948 2204 1070 2288 etad
1099 2205 1306 2290 meliorem
1340 2211 1465 2320 vitain
1496 2232 1679 2315 pergere,

269 2361 361 2419 enm
400 2334 568 2442 possent
602 2337 644 2418 in
673 2335 756 2418 suis
795 2335 895 2419 loeis
933 2342 1142 2447 uteunque
1180 2340 1349 2436 srrtvnri.
1379 2339 1511 2424 inulto
1547 2337 1680 2446 magis

268 2473 441 2574 possunt
468 2465 550 2568 isti,
577 2467 648 2576 qui
677 2471 828 2552 timent
856 2469 1081 2575 perieulum
1110 2472 1270 2556 uuinrae
1288 2499 1385 2554 suae
1403 2471 1446 2555 iu
1467 2471 1568 2554 loeis
1591 2499 1681 2578 pes·

161 2705 165 2714 ¹
268 2597 395 2702 simis,
422 2597 621 2706 quianon
647 2607 820 2708 possunt
846 2599 904 2682 ibi
932 2598 1094 2702 salvari,
1124 2629 1295 2712 pergere
1322 2603 1374 2686 ad
1404 2632 1453 2686 ea
1477 2602 1580 2700 losa,
1610 2601 1678 2682 ruhi

268 2728 416 2810 salvuri
445 2737 632 2838 possunt.
691 2729 832 2814 'l’ertio
862 2759 957 2815 vero
986 2733 1108 2816 ruodo
1137 2744 1309 2840 possunt
1337 2735 1460 2818 etium
1490 2733 1602 2816 exire
1628 2733 1680 2813 de

139 2966 144 2976 Ι
268 2857 515 2942 monasterio
543 2887 665 2953 eausa
683 2861 941 2946 obedientiae
958 2871 1000 2946 et
1028 2865 1098 2964 ire,
1127 2892 1210 2974 qun
1235 2827 1551 2954 mittuntur)—
1589 2865 1677 2948 Hnu

66 3009 81 3090 ζ
144 3011 153 3030 ·
270 2991 521 3090 notandum,
551 2993 647 3102 quia
675 2994 710 3076 si
739 2995 897 3078 venerit
925 2993 1076 3103 aliquis
1111 2997 1165 3078 ad
1206 2995 1496 3078 morrasteriuru
1526 2995 1578 3076 nd
1607 2995 1679 3076 uh·

147 3126 179 3164 ·'
237 3103 240 3110 ¹
270 3125 406 3206 butem
436 3125 679 3232 rogandum,
709 3129 751 3206 et
779 3130 987 3234 rogaverit
1014 3127 1232 3228 abbatem,
1261 3133 1306 3208 ut
1334 3129 1444 3210 siunt
1473 3127 1586 3210 illurn
1616 3130 1681 3209 iu·

268 3260 378 3338 trare
416 3254 459 3338 in
490 3257 805 3356 monasterinm,
844 3257 915 3342 ille
941 3259 1068 3344 abhas
1099 3289 1181 3342 nou
1217 3259 1340 3342 dehet
1378 3259 1437 3342 illi
1472 3287 1679 3346 assensum

5 3373 12 3386 ⁸
50 3483 52 3490 y
100 3429 104 3436 ¹
269 3387 462 3497 praehere
502 3386 610 3490 eito,
642 3416 693 3470 ne
728 3389 915 3474 videatur
951 3391 1080 3474 facitis
1110 3393 1335 3502 ingressns3
1364 3393 1434 3474 sed
1470 3391 1593 3475 dehet
1620 3391 1679 3473 iiii
1780 3407 1784 3413 “

102 3511 105 3518 ’
134 3532 160 3588 '·
193 3539 195 3544 ·
267 3515 423 3632 elidere:
454 3517 619 3605 Frater!
649 3549 730 3606 non
756 3527 874 3630 potes
897 3523 1115 3608 observare
1133 3523 1224 3622 hoe.
1252 3524 1361 3634 qnod
1385 3529 1508 3633 petis;
1538 3524 1680 3608 meiius

92 3707 98 3715 -
189 3665 191 3674 '
267 3650 433 3734 esttibi
463 3652 505 3734 in
534 3654 698 3736 saecuto
726 3681 826 3754 esse,
855 3681 977 3763 quarn
1009 3654 1089 3738 true
1120 3657 1255 3739 venire
1284 3669 1327 3740 et
1355 3657 1677 3765 promitterem,

37 3797 40 3804 '
191 3779 195 3787 ’
267 3811 373 3892 quae
409 3812 494 3868 uon
535 3790 651 3894 potes
680 3785 912 3873 observare.
967 3785 1093 3871 Forte
1133 3796 1177 3871 tu
1209 3789 1321 3872 inisti
1359 3787 1725 3872 molestasse.

148 3909 155 3922 '
216 3951 219 3956 ·
267 3913 522 4026 onlo,suune
562 3915 621 3999 vis
661 3921 704 3998 te
740 3923 784 4000 et
806 3917 921 4012 ,alios
952 3921 1134 4028 perdere.
1191 3919 1342 4003 Verum
1373 3919 1496 4004 dehet
1525 3948 1681 4004 nuuse

112 4137 117 4146 ,
269 4047 463 4132 iratribus
500 4049 633 4138 dicere
672 4049 731 4132 iili
770 4051 979 4136 semotimz
1021 4051 1187 4138 Frater!
1209 4068 1360 4170 ‘nostra
1397 4054 1542 4164 regula
1569 4055 1682 4155 dicit,

67 4173 83 4198 “
121 4229 129 4244 ·
270 4185 318 4263 nt
344 4186 387 4264 te
416 4209 500 4266 non
530 4181 702 4290 recipiat
730 4195 869 4266 noster
903 4183 1030 4268 abbas
1058 4185 1164 4288 nito,
1186 4188 1257 4272 sed
1286 4189 1321 4272 si
1362 4187 1683 4296 perseveraveris

270 4311 493 4422 pulsando,
523 4314 647 4399 faciet
675 4313 773 4412 tibi,
810 4315 918 4400 siout
946 4315 992 4400 tir
1022 4319 1230 4426 postnlas,
1274 4321 1372 4426 quia
1410 4318 1555 4428 regula
1582 4318 1685 4402 dicit

266 4472 345 4528 non
372 4447 512 4550 lucidis
538 4445 741 4529 tribuatur
768 4447 999 4554 inpressum
1037 4449 1131 4535 ideo
1169 4453 1245 4535 tibi
1276 4457 1415 4535 noster
1442 4453 1571 4534 abhas
1597 4463 1693 4564 nou¹

267 4576 372 4658 dixit
417 4577 567 4661 venire.
624 4573 704 4660 Sed
744 4581 807 4659 tn·
831 4579 922 4660 veni
966 4578 1018 4661 od
1055 4588 1219 4690 portam
1254 4583 1491 4668 monasterii
1529 4589 1573 4666 et
1607 4609 1683 4666 uos

36 4741 42 4754 ’
199 4713 213 4781 .’
267 4709 345 4791 tibi
389 4710 655 4793 exhibeamus
695 4709 863 4818 aliquod
907 4713 1158 4821 adjutoriam
1198 4721 1241 4797 et
1283 4713 1683 4826 supplementum,¹)
1762 4743 1763 4748 ‘

268 4867 479 4948 usquequo
511 4842 667 4926 iterum
710 4841 889 4950 loquaris
925 4872 1018 4926 curn
1062 4845 1147 4931 illo.
1205 4845 1443 4931 Notandum
1472 4855 1559 4946 est,
1587 4849 1684 4956 qnia

269 4969 371 5054 bene
399 4971 506 5054 dixit
531 4980 652 5078 uptus
679 4977 733 5055 sit
760 4973 818 5058 ud
853 4973 1076 5062 lucrandos
1113 4977 1299 5080 ursimus,
1339 4965 1440 5089 ¹qnia
1466 4979 1574 5064 siout
1601 4981 1683 5080 iile,
1720 5057 1725 5070 ,
1883 4990 1895 5095 ξ

274 5165 535 5182 ...η-...ἡ

358 5260 387 5348 ¹)
407 5257 724 5333 unuhtevamentnm.
774 5261 1167 5358 eod.1)nionens.ap.
1192 5265 1343 5342 hiarten.
1477 5203 1496 5348 ,i
