3930 5788
240 55 388 262 aar}
555 57 669 228 ’ζ’
844 57 1085 230 caum

62 321 69 338 ⁹
240 353 485 476 custodiaet
498 352 734 480 disciplina,
758 353 889 442 donee
904 355 1075 440 veniant
1096 355 1149 442 ad
1172 351 1286 442 illam
1300 359 1496 461 aetatem,
1515 355 1563 440 in
1583 385 1665 470 qm

244 491 420 598 possunt
441 472 559 571 ⁸credi
588 484 678 568 sine
707 481 917 594 magistris
943 513 1043 590 ease,
1070 513 1113 588 r,
1131 511 1198 597 gr.
1223 485 1260 570 ai
1285 513 1416 598 nsque
1442 484 1496 569 ad
1514 483 1664 596 viginti

147 617 153 628 '
241 616 309 702 rel
336 613 514 726 triginta
544 615 671 700 inerit
698 641 862 720 uecoeae
898 615 977 700 sub
1013 615 1201 702 custodia
1227 643 1334 720 essa,
1373 615 1453 701 sub
1479 615 1664 702 metudio

5 793 9 808 ·
150 841 157 857 ‚
242 747 397 832 debent
422 749 572 835 stare.-
601 744 657 829 lit
684 743 765 832 hoo
795 746 1048 834 notandum:
1084 747 1295 858 usquead
1331 747 1523 858 quintum
1558 745 1665 831 dcci·

245 868 357 963 mrim
385 905 557 980 annum,
584 877 692 960 mont
719 875 891 962 inferius
917 878 1102 964 dictnrna
1130 887 1206 982 eat,
1234 877 1388 962 debent
1405 877 1467 962 illi
1486 878 1664 964 infantes

244 1011 322 1093 sub
358 1007 546 1093 custodia
584 1033 707 1108 esse,
723 1012 767 1090 et
795 1008 872 1092 snb
899 1009 1116 1114 omnibns,¹
1141 1009 1291 1120 quibus
1324 1009 1555 1118 injunctum
1585 1013 1660 1094 aa

14 1103 23 1116 ⁹
156 1125 159 1134 ’
246 1138 406 1226 Deinde
431 1135 645 1250 postxv
671 1137 910 1242 annum,si
947 1140 1058 1223 risus
1091 1139 1218 1224 inerit
1253 1139 1325 1222 ille
1360 1137 1498 1222 inians
1533 1139 1664 1224 bonus

245 1277 288 1353 et
316 1270 497 1369 sobrius,
527 1267 588 1351 ita
615 1271 778 1356 utnon
807 1271 862 1356 sit
888 1268 949 1353 illi
978 1272 1227 1370 necessitas,
1255 1268 1476 1380 magistros
1504 1268 1665 1371 habere,

251 1399 375 1482 debet
402 1399 513 1482 exire
541 1397 593 1481 de
620 1397 695 1482 illa
721 1399 958 1511 disciplina,
988 1404 1032 1481 ct
1058 1398 1184 1484 debet·
1211 1399 1326 1483 illum
1357 1390 1487 1484 abbas
1514 1399 1668 1496 solnm·

249 1530 373 1614 modo
403 1529 474 1612 uni
505 1529 743 1638 specialiter
770 1531 889 1614 fratri
917 1530 1051 1614 bonae
1078 1534 1124 1612 ot
1149 1534 1317 1614 sanctae
1342 1531 1667 1616 conversationis

220 1649 559 1766 commendare,
591 1659 665 1769 qni
697 1659 812 1742 illum
843 1659 1070 1763 custodiat,
1098 1665 1226 1770 atque
1260 1659 1379 1760 dare,
1409 1687 1493 1744 non
1521 1666 1575 1744 'nt
1605 1663 1668 1745 illi

247 1789 400 1875 serviat
430 1791 539 1874 sicut
566 1787 801 1900 manipulus
823 1791 893 1900 (i),
920 1789 999 1884 sed,
1020 1795 1069 1873 ut
1094 1790 1166 1873 ille
1193 1789 1309 1874 illum
1338 1789 1668 1892 enudatio.

248 1947 341 2005 cum
371 1920 446 2003 illo
475 1920 638 2020 sedeat,
668 1917 837 2028 quaudo
864 1920 969 2030 legit
1005 1926 1050 2005 et
1076 1919 1243 2030 qnando
1270 1918 1547 2004 obedientiam
1577 1919 1670 2002 ubi·

247 2076 328 2158 que
364 2051 467 2158 agit.
524 2047 582 2132 Et
608 2047 678 2131 ille
707 2047 844 2132 senior
875 2049 999 2133 debet
1031 2049 1148 2134 illum
1176 2048 1351 2134 sollicite
1387 2048 1593 2133 custodire
1626 2053 1670 2131 et

250 2178 399 2280 videre,
429 2183 571 2262 utrum
597 2176 699 2261 levis
728 2177 783 2260 sit
808 2180 853 2262 in
871 2206 947 2262 suo
970 2183 1087 2263 motn
1113 2185 1189 2263 ant
1213 2179 1323 2262 forte
1349 2179 1669 2262 familiaritatem
1792 2235 1796 2244 .

249 2310 404 2393 hahent
432 2337 525 2392 oum
554 2307 646 2393 aliis
672 2307 925 2410 infantibus,
952 2310 1036 2394 suis
1075 2309 1237 2394 coaevis
1272 2309 1413 2396 etiam.
1468 2306 1515 2391 Si
1550 2308 1667 2391 illum

130 2471 133 2480 ⁴
255 2439 500 2550 cognoverit
526 2437 720 2522 vitiosum
748 2466 848 2540 esse,
877 2444 979 2523 tunc
1001 2438 1289 2524 debetabbati
1311 2439 1365 2523 de
1382 2438 1455 2523 illo
1473 2436 1670 2522 nunciare

108 2685 113 2694 ι
253 2573 349 2679 post
369 2561 495 2653 unum
514 2597 683 2671 annum,
706 2597 757 2655 ex
782 2598 865 2680 qno
884 2597 1071 2682 egressum
1090 2579 1152 2654 est
1170 2566 1222 2652 de
1240 2570 1439 2672 custodia,
1460 2569 1668 2670 siveante,

256 2701 284 2788 i.
313 2728 349 2790 e.
373 2701 496 2809 juxta
530 2727 615 2812 quo
651 2701 744 2786 eum
776 2702 1022 2812 cognoverit
1048 2699 1270 2786 sollicitum
1300 2729 1399 2785 esse.
1454 2701 1573 2785 Tune
1600 2699 1671 2783 ille
1712 2678 1736 2772 s
1794 2705 1797 2709 ’

77 2885 82 2896 ·
171 2841 180 2860 ‘
253 2831 383 2914 abbas
419 2830 541 2916 debet
577 2832 694 2915 illum
735 2833 935 2916 infantem
970 2831 1030 2916 ita
1066 2861 1174 2935 esse,
1206 2831 1314 2917 sicut
1350 2834 1526 2944 majores
1561 2837 1673 2932 aunt,
1726 2911 1734 2928 ‚
1805 2872 1813 2883 ·

174 2983 177 2990 ’
256 2961 520 3046 constituere.
575 2961 790 3048 Sciendum
819 2966 882 3046 est
909 2955 1045 3064 enim,
1071 2962 1252 3073 qnia,'si
1282 2963 1502 3048 necessitas
1534 2961 1671 3062 luerit,

204 3171 207 3180 .
256 3097 303 3174 ut
333 3118 408 3199 pro
436 3091 599 3202 hospite
637 3092 689 3176 de
727 3093 866 3178 officio
902 3095 1014 3179 exire
1052 3093 1200 3180 debeat
1237 3094 1412 3206 aliquis,
1440 3095 1526 3178 ille·
1551 3093 1674 3177 debet

5 3167 6 3220 ἶ
116 3283 156 3321 .,
255 3221 380 3322 exire,
408 3222 479 3331 qni
509 3222 785 3307 obedientiam
816 3224 1025 3333 hospitum
1055 3220 1209 3325 habet3
1237 3253 1334 3310 narn
1362 3227 1415 3309 de
1442 3224 1672 3336 hospitibus
1778 3318 1783 3327 ¹
1886 3322 1890 3329 ,

258 3350 474 3435 monachis
501 3351 562 3436 ita
589 3352 632 3436 iu
655 3351 829 3438 Francia
855 3354 1018 3466 agitur:
1046 3351 1091 3438 Si
1114 3361 1179 3438 est
1202 3355 1413 3440 familiaris
1435 3353 1671 3454 monachus,

255 3481 298 3564 iu
327 3479 570 3566 domitorio
600 3482 895 3568 nuouaahorum
924 3485 1077 3568 dormit
1112 3491 1155 3568 et
1183 3488 1227 3570 iu
1254 3487 1433 3570 claustra
1461 3513 1553 3570 cnm
1582 3484 1674 3567 aliis

255 3608 470 3694 monachis
496 3611 602 3723 legit
629 3617 672 3696 ot
700 3611 742 3694 in
773 3613 989 3700 refectorio
1018 3614 1239 3700 manducat
1275 3623 1318 3698 et
1354 3643 1474 3700 mane
1511 3619 1556 3698 et
1582 3640 1673 3698 aero

125 3847 129 3856 Ι
255 3740 378 3825 etad
411 3741 637 3853 capitulum
668 3745 784 3827 veuit
804 3744 990 3830 fratrum.
1033 3744 1077 3831 Si
1105 3745 1184 3830 iste
1204 3745 1298 3831 talis
1321 3747 1435 3831 videt
1454 3747 1513 3830 ibi
1542 3743 1675 3856 negli-

255 3874 463 3987 gentiam,
493 3874 616 3960 debet
653 3873 898 3980 admouere,
926 3884 975 3960 nt
1013 3878 1265 3965 emendetur.
1321 3877 1366 3964 Si
1405 3906 1503 3962 vcro
1543 3903 1672 3961 novus

254 4008 404 4119 hospes
445 4007 596 4109 inerit,
623 4012 786 4090 tantum
825 4007 878 4094 ad
919 4011 1147 4122 capitulum
1184 4010 1299 4096 veuit
1338 4011 1515 4096 fratrum
1553 4035 1674 4094 causa

255 4138 555 4224 aedificationis
575 4165 625 4222 ex
644 4137 832 4224 lectionis
851 4142 1075 4229 traditione
1097 4147 1141 4226 ct
1157 4142 1323 4227 ducitur
1341 4142 1385 4225 in
1410 4143 1671 4226 relectorium

161 4289 165 4298 ·
255 4271 431 4355 fratrum
459 4269 511 4353 ad
541 4268 890 4373 manducandum
919 4274 1099 4361 dormire
1128 4303 1295 4359 vero-
1322 4273 1423 4360 ioris
1450 4274 1605 4359 dormit
1629 4274 1673 4358 in

256 4391 501 4488 demeritorio
537 4403 746 4516 hospitum
787 4405 1096 4498 monachorum.
1152 4387 1265 4494 Nam*
1295 4409 1428 4520 prima
1456 4405 1544 4492 ricc
1578 4434 1689 4492 currunt¹

132 4531 136 4542 '
257 4534 371 4619 veuit
391 4535 467 4619 iste
484 4564 630 4642 novas,
659 4538 773 4623 duait
790 4568 884 4623 eum
904 4541 1018 4650 prior
1032 4570 1107 4652 per
1132 4547 1223 4630 tota
1245 4542 1413 4628 oiiicina
1437 4538 1673 4625 monasterii

116 4729 124 4748 ,
258 4666 417 4752 diceus:
446 4664 607 4772 Frater,
624 4669 697 4753 nbi
714 4670 1009 4784 negligentiam
1029 4676 1138 4763 ioris
1158 4675 1311 4777 vidisti,
1333 4674 1516 4760 caritatis
1525 4681 1674 4756 ’amore

157 4912 161 4920 1
258 4794 538 4904 deprecamur,
568 4806 616 4885 nt
644 4799 770 4906 dieas,
799 4811 1001 4913 quatenns
1029 4808 1303 4895 emendemus.
1349 4805 1397 4891 Si
1423 4833 1521 4891 aero
1549 4805 1676 4890 inerit

259 4928 485 5013 monachus
513 4931 663 5043 hospes
691 4941 766 5017 aut
791 4935 962 5021 clericus
990 4940 1156 5043 nobilis,
1186 4944 1299 5042 tunc,
1329 4965 1422 5023 cnm
1449 4941 1604 5054 exeunt
1621 4936 1673 5020 dc

92 5183 96 5192 ἢ
129 5115 140 5138 ·
260 5063 493 5194 refectorio,
523 5094 614 5149 cum
645 5067 797 5151 abbate
825 5075 977 5153 exeunt
1005 5078 1100 5180 post
1127 5071 1288 5156 iratres.
1329 5067 1372 5154 Si
1397 5095 1494 5154 vero
1521 5094 1675 5178 puuper
