3994 5770
263 243 344 326 224
409 237 414 248 ’
742 232 746 242 ’
918 235 1006 326 cap.
1030 229 1113 308 vn.

264 456 376 566 qnod
397 453 498 538 uribi
515 452 607 539 leve
634 451 700 537 rel
727 415 853 558 suave
880 457 957 551 cst,
985 452 1056 536 sed
1084 451 1248 536 abbatis
1271 399 1365 554 mei,
1393 453 1464 562 qui
1485 429 1681 539 m'e'misit

124 587 127 594 ’
264 583 306 666 in
338 581 444 666 hunc
473 579 765 668 obedientiam.

375 709 592 820 Sequitur:
645 705 856 814 Voluptas,
877 699 995 797 babet
1026 733 1222 816 praeeram,
1257 718 1295 795 ct
1321 713 1542 796 necessitas
1561 715 1680 818 pori!

264 865 466 927 moercar.
521 837 631 922 Sunt
672 839 782 922 enim
826 841 972 940 multi,
1013 837 1086 948 qui
1127 839 1414 949 distinqunut,
1441 839 1678 926 uoluntatem

265 983 358 1081 (per
383 975 429 1082 n)
465 972 643 1053 attinere
669 967 722 1053 ud
754 967 908 1070 Deum,
948 976 993 1054 et
1018 968 1271 1052 colrcrnlatenr
1298 972 1390 1080 (per
1416 973 1475 1082 m)
1502 973 1681 1074 attinere
1712 1016 1718 1030 ·

265 1102 317 1186 ad
347 1085 583 1202 homiuem,
617 1100 857 1204 adamanus
893 1100 1058 1210 (perp)
1096 1097 1150 1182 ud
1190 1099 1423 1200 diabolnms
1466 1101 1537 1184 sed
1572 1102 1680 1186 lrarre

265 1230 574 1325 distinctionem
602 1255 687 1311 non
716 1255 877 1338 semper
911 1257 1029 1314 sacra
1063 1228 1267 1337 scriptum
1302 1237 1539 1335 conseruat,
1586 1235 1700 1342 qnia.

267 1363 525 1470 volnpbrset
552 1359 596 1442 iu
625 1361 736 1443 bono
764 1365 808 1442 et
835 1361 877 1442 in
908 1359 1016 1442 malo
1045 1359 1216 1468 poenitur
1244 1360 1406 1452 dicente
1424 1362 1559 1462 Beda,
1577 1363 1682 1445 ment

265 1491 491 1596 paradinas
518 1488 735 1593 vulcanalis
762 1487 936 1591 dicitur,
974 1495 1018 1570 et
1054 1487 1203 1570 iterans
1241 1488 1283 1571 in
1314 1491 1472 1598 psrrlrno
1498 1492 1682 1576 cursitent

268 1619 325 1704 Et
353 1623 527 1701 torrenda
554 1615 770 1723 coleplatis
796 1603 890 1702 tuae
909 1614 1075 1720 procebis
1103 1641 1195 1719 eos,·
1232 1621 1275 1700 in
1306 1620 1414 1702 uralo
1442 1621 1579 1702 autern
1609 1619 1683 1700 Sa·

269 1749 407 1834 lonron
437 1752 517 1834 uit:
560 1747 843 1834 Adolescentia
877 1749 986 1832 arrisu
1023 1754 1061 1830 et
1079 1747 1276 1856 'calendas
1302 1777 1409 1835 acerra
1438 1756 1532 1833 sceret
1603 1747 1683 1832 l’ro
1792 1835 1799 1848 ,

269 1882 540 1967 delectatione
567 1881 691 1964 etiam
720 1879 889 1988 ponitur
916 1881 1063 1980 curnis,
1093 1880 1200 1963 sicut
1217 1879 1319 1964 Seru
1347 1881 1533 1968 dicebat:
1565 1881 1684 1964 Posi-

268 2038 390 2118 qucum
418 2013 535 2095 cerurci
569 2011 819 2094 dedareanus
853 2034 965 2092 sereres
992 2008 1143 2092 nardus
1170 2015 1251 2110 est,
1290 2009 1482 2116 volrpmdi
1518 2037 1684 2115 apres-mn

267 2142 409 2224 ciebo?
460 2139 510 2224 Iu
549 2141 628 2224 boc
663 2137 774 2222 enim
813 2138 906 2224 loco
943 2140 1029 2224 sire
1068 2169 1143 2250 per
1171 2167 1196 2223 a
1237 2139 1439 2225 habeatnr
1481 2137 1685 2246 volrrptas,

268 2273 354 2354 sire
379 2299 453 2381 per
478 2297 540 2372 sn,
580 2268 640 2352 nil
669 2270 805 2352 sensui
834 2271 995 2372 obstat,
1036 2273 1134 2382 quia
1174 2277 1349 2380 utroque
1387 2270 1511 2353 modo
1553 2275 1688 2377 potest

185 2511 188 2518 ἢ
270 2404 375 2502 elleh
412 2401 597 2488 colunias
636 2400 744 2484 enirn
774 2429 847 2510 per
874 2429 901 2486 u
930 2403 966 2484 si
995 2403 1038 2485 iu
1068 2405 1178 2488 liano
1206 2405 1396 2514 ponitur,
1434 2409 1496 2484 est
1523 2428 1686 2484 scansus:

271 2535 348 2634 Qui
377 2533 486 2617 enim
510 2531 599 2616 Deo
627 2534 773 2617 volunt
801 2532 964 2634 servire,
994 2533 1150 2617 babent
1178 2561 1361 2644 pugnam
1386 2538 1532 2618 corrtra
1558 2532 1685 2616 delec-

269 2667 470 2750 tationem
501 2664 648 2750 cernuis.
706 2659 761 2746 Et
800 2663 877 2748 iste
913 2662 1031 2748 labor
1058 2667 1144 2750 sive
1172 2693 1313 2776 pugna
1341 2664 1422 2766 illi,
1463 2693 1586 2774 quarn
1615 2665 1689 2748 ad·

176 2901 179 2908 ι
273 2824 431 2882 versum
461 2822 623 2881 caruem
655 2794 795 2898 babet,
824 2795 903 2908 qul
919 2795 1006 2882 Deo
1034 2799 1182 2908 placet,
1212 2825 1344 2908 poena
1366 2805 1430 2886 est
1448 2797 1689 2898 necessaria,

173 2909 202 2976 ⁵·
271 2931 342 3018 sed
372 2931 461 3040 ipsa
487 2956 623 3039 poena
649 2927 736 3013 sive
763 2931 985 3013 necessitas
1019 2911 1233 3040 generabit
1273 2928 1333 3048 illi
1373 2957 1566 3014 coronam
1596 2957 1689 3038 pier·

196 3099 200 3106 ·
271 3069 449 3170 petuam.
496 3059 552 3144 llt
578 3059 671 3144 ideo
688 3060 911 3144 secundnm
937 3061 1047 3146 hunc
1069 3089 1246 3164 sensum,
1275 3087 1368 3144 cnm
1388 3061 1488 3143 dicit
1500 3053 1689 3163 proeresius,

197 3273 215 3286 ,
271 3193 468 3316 splmndi:
507 3194 788 3302 temporalem.
845 3191 949 3277 ltem
977 3193 1062 3277 alio
1091 3193 1214 3278 rrrodo
1248 3195 1386 3302 potest
1412 3189 1589 3301 intelligi
1619 3193 1688 3288 ita,

135 3315 143 3326 ’
270 3325 304 3408 si
333 3323 448 3430 enim
472 3350 601 3432 perp
628 3321 812 3428 euterpius
842 3321 1041 3429 babetur,
1082 3325 1193 3433 quod
1237 3322 1392 3406 attinet
1425 3323 1479 3406 ud
1515 3323 1723 3406 delectus

47 3516 53 3530 ·
87 3547 91 3556 ,
151 3539 156 3550 ,
179 3561 183 3574 .
273 3456 428 3538 tionem
452 3453 599 3554 earinis,
625 3451 810 3559 colrcptas
826 3452 943 3538 leedet
956 3481 1133 3559 procreem
1156 3459 1193 3536 a
1215 3455 1437 3538 necessitas
1452 3453 1567 3558 puerit
1587 3477 1695 3534 coro·

272 3610 390 3685 ereren,
428 3582 469 3666 b.
500 3611 535 3666 e.
564 3583 657 3685 ille,
700 3587 771 3692 qui
813 3581 916 3666 vivit
943 3583 986 3668 iu
1016 3582 1359 3670 delectationibus
1397 3593 1442 3668 et
1469 3583 1626 3666 deliciis
1653 3587 1696 3662 et

273 3712 428 3798 resistit
464 3711 665 3820 superbiis
704 3716 829 3822 utque
859 3713 1031 3798 luxuriis
1070 3714 1135 3798 vel
1174 3715 1299 3800 etiam
1342 3713 1698 3809 fornicationibus,

276 3871 381 3952 qum
418 3842 556 3926 solent
591 3869 640 3924 ex
680 3842 779 3950 ipsis
814 3843 972 3927 deliciis
1011 3843 1097 3928 sice
1125 3844 1468 3930 delectationibus
1496 3840 1696 3950 generari,

168 4013 171 4022 ·
276 3975 353 4056 iste
381 3973 525 4073 labor,
562 4001 684 4081 quem
712 3977 912 4074 sustinet,
941 3973 1119 4058 eflicitur
1146 4003 1281 4084 poena
1303 3973 1543 4074 necessaria,
1577 3979 1696 4054 etex

275 4106 353 4190 hac
394 4131 529 4215 poena
567 4095 835 4212 {generabitur
870 4107 908 4190 ei
951 4133 1105 4190 eorunm
1133 4111 1354 4215 perpetua:
1383 4105 1418 4188 si
1446 4109 1586 4189 numm
1616 4130 1698 4184 non

275 4238 429 4320 resistit
470 4235 627 4345 positus
666 4235 711 4318 in
747 4235 1034 4322 habundantia
1079 4237 1162 4322 suis
1203 4237 1405 4346 superbiis
1443 4243 1487 4320 et
1514 4233 1699 4332 luxuriis,

276 4365 445 4452 babebit
485 4395 659 4478 poenam
700 4375 953 4480 perpetuam.
990 4367 1114 4476 ,Alio
1137 4368 1415 4454 modoetiam
1447 4365 1697 4476 intelligitur

135 4608 140 4618 ,
275 4497 460 4606 redeptus
486 4499 602 4585 laedet
623 4523 821 4606 pocenaria,
850 4501 878 4588 i.
908 4530 943 4584 e.
973 4503 1007 4584 si
1038 4501 1262 4586 monachus
1289 4501 1373 4586 suis
1423 4496 1706 4608 volcrptatibns

276 4630 549 4741 accprieverit,
589 4632 631 4717 lr.
670 4659 705 4716 e.
746 4631 780 4716 si
823 4661 917 4716 siuas
958 4634 1189 4744 voluptates
1230 4633 1408 4720 voluerit
1444 4629 1615 4740 implere
1666 4631 1709 4710 et
1826 4713 1835 4746 1

155 4827 161 4841 ,
278 4765 457 4849 noluerit
499 4764 668 4848 obedire
705 4762 849 4849 alicnis
887 4764 1168 4875 voluptatibus
1212 4771 1256 4850 et
1295 4763 1501 4873 imperiis,
1542 4788 1591 4843 ex
1621 4757 1699 4841 boc

279 4901 501 5004 generatur
527 4893 748 5006 illi'poena
776 4903 959 4982 aeterna.
1004 4895 1160 4994 erodsi
1190 4894 1372 4978 uoluerit
1400 4922 1494 4978 snas
1531 4893 1701 5002 implere

281 5027 535 5136 voluptates,
573 5028 643 5110 sed
682 5029 814 5137 magis
842 5028 1016 5112 aliomrn
1046 5025 1223 5110 obedire
1253 5027 1431 5110 voluerit
1465 5022 1710 5135 praeceptis,

278 5183 328 5239 ex
358 5155 435 5237 boc
463 5159 687 5260 gestaretur
710 5157 784 5258 illi,
813 5165 1010 5266 quamtum
1041 5157 1092 5239 ad
1114 5163 1365 5264 prnuesenteur
1393 5157 1517 5242 vitrum
1539 5157 1707 5251 attinet,
