3994 5770
135 307 136 312 Ν
246 216 326 298 192
662 207 667 214 ’
878 209 966 304 0⁸1)-
987 211 1033 284 V·

232 429 414 516 oratione
452 427 652 514 diebus.-
698 427 856 514 Paaeta
895 435 1077 514 amnon
1115 429 1395 536 wdidionam
1435 427 1492 513 da
1509 465 1513 474 ·
1531 427 1649 512 noro

229 558 370 662 leodie3
406 586 501 644 ecco
526 571 571 644 et
596 563 785 644 nostrum
813 559 1008 660 dicimus,
1035 562 1080 643 et
1104 565 1266 659 mmeu,
1295 564 1345 643 ut
1371 559 1519 660 detur,
1558 546 1649 644 ora·

233 718 336 794 mus.
394 688 548 779 Noster
575 690 727 802 quippe
749 689 812 793 fit,
839 717 933 777 cnm
960 688 1175 798 accipitur,
1203 687 1276 801 qui
1303 694 1444 775 tamen
1466 689 1544 776 Dei
1570 695 1648 795 est,

235 821 331 929 quia
357 820 412 906 ab
442 819 516 906 illo
544 821 679 912 dator.
736 819 793 905 Et
820 820 898 904 Dei
926 848 1026 932 ergo
1055 827 1194 932 estex
1221 847 1403 923 munere,
1438 826 1481 905 et
1508 827 1650 902 uostm

160 1053 163 1060 ⁴
232 956 386 1066 quippe
424 955 473 1040 tit
510 954 709 1039 veraciter
745 981 820 1066 per
855 952 1150 1064 acceptionem.
1207 951 1274 1036 itu
1308 980 1410 1065 ergo
1449 951 1650 1037 hocloco

91 1183 92 1186 p
233 1081 392 1172 bomini
414 1114 529 1171 suam
548 1085 753 1195 justitiam
770 1084 971 1170 Dominus
999 1085 1148 1186 reddit,
1176 1113 1260 1174 non
1287 1113 1410 1196 qnam
1429 1112 1480 1169 ex
1501 1091 1649 1180 semet·
1764 1071 1767 1078 ⁴

235 1221 324 1326 ipso
354 1217 521 1322 habuit,
561 1217 642 1324 aed¹
660 1246 783 1328 quam
813 1205 1003 1302 conditus
1032 1223 1080 1300 ut
1107 1217 1282 1342 habeat,
1319 1217 1501 1327 accepit,
1536 1221 1580 1301 et
1606 1215 1649 1300 in

232 1381 315 1462 quo
349 1352 488 1460 lapsus
524 1377 782 1459 perseverare
818 1350 964 1434 notuit
1023 1348 1142 1432 Illam
1173 1373 1275 1458 ergo
1304 1349 1510 1458 justitiam
1540 1346 1664 1434 Deus.

134 1581 136 1585 ¹
233 1483 378 1568 reddet
403 1483 584 1584 homini,
629 1483 681 1566 ad
711 1479 1054 1596 quumeonditus
1088 1478 1190 1582 fnit,
1232 1487 1280 1564 ut
1316 1480 1527 1564 inhaerere
1563 1480 1651 1564 Deo
1722 1557 1728 1568 ,
1808 1469 1812 1476 ’

234 1615 374 1716 libeat,
403 1620 452 1699 nt
481 1615 679 1701 minacem
713 1617 801 1722 ejus
817 1612 1062 1694 sententiam
1082 1610 1357 1721 pertimescat,
1387 1618 1435 1695 ut
1453 1611 1653 1719 serpentis
1786 1707 1792 1718 ι

231 1745 367 1829 callidi
390 1747 478 1856 jaun
508 1744 845 1864 promissionibus
873 1771 962 1827 non
995 1744 1149 1827 eredat
1201 1741 1312 1826 Hinc
1340 1745 1463 1828 etiam
1492 1727 1652 1826 Cassio·
1736 1789 1738 1796 ,

145 1918 153 1928 -
234 1877 359 1959 dorns
407 1876 530 1960 dicit:
578 1873 722 1958 Veluti
775 1878 924 1957 tractam
975 1872 1117 1970 dicunt
1166 1879 1335 1957 venturo
1383 1901 1528 1972 sunno,
1569 1901 1652 1981 qno

235 2009 410 2090 utuntur
457 2005 509 2089 ad
551 2004 658 2088 bene
699 2002 1001 2114 riarignndum,
1049 2001 1107 2086 sic
1148 2009 1192 2088 et
1235 2031 1301 2089 rea
1343 2003 1534 2089 monaehi
1578 2032 1652 2086 sua

95 2197 100 2204 v
235 2140 493 2244 potestesse
534 2139 576 2219 et
605 2162 689 2220 nou
717 2162 803 2223 sua.
860 2133 956 2237 Sua,
985 2129 1083 2247 quia
1110 2163 1200 2222 eam
1229 2135 1283 2219 ab
1310 2135 1462 2221 abbate
1489 2138 1651 2234 tautum

237 2269 289 2351 ad
328 2297 442 2352 snam
485 2267 709 2353 utilitatem
748 2269 934 2379 accepit,
973 2298 1059 2353 non
1088 2297 1183 2373 sua,
1224 2267 1322 2376 quia
1358 2295 1435 2354 nec
1464 2267 1653 2370 rendere,

237 2430 312 2485 neo
341 2401 499 2486 donare
527 2430 618 2485 eam
647 2407 786 2512 potest
814 2403 904 2486 sine
926 2400 1094 2484 licentia
1120 2400 1298 2498 abbatis,
1326 2402 1442 2510 cujus
1466 2397 1682 2510 potestas·

239 2538 301 2615 est
341 2532 523 2616 donandi
559 2533 625 2616 vel
662 2533 878 2620 vendendi.
919 2531 1093 2630 Statim,
1129 2531 1159 2619 i.
1194 2559 1230 2620 o.
1259 2559 1380 2630 mox;
1417 2521 1653 2624 deserendos,
1708 2519 1711 2525 ’
1866 2575 1872 2586 ·

237 2664 265 2754 i.
296 2693 331 2752 e.
360 2664 660 2774 relinquentes;
689 2689 806 2766 aeos,
833 2667 861 2754 i.
890 2693 926 2750 e.
949 2666 1113 2764 statim3
1140 2666 1410 2769 exoccupatis,
1438 2665 1466 2754 i,
1495 2690 1530 2750 e.
1558 2688 1654 2742 eva·

238 2797 393 2896 cuatis3
418 2797 451 2880 si
482 2797 593 2880 enim
623 2824 660 2882 v.
690 2824 754 2908 gr.
774 2797 937 2883 consuis
962 2799 1018 2895 et,
1040 2825 1133 2882 cum
1161 2795 1279 2880 andis
1295 2795 1528 2905 imperium,
1555 2821 1656 2876 con·

145 2957 155 2976 ·
237 2928 394 3012 suendo
435 2929 575 3030 vadis,
614 2929 800 3038 quamvis
836 2929 977 3014 statim
1018 2930 1157 3031 vadas,
1197 2933 1337 3014 tamen
1375 2954 1457 3012 nou
1493 2952 1656 3010 morea·
1801 3041 1804 3046 ¹

235 3063 353 3167 petis
380 3062 571 3145 errantibus
599 3059 726 3162 radis,
755 3060 783 3145 i.
811 3089 846 3145 e.
876 3089 958 3146 non
988 3062 1094 3170 agis,
1122 3060 1234 3171 qnod
1261 3060 1434 3143 inferius
1462 3053 1587 3141 dicit:
1621 3063 1657 3139 et

240 3191 349 3297 qaod
379 3191 562 3300 opebcat,
593 3190 866 3296 inperfectam
895 3191 1190 3297 relinquentes3
1232 3189 1526 3296 imperfectam,
1564 3189 1592 3278 i.
1621 3217 1656 3274 e.
1773 3279 1785 3292 ,

238 3349 323 3404 non
354 3322 578 3431 perfectum
609 3321 674 3404 vel
703 3349 785 3405 non
816 3320 1090 3432 completum
1119 3348 1157 3406 r.
1187 3348 1251 3431 gr.
1280 3322 1328 3422 si,
1357 3349 1452 3404 com
1479 3322 1656 3444 consuis,
1755 3403 1758 3408 ,
1867 3314 1874 3383 ἒ

70 3451 76 3468 ’
239 3451 366 3534 habes
396 3453 482 3560 jam
523 3451 686 3537 missam
720 3459 849 3536 setam
890 3453 933 3536 in
972 3454 1157 3536 foramen
1194 3451 1315 3560 pellis
1352 3451 1417 3535 vel
1454 3477 1571 3534 acum
1612 3450 1656 3531 in

239 3608 424 3690 pannum
464 3585 507 3664 et
546 3582 770 3693 imperatus
805 3583 963 3688 fueris,
1001 3610 1084 3666 nou
1112 3583 1236 3668 debes
1262 3582 1502 3693 pertrahere
1529 3589 1655 3666 setam

239 3717 313 3794 ant
340 3711 561 3820 perducere
588 3740 736 3815 acum,
776 3715 846 3796 sed
886 3715 986 3824 ipsis
1026 3743 1112 3797 non
1147 3713 1322 3821 expletis
1355 3714 1495 3796 statim
1536 3713 1660 3797 debes

202 3835 204 3842 ’
240 3868 405 3924 currere
431 3841 483 3925 od
514 3869 655 3926 rocem
684 3843 947 3952 imperantis,
975 3846 1098 3930 sicuti
1125 3843 1293 3954 quidam
1322 3841 1486 3928 Marcus
1515 3873 1662 3930 mona·

240 3972 342 4054 otrus
369 3971 523 4080 legitur
551 3974 717 4078 iecisse,
760 3975 832 4083 qui
869 3975 1011 4060 auditu
1051 4003 1150 4060 soce
1189 3975 1319 4084 patris
1356 3977 1539 4062 scribens
1576 4007 1659 4064 uon
1732 4002 1737 4012 ·

210 4153 214 4162 -
242 4101 417 4210 perfecit
447 4103 643 4188 circulum
674 4134 699 4190 o
727 4103 889 4190 litterae
918 4113 1088 4217 propter
1116 4106 1406 4194 obedientiam.

357 4234 577 4343 Sequitur:
619 4237 750 4320 aicirro
787 4237 1033 4322 obedient-iae
1064 4239 1184 4345 pede.
1244 4237 1502 4325 Obedieatice
1527 4289 1530 4294 ·
1542 4241 1662 4352 geni·
1708 4287 1720 4320 t

242 4367 354 4450 tiras
382 4393 500 4450 casus
529 4371 604 4452 est.
653 4367 909 4454 obedientiae
930 4371 1066 4482 (pede)
1089 4399 1185 4457 cum
1208 4371 1322 4475 dicit,
1352 4370 1486 4456 cordis
1512 4372 1659 4483 pedem

242 4498 373 4598 dieit3
402 4505 445 4582 et
472 4499 551 4584 iste
578 4529 648 4610 pes
677 4503 810 4586 cordis
837 4502 1095 4589 obedientiae
1122 4509 1263 4588 movet
1289 4504 1474 4612 corporis
1500 4503 1661 4612 pedem.

353 4629 568 4740 Sequitur:
597 4633 726 4720 aelecti.
750 4661 830 4718 reiro
862 4641 1057 4719 cuonrado
1078 4635 1294 4741 proedicto
1315 4635 1506 4744 aufidii
1525 4637 1662 4742 jussio

244 4767 281 4846 et
302 4761 486 4867 perfeeto
515 4761 710 4870 diseiprali
737 4791 862 4870 opera
895 4766 941 4848 in
969 4768 1171 4851 velocitate
1207 4759 1368 4874 timo'ris
1400 4764 1483 4851 Dei
1519 4769 1662 4852 ambae

242 4920 310 4980 res
351 4895 612 4978 eonrm'rmiter
653 4896 772 4979 eitius
817 4896 1080 5002 explicantur.
1152 4897 1265 4983 Bene
1307 4898 1412 4982 dixit
1453 4905 1661 5001 errorrreato,

61 5079 81 5140 g
244 5027 341 5135 quia
370 5055 458 5110 mos
487 5032 551 5134 est
576 5027 804 5136 scripturae
827 5029 999 5128 (lisinae,
1028 5056 1122 5111 cum
1144 5029 1370 5140 praedicat,
1398 5031 1661 5117 festinatione

244 5157 373 5280 nimia
400 5185 487 5241 esse
514 5157 670 5267 aliquid
700 5159 926 5269 agendum,
965 5158 1067 5242 dicit
1095 5170 1332 5246 incorrectam
1370 5168 1444 5247 aut
1463 5169 1660 5270 parietum
