3974 5778
263 161 350 332 soa
492 224 495 234 '
553 305 558 315 ·
871 245 1079 342 onam.

268 468 447 576 qnatnor
471 462 619 551 diebos
651 465 846 580 regulare
878 465 1063 554 ot'fieinm
1099 471 1275 556 ornator
1309 497 1434 581 qnam
1460 469 1686 560 mondum

267 621 471 701 romanos,
499 623 551 683 eo
577 597 710 710 qnod,
737 597 846 684 sient
871 597 916 691 S.
942 599 1169 712 Gregorius
1196 599 1320 700 dicit,
1358 600 1465 688 nihil
1490 609 1615 688 nooet
1639 605 1685 690 in

269 725 350 812 lide
377 725 584 816 catholiea
598 723 654 816 vei
691 731 737 816 in
764 731 884 818 boni'a
923 731 1108 818 moribus
1143 732 1462 818 eonsuetudines
1489 732 1686 824 diversae.

267 857 564 945 Verumtamen
591 888 668 972 pro
696 861 776 948 iata
800 863 976 964 ratione,
1003 863 1090 952 ie.
1116 889 1194 972 pro
1218 862 1310 946 istis
1332 870 1513 973 quatuor
1539 863 1685 951 diebos

162 983 166 990 ’
268 989 378 1074 iaoln
404 995 469 1075 est
494 992 676 1102 synodm
702 994 747 1078 in
770 991 959 1096 Franoia,
987 998 1036 1079 ut
1057 1021 1143 1078 non
1164 994 1300 1098 aliter,
1327 995 1357 1084 i.
1384 1022 1421 1084 e.
1451 1023 1536 1080 non
1565 1025 1690 1108 regn·

76 1103 80 1112 ¹
143 1159 166 1216 ,·
245 1121 410 1210 ,lariter
436 1123 619 1208 facerent
645 1122 859 1228 monaehi,
898 1123 969 1208 sed
997 1125 1107 1211 sient
1139 1125 1310 1210 eeclesia
1336 1153 1519 1216 romana.
1576 1128 1686 1213 Nam

266 1254 472 1364 piissimas
499 1253 726 1365 imperator
752 1254 957 1342 Ladrions
983 1256 1138 1361 voluit,
1166 1261 1216 1341 nt
1243 1257 1434 1344 monaehi
1461 1259 1687 1344 seeundum

267 1386 461 1498 regulam·
480 1385 665 1472 fenerent
689 1388 896 1487 officinm
928 1383 1000 1472 sed
1027 1387 1128 1500 qnia
1155 1390 1336 1500 episcopi
1366 1389 1572 1493 dicebant,
1600 1418 1687 1477 non

59 1627 61 1634 Α
163 1555 173 1570 ·
267 1518 544 1622 essebonum,
567 1525 616 1604 nt
639 1519 683 1603 in
709 1518 942 1604 hisdiebus
962 1546 1007 1602 se
1031 1519 1306 1605 discordenta
1330 1549 1502 1606 romana
1517 1522 1687 1608 eeclesia

123 1731 125 1738 ,
267 1651 313 1732 in
340 1647 489 1733 oifieiis
528 1649 742 1752 canendis,
782 1648 933 1748 deinde
971 1651 1140 1734 inerant
1175 1650 1348 1735 abbates
1388 1653 1578 1763 qnidam,
1616 1655 1686 1764 qni

266 1785 563 1866 consenserant
600 1779 818 1890 episeopis.
871 1781 1138 1889 ’Quamquam
1177 1781 1345 1890 qnidam
1387 1811 1473 1868 non
1510 1812 1687 1869 mosen·

125 1975 128 1982 ,
267 1912 430 2012 sissent,
458 1909 777 2021 praevaluerunt
804 1909 999 2018 episcopi,
1027 1910 1088 1992 ita
1109 1917 1265 2012 tamen,
1293 1916 1341 1995 nt
1368 1910 1500 1996 solnm
1529 1911 1573 1994 in
1602 1912 1684 1996 illis

267 2041 401 2124 tribus
428 2040 585 2143 diebos,
613 2039 656 2130 h.
674 2067 712 2132 e.
733 2035 787 2124 V.
815 2037 932 2136 ieris,
960 2036 1036 2126 v1.
1067 2038 1169 2123 ieris
1197 2045 1239 2124 et
1267 2039 1441 2124 sabbato
1469 2067 1685 2124 romanum

87 2229 97 2244 -
269 2171 450 2254 olfieinm
467 2169 684 2270 ferment,
712 2170 755 2252 in
784 2167 992 2251 dominica
1021 2193 1119 2251 vero
1146 2196 1232 2253 non
1260 2175 1560 2253 consenserant
1588 2169 1687 2253 boni
1763 2159 1769 2168 ’

108 2351 111 2358 «
268 2302 452 2404 abbates,
481 2301 553 2386 sed
581 2299 830 2408 regulariter
857 2296 1017 2382 faeinnt
1034 2297 1231 2400 officinm.
1289 2299 1449 2383 Deinde
1477 2299 1689 2382 sciendum

270 2439 346 2536 est,
373 2431 472 2543 qnia
498 2440 597 2516 sant
624 2429 759 2534 multi,
786 2426 859 2538 qni
880 2455 967 2512 non
995 2427 1138 2512 dieunt
1154 2430 1337 2516 Gloriam
1357 2431 1401 2514 in
1421 2431 1689 2540 responsoriis

269 2565 483 2650 noeturnis
519 2591 547 2646 a
572 2563 721 2672 quinto
750 2559 908 2646 decimo
936 2558 1003 2643 die
1029 2557 1210 2644 Paschae
1244 2569 1417 2670 propter
1443 2563 1688 2672 passionem.

269 2697 343 2782 Isti
371 2695 488 2799 tales,
518 2695 589 2804 qni
616 2695 678 2778 ita
698 2701 844 2803 agunt,
873 2717 958 2773 non
977 2689 1139 2773 iaciunt
1156 2693 1382 2776 secundnm
1405 2693 1610 2802 regulam,
1638 2720 1688 2776 eo
1734 2693 1738 2701 ’

172 2925 181 2942 ,
269 2827 380 2937 quod
408 2825 552 2935 regula
591 2827 634 2909 in
675 2829 824 2935 quarto
851 2827 896 2906 et
922 2823 966 2905 in
1005 2821 1134 2905 tertio
1172 2825 1434 2932 responsorio
1474 2824 1689 2934 praecipit,

269 2985 432 3070 semper
470 2957 656 3042 Gloriam
697 2954 790 3044 diei.
861 2950 951 3039 Nos
993 2959 1131 3038 nutem
1174 2954 1218 3036 in
1256 2963 1420 3060 nostro,
1440 2955 1690 3042 monasterio

269 3117 430 3200 semper
469 3088 642 3172 dicimus
670 3085 856 3172 Gloriam
893 3087 1075 3194 exeeptis
1111 3086 1156 3168 in
1184 3085 1249 3170 his
1277 3087 1410 3171 tribus
1439 3088 1605 3192 diebus,
1643 3087 1688 3171 in

270 3219 419 3330 quibus
461 3217 643 3304 officinm
683 3245 901 3302 romanum
942 3217 1137 3314 sacimas,
1184 3217 1213 3302 i.
1256 3237 1293 3304 e:
1328 3217 1467 3302 Coena
1507 3216 1688 3319 Domini,

270 3349 493 3434 Paraseere
532 3355 660 3457 atque
686 3347 870 3432 Sabbato
905 3353 1066 3432 saneto.
1125 3345 1327 3431 Similiter
1365 3353 1502 3432 antem
1543 3355 1688 3432 eontra
1869 3371 1887 3437 :a

271 3477 458 3586 regulam
487 3477 657 3580 loeium,
686 3479 757 3587 qui
787 3476 950 3586 (quini)
978 3502 1062 3560 non
1081 3481 1257 3561 cantant
1274 3475 1459 3562 Gloriam
1482 3477 1527 3559 in
1552 3477 1688 3562 Venite

269 3609 513 3708 cauliana,
548 3633 640 3691 eam
669 3606 815 3716 regula
841 3605 1091 3717 praecipiet,
1130 3633 1292 3717 semper
1318 3607 1475 3690 oarrteri
1504 3606 1688 3692 Gloriam
1865 3600 1885 3735 i

269 3719 366 3848 post'
386 3737 552 3838 Venite,
583 3741 627 3820 et
652 3737 784 3847 ipsam
814 3737 1000 3823 Gloriam
1030 3735 1151 3843 ponit
1179 3735 1400 3820 terminum
1428 3737 1545 3821 tarde
1573 3737 1688 3820 reni·
1868 3773 1880 3849 3

247 3868 433 3952 entibus
460 3867 512 3950 ad
542 3867 726 3952 officinm
752 3850 1026 3969 noetnrnnm3
1054 3866 1116 3950 ila
1141 3867 1253 3948 enim
1281 3864 1403 3952 dicier
1435 3865 1486 3950 Si
1511 3868 1606 3973 puis
1631 3867 1690 3950 aa
1869 3858 1876 3889 ³

269 4005 488 4086 nocturnos
524 3996 689 4107 sipilios
717 4006 815 4104 post
845 3997 1034 4084 Gloriam
1063 3993 1222 4102 psalmi
1256 3998 1511 4106 saorropesimi
1537 3995 1688 4106 quarti,
1869 4024 1874 4032 ·

269 4157 385 4239 patera
414 4135 586 4238 propter
623 4131 696 4216 loc
732 4132 894 4216 oarraiao
929 4125 1201 4218 aabtraleraio
1238 4136 1276 4214 et
1313 4155 1471 4216 nemore
1507 4129 1689 4214 nolumus

215 4323 220 4334 ·
270 4263 367 4367 disi,
395 4287 477 4346 noa
504 4263 736 4365 ammi,
764 4289 845 4348 amr
866 4269 942 4348 stet
958 4263 1006 4347 in
1023 4259 1167 4348 ardiae
1184 4285 1271 4352 sao.
1327 4259 1384 4345 Et
1410 4263 1560 4346 iterum
1589 4264 1689 4343 sunt

172 4385 191 4411 ”
271 4395 418 4500 multi,
458 4396 533 4505 qni
569 4394 622 4480 ad
650 4394 752 4479 illud
780 4395 1107 4504 responsorium,
1146 4394 1260 4504 qnod
1286 4393 1341 4480 ad
1368 4392 1619 4480 matutinum
1647 4399 1690 4473 et

191 4575 194 4582 ·
269 4528 323 4614 erl
351 4529 633 4641 vespertinum
660 4527 837 4629 oanitnr,
866 4528 1017 4612 nolunt
1043 4526 1178 4611 dicere
1205 4525 1410 4629 Gloriam,
1448 4526 1520 4610 sed
1548 4530 1687 4610 tamen

249 4691 347 4747 wnos
375 4661 565 4761 dirimam
596 4660 659 4745 illi
686 4665 840 4763 antem,
868 4659 941 4768 qui
966 4657 1116 4743 nolunt
1142 4657 1277 4746 dicere
1296 4659 1494 4761 Gloriam,
1522 4657 1687 4743 dieunt:

227 4799 230 4806 ⁴
270 4794 364 4878 ideo
391 4791 585 4878 nolnmns
623 4791 759 4878 dicere
786 4791 996 4895 Gloriam,
1035 4791 1133 4904 qnia
1170 4793 1317 4905 regula
1352 4818 1436 4877 non
1473 4791 1687 4903 praecipit,

273 4925 454 5012 Gloriam
484 4925 578 5014 diei.
634 4925 691 5010 Hi
713 4924 822 5016 ¹tales
858 4926 1051 5010 nesciant
1089 4924 1275 5035 regulam
1313 4923 1505 5008 subtilius
1532 4921 1688 5006 intelli·

270 5083 392 5170 Βοῖος
415 5055 537 5166 jubet
564 5057 674 5142 enim
703 5055 861 5166 regula,
888 5056 943 5140 ad
969 5055 1236 5141 novissimum
1259 5053 1576 5164 responsorium,
1603 5053 1688 5135 sire

270 5190 326 5274 sit
353 5189 544 5292 tertium,
585 5188 670 5272 sire
698 5190 913 5297 quartum,
945 5185 1130 5272 Gloriam
1159 5185 1261 5290 diei,
1301 5213 1348 5271 ao
1376 5212 1451 5295 per
1478 5185 1557 5270 hoo
1585 5182 1687 5267 illud
