3974 5778
872 321 956 414 Cup.
983 323 1080 398 v111.
1609 337 1693 420 277

282 574 420 632 sensus
459 543 649 655 proprius
689 548 752 628 est
780 543 957 630 illarum:
1014 545 1071 630 Et
1098 545 1176 634 hoo
1205 550 1436 633 notandum
1476 555 1568 652 est,
1597 553 1694 662 qnia
1729 653 1732 661 Ι
1868 607 1872 615 -

162 749 169 763 .
282 677 339 764 nil
369 680 507 776 rrooet,
552 674 734 760 divinam
762 678 1007 789 scripturam
1034 678 1116 763 alio
1145 707 1264 764 sensu
1292 678 1538 791 intelligere,
1569 712 1693 793 qnam
1804 701 1805 704 ‘

35 826 43 886 ἒ
145 873 147 877 -
282 837 375 896 suns
403 805 591 918 proprius
621 815 705 911 est,
743 807 813 894 sed
841 807 1098 895 solummodo
1134 809 1179 892 in
1207 809 1388 920 pejorem
1417 838 1578 896 sensnm
1607 841 1693 900 non

287 943 407 1026 debet
435 938 525 1049 quis
554 938 642 1048 ejus
670 923 844 1024 sensnm*
860 938 1055 1037 derivare,
1094 939 1214 1025 sicuti
1242 939 1376 1025 estin
1404 939 1591 1028 haeresin
1619 951 1693 1030 eut
1937 979 1942 992 ·

282 1076 323 1159 iu
351 1099 497 1182 pravos
525 1096 671 1156 mores.
730 1071 778 1154 B.
810 1096 904 1153 vero
921 1069 1190 1160 Benedictum
1208 1071 1252 1154 in
1269 1071 1423 1154 bonnm
1444 1071 1562 1156 illum
1586 1075 1691 1161 deri·
1857 1149 1860 1155 Α

281 1231 404 1304 resse,
433 1202 600 1287 omniuo
628 1199 875 1309 eredendum
905 1205 976 1284 est.
1498 1311 1501 1318 Ι

386 1333 600 1444 Sequitur:
640 1331 802 1416 Hiemis
829 1338 1018 1438 ternpore,
1051 1332 1078 1419 i.
1109 1358 1141 1418 e,
1171 1356 1198 1415 a
1229 1327 1420 1416 Calendis
1449 1331 1721 1440 Novembris

280 1493 400 1572 nsqrw
429 1465 473 1548 in
497 1461 660 1549 Pusula
680 1460 805 1567 juata
833 1463 1192 1550 considerationem
1219 1461 1392 1548 rationis
1421 1469 1560 1550 octona
1587 1465 1687 1552 inor-n
1725 1543 1727 1550 ,

278 1596 401 1682 noetis
427 1594 672 1702 earumdem
710 1600 788 1696 eet,
828 1599 872 1679 nt
908 1593 1061 1680 rrrodiee
1100 1591 1277 1699 amplius
1305 1591 1364 1677 da
1403 1592 1536 1678 aredio
1578 1603 1688 1682 rroete

270 1729 466 1832 pausetur
494 1725 639 1830 etjam
658 1724 805 1832 dienati
824 1730 1007 1831 serenat.
1059 1725 1162 1811 Cum
1183 1725 1291 1808 enim
1317 1723 1419 1808 dicit
1450 1751 1478 1808 a
1497 1723 1689 1811 Calendis

277 1853 533 1958 Nouembris,
572 1859 615 1938 et
650 1852 754 1939 (lixit
791 1857 887 1939 ante
925 1854 1069 1942 trientis
1104 1861 1294 1962 tremore,
1336 1882 1419 1939 nou
1449 1861 1509 1940 eet
1536 1853 1689 1940 iutelli-
1818 1939 1824 1950 ,
1949 1935 1951 1946 .

276 1983 476 2095 gendum,
516 1992 563 2069 nt
590 1985 847 2070 solummodo
875 1985 932 2068 sie
975 1982 1148 2094 incipiat
1190 1986 1351 2092 tempus
1391 1982 1557 2116 hiemis,
1597 2014 1688 2070 enm

229 2155 233 2166 ·
275 2115 403 2199 hiems
430 2119 527 2226 post
554 2115 745 2227 incipiat,
779 2113 886 2200 siout
913 2141 1040 2226 supro
1068 2114 1222 2199 dietum
1251 2117 1326 2215 est,
1358 2114 1427 2199 sed
1457 2143 1578 2200 nausa
1606 2118 1688 2200 dis·

275 2247 480 2350 cretionis,
526 2246 622 2358 qnia
651 2246 845 2333 diviserat
872 2275 1028 2332 aurnum
1056 2247 1100 2331 iu
1129 2245 1229 2330 denas
1258 2247 1415 2355 partes,
1456 2248 1563 2332 sient
1590 2249 1687 2351 dixi,
1826 2355 1830 2364 „

248 2385 298 2463 'a
326 2378 479 2488 majore
507 2386 623 2488 parte
652 2379 883 2466 nominarit
910 2378 1049 2481 diesne,
1079 2376 1149 2489 qni
1175 2381 1306 2464 totone
1325 2377 1500 2465 hiemem
1523 2381 1690 2470 inclusit

275 2511 318 2594 iu
346 2510 424 2596 hoo
452 2511 587 2620 spatio
615 2516 658 2597 ot
685 2511 839 2623 aliquid
869 2512 919 2597 de
942 2517 1141 2596 autumno
1164 2516 1339 2622 ceperat.
1364 2547 1374 2568 ·
1398 2511 1453 2598 Et
1477 2539 1570 2597 rere
1599 2541 1686 2598 nuos

50 2733 55 2751 ,
274 2649 335 2726 est
381 2642 609 2729 divinarum
661 2643 1229 2756 seripturarurn,·n1ajore1n
1284 2649 1446 2754 partem
1495 2673 1686 2754 superero
1843 2739 1845 2742 ,

50 2768 55 2794 ²
118 2795 124 2806 ·
274 2771 482 2861 minorem.
541 2773 740 2860 Similiter
781 2779 843 2877 et,
883 2778 1079 2858 aestatem
1123 2800 1214 2858 anm
1254 2774 1382 2878 dixit,
1422 2775 1534 2864 feeit.
1594 2775 1685 2860 Hoo

272 2905 394 2990 etiam
424 2906 651 2992 notandum
683 2911 757 3008 est,
787 2910 988 3015 qnantum
1017 2905 1068 2990 nd
1098 2903 1280 2989 officinm
1308 2905 1471 3008 attinet,
1507 2907 1614 2991 ratio
1643 2913 1685 3026 st

244 3031 247 3038 ’
276 3065 359 3122 nuos
402 3047 464 3122 est
491 3037 717 3146 scripturae
745 3037 929 3143 divinae,
969 3034 1004 3119 si
1032 3036 1232 3134 calendae
1261 3035 1504 3136 Novembris
1532 3039 1685 3122 luerint

275 3168 337 3251 die
366 3165 586 3269 dominico,
615 3165 893 3278 incipiendum
922 3171 985 3252 est
1004 3165 1083 3252 hoo
1102 3195 1237 3279 agere,
1267 3167 1379 3276 quod
1403 3166 1517 3269 dixit,
1547 3167 1590 3251 in
1619 3167 1684 3250 die
1783 3163 1786 3170 ’

270 3297 484 3384 dominice.
543 3297 741 3386 Similiter
769 3301 803 3384 si
844 3299 1023 3384 soonnde
1060 3299 1164 3385 feria
1192 3298 1383 3383 venerint
1410 3297 1614 3398 Celendae
1642 3303 1684 3382 et

49 3399 55 3548 ἰ
176 3461 187 3474 ·
270 3431 394 3516 tertia
423 3431 523 3516 feria
546 3435 672 3540 etqua
691 3425 838 3542 quarta
857 3430 970 3532 seria,
1000 3458 1161 3543 semper
1189 3460 1215 3514 a
1236 3431 1441 3517 dominica
1463 3430 1683 3542 praeterita

217 3597 222 3610 ·
264 3561 546 3673 'incipiendum
592 3567 672 3662 est;
728 3559 762 3646 si
808 3591 903 3646 vero
946 3562 1094 3672 quinte
1140 3561 1241 3647 ferio
1287 3561 1441 3650 fuerint
1480 3561 1683 3646 Caleudus

270 3691 511 3780 Novembris
521 3693 585 3780 vel
594 3699 709 3780 sexta
720 3693 893 3780 se1·iarel
903 3693 1129 3796 Sabbatho,
1143 3724 1226 3782 non
1237 3692 1682 3806 pmeteritedonriniee,

269 3827 337 3912 sed
366 3827 419 3910 ab
446 3826 520 3912 ille
549 3825 775 3930 dominica,
816 3855 921 3938 quae
948 3827 1156 3938 sequitur,
1195 3827 1475 3937 incipiendum
1505 3830 1585 3924 est;
1626 3826 1683 3910 sin
1735 3931 1739 3942 Ι
1880 3889 1883 3896 .

270 3957 376 4042 euim
407 3957 577 4043 eeclesia
605 3987 778 4045 romena
806 3959 918 4062 feeit,
948 3961 1192 4054 unmlibros
1216 3958 1511 4068 adlegandum
1540 3958 1681 4066 pouit,

269 4087 368 4173 diait
404 4091 532 4174 enim:
575 4087 625 4174 In
654 4090 843 4176 Calendis
871 4093 1052 4203 Augusti
1088 4093 1302 4204 ponendus
1338 4097 1400 4176 est
1436 4089 1538 4174 liber
1567 4089 1683 4176 Salo·
1834 4185 1837 4193 ,

268 4221 412 4308 neonis.
470 4219 566 4306 Nou
586 4219 629 4304 in
650 4221 840 4306 Calendis
863 4223 1121 4311 solummodo
1146 4227 1320 4335 ponunt,
1349 4223 1456 4308 siout
1484 4219 1582 4323 dixi,
1610 4219 1680 4304 sed
1836 4225 1838 4231 ’

268 4348 310 4432 in
338 4351 404 4437 die
432 4351 637 4439 dominius
665 4358 864 4438 nutante
893 4353 1092 4440 calendas
1126 4361 1200 4440 ant
1228 4357 1324 4464 post
1352 4351 1588 4458 Celendas,
1609 4352 1679 4436 sed
1774 4361 1779 4371 '

268 4479 337 4564 toli
367 4482 529 4586 ordine,
574 4484 680 4571 siout
708 4485 814 4588 dixi,
856 4487 881 4570 i.
912 4514 947 4574 e.
988 4487 1022 4570 si
1061 4515 1190 4598 usqne
1226 4484 1280 4569 ad
1320 4487 1506 4594 quartam
1537 4481 1679 4566 feriam

268 4613 457 4700 venerint
485 4615 701 4721 calendae,
729 4624 892 4728 ponunt
919 4616 963 4702 in
991 4615 1213 4729 praeterite
1234 4611 1515 4718 dominicani
1543 4618 1680 4697 autem
1769 4699 1771 4704 ,
1941 4677 1946 4689 .

266 4748 361 4850 post
389 4749 581 4854 quartam
606 4747 751 4832 feriam
778 4747 935 4834 fuerint
963 4745 1179 4852 calendae,
1215 4744 1241 4833 i.
1271 4773 1304 4828 e.
1336 4743 1481 4856 quinte
1510 4745 1610 4830 feria
1639 4755 1681 4832 et
1816 4815 1821 4828 .

265 4867 381 4961 se'xte
410 4883 484 4962 ent
511 4867 728 4981 sabbatho,
755 4882 919 4990 ponunt
946 4876 988 4962 iu
1018 4875 1223 4964 dominica
1250 4875 1449 4987 sequenti.
1487 4937 1489 4941 -

275 5007 279 5019 '
374 5005 591 5117 Sequitur:
630 5007 763 5096 Jeextu
800 5007 1158 5094 corsoiderationem
1193 5006 1367 5093 rationis
1403 5013 1543 5092 oetam
1578 5006 1680 5093 dora
1768 4991 1772 5002 ¹

266 5136 393 5222 noetis
433 5141 679 5250 sternendum
710 5145 782 5228 eet.
839 5137 946 5238 Quid
988 5143 1070 5226 est:
1112 5144 1250 5244 odana
1295 5135 1397 5224 dora
1434 5141 1680 5248 sternendam

264 5267 353 5352 eet?
386 5315 435 5334 -·
465 5299 515 5356 ne
542 5270 577 5356 si
606 5270 781 5357 disereti
820 5300 896 5358 neo
930 5279 1027 5358 ante
1055 5275 1242 5359 oensem
1281 5263 1446 5378 horam,
1482 5300 1558 5358 neo
1585 5279 1680 5384 post
