4334 5750
956 138 1041 231 Cap.
1066 139 1126 212 IV.

276 391 280 400 '
349 395 457 451 rurum
489 361 666 460 visitare,
701 359 823 443 vsarlat
854 358 976 443 lrodie
1004 364 1047 446 et
1066 357 1215 446 visitet.
1275 362 1390 459 Quod
1422 361 1455 445 si
1480 364 1765 474 propterobe·

346 494 537 580 ‹lieutimu
570 491 645 574 tibi
675 489 901 600 iujuuotam
933 519 1015 575 nou
1038 490 1209 602 potuisti
1231 489 1411 593 visitare,
1440 491 1471 576 si
1503 493 1758 578 voluntatem

345 621 522 710 habuisti
554 621 763 705 infirmum
794 619 999 727 visitandi,
1030 621 1237 705 infirmnm
1267 619 1455 706 visitasti.

455 751 672 860 Sequitur:
703 749 913 834 Morbnun
943 747 1125 856 sepelire.
1183 747 1392 834 Mortuum
1424 749 1530 833 euim
1550 779 1643 835 oum
1663 754 1762 838 ‹lieit

344 881 523 993 sepelire,
555 909 639 964 uon
671 879 783 982 dicit,
813 888 860 963 ut
888 887 1004 963 extra
1023 877 1454 963 claustramouasterii
1485 909 1550 962 eus
1580 889 1621 964 et
1650 911 1759 966 mur·

344 1022 456 1098 tuum
487 1009 673 1120 sepelias,
703 1010 818 1120 qrria,
857 1011 963 1094 sieut
992 1009 1042 1092 de
1069 1007 1234 1092 infirmo
1252 1007 1438 1107 diximus,
1472 1009 1528 1092 itu
1558 1011 1680 1096 etiam
1709 1019 1758 1096 do

342 1147 536 1226 mortam
566 1137 781 1248 sepelira¹l
810 1139 1128 1250 intelligendum
1160 1146 1233 1241 est,
1263 1139 1357 1247 quia
1387 1140 1472 1249 ipsa
1501 1139 1620 1224 dicit:
1654 1141 1757 1246 Olli·

342 1272 432 1356 ciuu
463 1296 565 1371 rara
597 1269 952 1358 narranaam
982 1271 1196 1382 dilipvmter
1212 1292 1433 1376 operarum,
1465 1272 1642 1354 claustra
1663 1279 1756 1356 snm

339 1391 569 1488 vrrunuslerii
599 1411 637 1488 et
676 1400 881 1487 stabilitus
920 1403 963 1487 iu
1003 1403 1315 1514 corrpreputione.
1373 1401 1527 1500 Quodsi
1568 1402 1755 1488 infirmus

339 1548 420 1620 tam
453 1561 609 1646 pauper
638 1534 781 1634 luerit,
824 1539 872 1617 ut
912 1563 996 1619 non
1024 1532 1197 1636 habeat,
1237 1533 1307 1645 qni
1336 1536 1482 1619 fossam
1525 1534 1685 1617 fodiant
1712 1541 1754 1618 et

338 1665 518 1751 orricium
547 1670 731 1769 carateut,
761 1694 837 1778 pru
865 1664 944 1752 hae
974 1665 1229 1766 necessitate,
1260 1665 1282 1749 i.
1315 1693 1348 1749 e.
1380 1669 1427 1748 nt
1449 1665 1579 1749 fodias
1600 1667 1752 1750 ,fossam

334 1807 374 1884 ot
415 1799 595 1884 officium
636 1804 798 1898 euntes,
848 1803 967 1908 potes
1007 1799 1065 1881 ire
1148 1793 1299 1896 Quodsi
1348 1795 1498 1880 adsunt
1538 1796 1631 1899 alii,
1679 1797 1752 1907 qui

338 1936 519 2039 possunt,
550 1933 624 2015 aut
651 1927 721 2039 qui
750 1927 905 2011 habeut
932 1929 1056 2034 nlius,
1086 1929 1155 2039 qui
1187 1928 1348 2012 l'odiuut
1376 1927 1525 2012 fossam
1555 1935 1627 2011 aut
1657 1955 1751 2012 cau·

334 2067 424 2145 tent
454 2061 652 2162 officinm,
681 2066 726 2142 tu
756 2087 839 2145 nou
871 2057 995 2144 debes
1024 2059 1095 2162 ire,
1124 2064 1158 2145 si
1189 2087 1284 2145 vero
1313 2060 1426 2160 ieris,
1458 2085 1539 2141 nou
1569 2057 1611 2141 in
1642 2057 1749 2142 mor·
1846 2139 1848 2144 ,

337 2191 472 2276 uestem
502 2189 763 2303 reputabitur
792 2191 868 2274 tibi
898 2219 922 2275 a
956 2189 1040 2278 lleo
1070 2193 1139 2276 sed
1171 2192 1211 2275 in
1243 2218 1389 2275 vanam
1418 2187 1614 2300 gloriam,
1652 2189 1749 2300 qnm

333 2350 410 2405 nou
452 2349 572 2406 euram
616 2321 870 2407 raucessitutis
913 2321 1024 2407 vudis
1072 2323 1141 2408 ard
1186 2348 1309 2406 curram
1358 2320 1525 2404 ulterius
1566 2319 1637 2405 rei.
1702 2319 1746 2407 Si

328 2455 463 2534 udan
494 2451 765 2536 ambulaveris
781 2451 887 2536 vium
918 2457 960 2536 et
988 2448 1191 2538 inveneris
1213 2450 1418 2536 homiuem
1441 2457 1647 2537 mortuum
1663 2460 1744 2539 unt

113 2579 114 2594 '
235 2683 240 2695 .
309 2615 354 2680 ,a
383 2584 611 2668 latronibus
642 2581 833 2683 occisum,
865 2609 946 2665 nou
978 2582 1099 2667 debes
1127 2582 1180 2666 ab
1203 2582 1275 2667 illo
1294 2580 1494 2683 recedere,
1524 2581 1600 2665 uisi
1632 2583 1743 2691 prius

285 2771 287 2776 -
328 2711 438 2795 illum
469 2712 661 2822 sepelias,
702 2713 798 2822 quin
827 2711 947 2796 multi
977 2711 1084 2794 istud
1115 2713 1341 2797 exerueudu
1372 2711 1613 2822 plneuoruut
1643 2715 1740 2813 Deo,
1808 2725 1812 2734 '

323 2843 428 2926 sicut
447 2842 614 2930 l'ubins.
660 2844 811 2944 Quodsi
828 2871 911 2926 non
929 2843 1080 2952 poteris
1102 2841 1217 2925 illum
1241 2842 1390 2927 ibidem
1413 2843 1596 2952 sepelire,
1620 2842 1739 2927 debes

323 2971 434 3056 illum
475 2999 625 3082 ponere
664 2973 707 3057 iu
741 2963 972 3084 jumentum
1020 2976 1135 3058 tuum
1178 2979 1219 3056 et
1260 2980 1469 3081 reportare
1510 2973 1560 3055 ud
1601 2974 1736 3057 luenm

323 3105 436 3184 tmnu
465 3101 592 3185 etsie
622 3131 714 3186 aram
752 3103 937 3212 sepelire.
995 3101 1147 3202 tlrvorlsi
1187 3130 1258 3188 um
1301 3102 1379 3187 boc
1409 3103 1562 3211 poteris
1591 3103 1737 3203 faeere,
1792 3203 1796 3213 Ι

322 3239 366 3312 ut
395 3259 476 3313 uuu
508 3231 656 3316 babeas
680 3231 912 3343 jumentum
953 3241 1027 3340 aut
1066 3241 1176 3316 uerte
1215 3232 1453 3350 tbssurium,
1494 3259 1576 3341 quo
1606 3232 1735 3316 todias
1774 3291 1779 3300 ·
1851 3255 1861 3267 ’

321 3365 489 3462 terram,
528 3360 652 3444 debes
681 3362 739 3445 ire
767 3360 817 3444 ud
849 3347 982 3447 vicum
1013 3370 1055 3447 et
1082 3363 1265 3446 invenire
1294 3361 1523 3448 fossorium.
1581 3363 1733 3461 Quodsi
1826 3431 1830 3444 .

319 3515 399 3571 nou
428 3492 582 3600 poteris
610 3492 667 3576 ibi
697 3493 853 3578 tamdiu
878 3493 1094 3595 demorari,
1124 3500 1171 3582 ut
1199 3492 1440 3594 buesarias,
1470 3497 1569 3578 tuno
1588 3495 1733 3579 uuutia
1824 3549 1828 3560 ·

317 3617 430 3704 illum
460 3627 667 3706 mortuum
698 3623 808 3727 aliis,
849 3630 896 3707 ut
924 3624 1002 3735 ipsi
1044 3633 1138 3708 eum
1167 3623 1394 3734 ,sepeliaut3
1436 3625 1730 3709 verumetiam
1831 3687 1834 3695 a

317 3749 469 3858 poteris
498 3758 705 3838 mortuum
736 3782 875 3840 eorum
909 3755 994 3839 Deo
1023 3755 1206 3864 sepelire,
1235 3755 1268 3838 si
1293 3753 1549 3839 voluntatem
1579 3752 1730 3840 habeas
1783 3793 1813 3856 ῃ

318 3881 551 3988 reprebendi,
581 3885 766 3992 qnmmls
795 3889 867 3970 arnt
896 3885 1103 3971 licentiam
1125 3891 1199 3970 unt
1220 3883 1451 3970 tboultutem
1473 3911 1558 3968 nrm
1577 3883 1727 3972 habeas

269 4038 274 4048 ¹
314 4009 544 4118 sepeliendi.
554 4011 591 4111 ²)
648 4013 692 4096 ui
713 4042 810 4098 vero
839 4043 920 4099 uon
945 4020 1116 4125 propter
1135 4013 1429 4116 necessitatem,
1459 4040 1582 4124 quum
1605 4041 1728 4123 supra

312 4125 498 4244 (liumus,
528 4141 620 4226 ieris
649 4143 699 4226 ud
731 4151 951 4248 mortunru,
979 4143 1151 4229 ambitio
1174 4150 1248 4246 sut,
1278 4147 1320 4242 el
1338 4141 1435 4252 qnia
1457 4141 1628 4232 urrrbitio
1650 4149 1752 4252 est,¹

311 4265 400 4354 ideo
430 4300 513 4356 uon
543 4273 666 4357 (lebes
693 4275 766 4362 ive.
1722 4286 1726 4296 '

419 4405 634 4514 Sequitur}
677 4405 730 4490 In
772 4405 1028 4492 tribulatione
1063 4407 1284 4492 srrbnenira'
1337 4390 1424 4490 leta
1462 4404 1569 4489 euim
1610 4404 1722 4492 locus

310 4529 439 4652 tribus
468 4535 599 4620 modis
627 4536 894 4651 intelligitum
936 4566 1019 4623 uuo
1056 4540 1164 4624 euim
1189 4521 1327 4623 'modo
1356 4534 1545 4621 subvenis
1572 4534 1618 4621 iu
1645 4535 1721 4622 tri·

310 4661 527 4772 bulatioue,
556 4695 592 4755 v.
621 4698 683 4782 gr.
713 4670 747 4756 si
777 4670 895 4756 fratri
925 4669 1297 4774 excommunicato,
1334 4666 1405 4779 qui
1434 4673 1529 4778 post
1556 4693 1719 4793 ascom-
1762 4767 1768 4784 ἱ
1899 4779 1901 4786 s

311 4867 540 4888 *nunu—flu..
563 4879 570 4888 ι

394 4980 421 5070 ¹)
441 4979 485 5053 do
507 4929 656 5056 mortuis
679 4977 900 5072 seretisudb.
924 4979 1009 5052 (lod.
1034 4975 1220 5050 runt-aul.
1285 4979 1286 4984 '

322 5129 325 5136 ι
390 5089 419 5181 ¹)
440 5086 583 5180 agendi.
627 5087 736 5166 codd.
759 5085 926 5181 ragam.
950 5085 1200 5167 urrunnun.

843 5295 883 5400 ,ἦ
