3960 5774
878 212 962 311 Cep.
987 217 1063 290 lall.
1341 262 1345 324 p
1593 219 1674 306 499
1766 255 1776 308 ,“

270 439 461 539 oratorio,
489 437 515 520 i.
540 464 572 520 e.
594 434 802 544 dispositis
826 435 1019 524 iratribus
1039 440 1082 522 in
1106 439 1327 524 laboraret
1346 441 1390 522 in
1412 439 1479 522 via
1497 437 1675 540 directis,

271 569 451 680 disponit
480 567 604 650 etiarn
634 563 739 672 illos,
769 565 911 676 quiin
942 571 1188 656 monasterio
1208 577 1317 672 sunt,
1347 570 1523 680 qualiter
1542 573 1675 654 orent.

271 703 367 786 Ideo
395 699 610 808 subjunxit
638 696 717 781 hoc
746 697 972 806 capitulum
1002 700 1052 783 de
1081 700 1273 788 oratorio.

378 830 594 939 Sequitnrr
638 825 867 914 Oratorinm
908 829 1144 914 erconastcrii
1171 830 1242 914 troc
1271 831 1347 932 sit,
1384 829 1488 936 qrrod
1515 829 1674 928 dicitur,

270 961 425 1049 coecilii
453 957 669 1066 quidquam
699 957 814 1044 alind
838 963 1093 1065 peremerint
1113 961 1319 1044 recedatur.
1361 957 1533 1064 Ecptcto
1561 985 1677 1063 opere

188 1169 191 1176 ,
270 1093 511 1178 Decomnes
539 1115 627 1172 ccrrn
655 1113 810 1172 arcerano
838 1087 996 1173 silentio
1023 1095 1187 1188 crearet,
1217 1097 1253 1174 cl
1280 1097 1427 1198 operm
1456 1093 1677 1172 reverentia
1766 1183 1768 1188 ,

271 1225 376 1324 Deo,
407 1226 451 1304 nt
475 1219 630 1324 frater,
658 1221 728 1326 qni
763 1223 867 1327 sorte
906 1219 986 1304 sibi
1015 1217 1278 1324 peculiariter
1313 1217 1394 1304 ecrit
1429 1245 1567 1319 oram,
1598 1246 1674 1302 reon

269 1353 513 1460 impediatur
531 1350 699 1435 alterins
720 1349 982 1456 improbitate.
1022 1347 1305 1452 Honestatem,
1334 1351 1483 1462 inquit,
1498 1351 1533 1461 ¹)
1555 1352 1676 1434 (locet

271 1487 317 1574 B.
338 1483 593 1587 Benedictus,
623 1510 795 1591 sequens
818 1482 1107 1565 auctoritatem
1127 1478 1392 1581 canonicam
1421 1479 1680 1592 praecipiunt

270 1617 377 1699 enim
407 1643 581 1699 cationes
611 1612 653 1695 in
693 1611 867 1696 concilio
897 1611 1135 1696 Laodicensi
1165 1639 1252 1721 cap.
1283 1617 1350 1712 28,
1379 1615 1495 1722 cujus
1535 1603 1679 1695 titulus

270 1747 344 1829 iste
374 1750 453 1829 est:
511 1743 565 1827 Ia
595 1741 772 1828 ecclesiis
794 1741 980 1848 prandia
1005 1741 1100 1846 fieri
1127 1767 1207 1826 reon
1236 1741 1412 1828 debeant.
1441 1741 1539 1827 ·Sic
1567 1741 1675 1826 enim

270 1875 412 1960 dicant
450 1903 649 1976 canones,
692 1873 802 1984 quod
841 1901 923 1956 uon
962 1875 1151 1983 oporteat
1180 1873 1221 1956 in
1259 1873 1490 1972 dominicis,
1521 1871 1547 1957 i.
1577 1900 1611 1957 e.
1635 1873 1676 1954 in

273 2005 435 2090 Domini
467 2005 658 2106 ecclesiis,
689 2003 889 2106 convicia,
918 2031 1023 2114 quae
1052 2007 1252 2088 vocantur
1274 2031 1443 2116 agapae,
1473 2003 1573 2101 fieri,
1604 2031 1678 2086 nec

269 2139 385 2224 intra'
413 2139 585 2254 domam*
611 2135 684 2220 Dei
726 2135 937 2219 comedere
976 2133 1040 2220 vel
1076 2133 1285 2220 accubitos
1314 2139 1508 2221 sternere.
1567 2135 1679 2219 Bene

270 2271 373 2356 dixit
412 2268 632 2355 oratorium
668 2267 853 2369 deecit,
889 2263 995 2373 qaod
1030 2265 1190 2352 dicitur.
1248 2265 1483 2351 Oratorium
1519 2267 1678 2370 dicitur,

270 2401 365 2510 quia
394 2389 572 2484 orationi
601 2405 764 2483 tantum
793 2402 856 2482 est
883 2401 1177 2502 consecratam,
1207 2397 1250 2480 in
1279 2425 1360 2508 qno
1380 2427 1501 2482 nemo
1525 2397 1679 2508 aliquid

271 2547 392 2641 agere
420 2529 565 2630 debet,
595 2529 673 2614 nisi
703 2527 765 2630 id,
795 2528 847 2611 ad
883 2527 994 2636 quod
1023 2531 1085 2611 est
1115 2527 1291 2631 sactum,
1322 2529 1430 2622 unde¹
1459 2517 1501 2612 et
1530 2559 1678 2614 nonnen
1713 2529 1718 2540 ’

112 2739 116 2747 ,
197 2645 215 2658 ”
272 2665 439 2773 occepit.
480 2659 534 2744 Et
552 2659 752 2744 Dominus
782 2657 903 2743 dicits
934 2657 1092 2743 Densus
1112 2685 1202 2744 sirco
1231 2659 1372 2744 (torrens
1393 2661 1589 2746 orationis
1610 2670 1679 2745 cst.
1713 2647 1717 2658 ’

278 2793 380 2892 Quin
409 2791 665 2902 propositum
703 2789 783 2874 luit
818 2789 866 2872 B.
896 2789 1137 2895 Benedicta,
1167 2790 1273 2876 sicut
1309 2791 1410 2874 dicit
1446 2790 1680 2876 cellerarius
1747 2875 1749 2882 Α

272 2924 506 3010 rrcoirasterii
535 2928 578 3006 et
606 2919 783 3008 decanus
811 2920 1058 3022 ricorrasterii,
1087 2921 1146 3004 ita
1173 2921 1297 3006 etiam
1328 2921 1433 3006 dixit
1460 2923 1680 3007 oratorium·
1801 2967 1824 2984 -·

272 3055 531 3152 sororiastcrii,
573 3082 620 3138 ac
663 3082 736 3164 per
772 3051 874 3153 hoc,
910 3079 1003 3136 curn
1043 3051 1147 3136 dixit
1186 3053 1445 3156 rrmrcasterii,
1488 3053 1679 3154 ostendit,

273 3184 409 3269 onrnia
439 3183 619 3270 oratoria
646 3181 1003 3294 comprehendere.
1058 3183 1208 3268 Verum
1239 3183 1344 3266 siin
1374 3181 1464 3268 aliis
1492 3185 1681 3290 oratoriis
1804 3293 1806 3296 Ι

274 3344 354 3399 non
394 3314 549 3400 debent
589 3313 812 3425 quidquam
840 3311 933 3398 laici
961 3343 1084 3426 agere
1120 3315 1344 3399 secundnm
1374 3313 1678 3400 institutionem

273 3445 524 3546 carronicam,
555 3443 845 3554 multomagis
875 3444 1097 3530 monachos
1118 3448 1284 3556 oportet
1301 3443 1517 3530 custodire.
1562 3441 1678 3529 Unde
1762 3499 1763 3504 Ν

160 3601 181 3662 y
272 3606 354 3659 non
391 3581 556 3686 oportet
595 3573 839 3660 monachum
876 3573 929 3658 ad
969 3575 1108 3685 aliqua
1137 3575 1316 3660 oratoria
1345 3576 1425 3675 ire,
1454 3573 1531 3657 nisi
1561 3601 1682 3658 causa

274 3704 607 3793 obedientiaevel
625 3704 891 3792 necessitatis.
933 3704 1093 3817 Aputur
1107 3707 1216 3789 enim
1231 3706 1382 3790 attinet
1394 3703 1446 3788 ad
1461 3703 1679 3808 actionem,

273 3841 437 3924 condere
475 3865 570 3924 vero
608 3835 659 3919 ad
689 3833 947 3945 positionem.
1005 3835 1313 3921 Attendendum
1343 3840 1426 3937 est,
1472 3835 1682 3946 quianon

273 3967 392 4056 dicit:
423 3996 515 4053 eum
546 3967 710 4052 silentio
739 3971 907 4068 exeant,
936 3966 1008 4051 sed
1037 3966 1247 4076 praemisit
1273 3992 1448 4072 saracena,
1476 3967 1502 4050 i.
1532 3969 1566 4051 e.
1596 3995 1681 4052 non
1746 4034 1750 4044 .

199 4103 202 4115 '
273 4099 524 4204 mussitatio,
561 4126 645 4182 non
681 4097 934 4202 susurratio,
972 4126 1056 4182 nou
1078 4096 1335 4182 inhonestus
1375 4096 1575 4198 incessus,
1611 4095 1682 4179 sed
1786 4169 1792 4179 .

274 4235 390 4314 caute
420 4231 530 4316 exire
567 4229 732 4316 debent.
792 4227 909 4327 Quod
939 4255 1035 4314 vero
1072 4225 1172 4313 dicit
1208 4235 1247 4312 et
1282 4231 1429 4334 apertur
1463 4225 1683 4309 reuerentia
1736 4247 1743 4257 ·

274 4357 382 4466 Deo,
411 4359 470 4444 ita
498 4357 775 4472 intelligitur,
803 4358 831 4447 i.
861 4387 895 4446 e.
925 4387 1017 4445 curn
1056 4364 1209 4444 exeunt
1246 4357 1425 4444 salutato
1453 4353 1572 4440 altari
1601 4357 1680 4464 [et]

274 4492 416 4598 postea
452 4496 553 4576 tunc
588 4496 756 4594 exeant,
794 4489 890 4601 quia
930 4488 1156 4574 reverentia
1193 4489 1245 4572 ad
1272 4488 1483 4573 honorem
1520 4485 1682 4570 attinet.
1721 4575 1723 4582 s

275 4617 427 4704 Reddit
454 4648 616 4706 causam
630 4683 642 4726 ,
672 4649 820 4734 quare,
855 4647 949 4706 aum
977 4619 1098 4706 dicit:
1129 4623 1172 4704 nt
1195 4617 1351 4723 frater,
1381 4615 1451 4724 qui
1473 4617 1576 4721 torte
1604 4613 1684 4699 sibi

273 4749 534 4854 peculiariter
559 4751 641 4837 vait
669 4777 788 4838 orare
799 4811 810 4856 ,
840 4775 921 4835 riori
949 4747 1195 4856 impediatur
1221 4745 1388 4834 amem
1416 4747 1682 4852 improbitate.

277 4875 397 4969 Nunc
425 4879 832 4982 animadvertendum
852 4885 926 4984 est,
956 4877 1143 4991 quare‘B.
1160 4875 1406 4964 Benedictus
1425 4872 1528 4961 dicit
1548 4899 1682 4964 nnnc:

366 5165 395 5252 ¹)
417 5159 537 5254 inquit
557 5161 786 5238 Hildemarus
810 5161 866 5256 (l).

1326 5317 1329 5326 .
1399 5265 1501 5353 ⁴32·
1635 5367 1638 5374 ι
