3974 5778
59 261 63 269 ·
211 271 342 358 ,εεσ
455 225 494 336 .'
861 204 1089 364 stum?

217 463 224 594 j
259 485 367 596 spes
387 485 592 592 tranans
615 483 710 570 sone
729 481 949 572 nemas
966 485 1005 567 e
1024 488 1191 568 uncae
1209 435 1675 593 sumensque

260 621 424 735 irenam
452 615 592 728 posuit
618 616 775 718 abbati,
802 622 852 699 nt
878 641 965 700 non
985 612 1138 724 pamim
1159 614 1251 728 quis
1271 612 1465 724 eligatur,
1492 611 1565 712 sed
1590 613 1674 720 illa,

260 750 332 863 qai
359 750 458 836 boni
486 746 715 834 testimonii
742 751 786 832 ct
812 749 980 831 mactae
1002 743 1324 832 conversationis
1344 747 1421 830 cst
1476 743 1535 830 nt
1551 745 1606 829 in
1625 775 1674 832 ec

49 969 52 976 ,
260 881 372 991 quod
412 880 532 965 dicit:
571 877 641 984 qui
678 874 988 962 sollicitudinem
1025 876 1245 962 acuendum
1281 877 1480 961 mandata
1517 873 1603 960 De·
1638 883 1706 962 α’

100 1003 111 1026 ‘
198 988 206 1004 ⁸
253 1016 474 1119 praccepta
501 1007 663 1095 abbatis
690 1007 758 1093 cei
779 1013 940 1115 perum,
968 1006 1133 1092 decanis
1149 1007 1290 1118 posuit
1312 1006 1489 1108 irenam,
1516 1011 1565 1092 ut
1591 1036 1676 1092 nun

260 1121 377 1230 aliud*
401 1145 550 1254 agant,
592 1137 670 1225 nisi
699 1138 811 1250 qnod
838 1138 967 1222 abbas
989 1137 1112 1248 jabet
1139 1143 1184 1226 et
1211 1137 1324 1223 Dens
1357 1137 1570 1248 praecipit.
1626 1135 1676 1224 ln

263 1275 343 1359 hoc
371 1273 482 1358 iacto
505 1271 722 1357 manifeste
743 1253 887 1374 claret,
915 1268 1013 1380 qaia
1033 1273 1252 1381 praecepta
1269 1268 1432 1355 abbatie
1454 1269 1677 1355 necandum

263 1404 460 1490 mandata
474 1403 554 1490 nei
583 1401 736 1488 debent
754 1427 853 1489 esse.
909 1398 1017 1485 Nam
1043 1399 1224 1486 sialiter
1242 1397 1381 1502 fuerit,
1408 1401 1480 1485 ille
1499 1401 1679 1487 demnas

263 1541 337 1621 aut
364 1515 561 1620 'abbatem
588 1539 663 1620 ant
690 1531 822 1617 Deum
860 1533 1051 1632 effenditz
1090 1531 1118 1620 i.
1147 1561 1183 1622 e.
1218 1533 1254 1617 si
1283 1531 1459 1619 volucrit
1484 1533 1680 1618 mandata

112 1677 115 1684 '
264 1667 341 1752 Dei
378 1666 613 1776 attentem,
654 1669 754 1748 tunc
794 1662 976 1748 offendet
1012 1662 1227 1764 abbatem
1267 1663 1302 1748 si
1340 1667 1481 1748 actem
1518 1664 1680 1748 abbatis

265 1797 521 1883 veluntatem
561 1795 735 1884 soluerit
770 1795 958 1906 implere,
997 1789 1098 1880 tute
1137 1795 1319 1880 offendet
1358 1794 1505 1881 Deum.
1561 1795 1679 1894 Quod
1781 1887 1785 1894 ,

264 1926 544 2036 usquemodo
572 1926 677 2011 dixit
697 1927 740 2014 S.
761 1925 1010 2011 Benedictus
1036 1924 1089 2010 de
1115 1925 1292 2028 decanis,
1319 1926 1563 2038 praelibatio
1585 1927 1679 2013 init

267 2057 358 2142 Huc
384 2063 520 2142 entem
549 2057 660 2170 qued
688 2055 922 2170 subjunxit,
954 2055 1065 2140 idem
1095 2061 1179 2160 cst,
1207 2058 1318 2168 qnod
1346 2059 1532 2167 superins
1562 2056 1680 2144 dixit

215 2231 222 2244 ·
267 2187 380 2272 Benc
416 2188 523 2274 dixit
555 2214 681 2274 onera
707 2215 806 2291 sna,
834 2196 877 2271 ct
906 2213 990 2270 non
1018 2187 1217 2296 hencres,
1255 2187 1353 2300 quia
1379 2188 1471 2274 aliis
1497 2217 1682 2298 pracesse

101 2375 107 2388 ·
268 2318 431 2430 pondus
458 2327 521 2406 est
549 2321 705 2422 uncus,
742 2345 824 2403 non
853 2317 1034 2405 honoris.
1091 2317 1141 2404 In
1178 2317 1257 2404 huc
1293 2319 1408 2426 loeo,
1448 2349 1542 2406 eum
1581 2321 1683 2406 dicit

30 2437 34 2445 ’
90 2561 93 2569 .
265 2477 451 2554 securus,
492 2448 734 2537 intuendum
774 2452 860 2553 eet,
900 2452 1002 2561 ¹quia
1040 2450 1076 2536 si
1115 2481 1199 2538 una
1240 2452 1292 2537 de
1329 2452 1574 2564 supradictis
1611 2482 1683 2537 sex

267 2583 478 2694 speciebus
514 2581 692 2668 defuerit
730 2579 908 2686 decane,
946 2612 1031 2669 nen
1068 2587 1208 2693 potest
1233 2583 1363 2670 abbas
1390 2612 1556 2669 securus
1582 2613 1683 2687 esse,

151 2703 177 2758 '‘
269 2717 297 2804 i.
325 2745 360 2801 e.
390 2714 425 2800 si
452 2715 577 2800 inerit
604 2715 739 2798 bonae
767 2715 1087 2801 conversationis
1114 2721 1158 2800 ct
1185 2714 1335 2800 ardens
1357 2722 1400 2801 st
1421 2715 1619 2798 discretus
1640 2718 1685 2798 et

161 2866 165 2872 “
203 2873 206 2956 ζ
271 2847 349 2934 Dei
388 2852 431 2931 ct
468 2845 532 2930 sui
543 2843 575 2954 ¹)
615 2849 834 2954 praecepio
863 2845 1172 2956 obtemperans,
1213 2851 1257 2931 et
1298 2876 1381 2933 nun
1421 2847 1547 2930 faerit
1585 2846 1685 2931 boni

193 2988 202 3006 '
234 3017 240 3028 ·
269 2975 507 3077 testimonii,
534 2975 562 3060 i.
589 3003 626 3061 e.
653 2972 843 3058 amabilis
870 2974 1084 3077 iratribus,
1111 3004 1196 3061 nen
1224 2981 1364 3086 potest
1390 3005 1557 3064 securus
1584 3007 1685 3078 esse,
1735 3051 1740 3060 .

177 3190 180 3198 ,
249 3107 367 3216 'quia
407 3105 540 3212 nangis
576 3103 731 3212 rumpit
767 3131 889 3212 quau»
931 3103 1132 3192 acdificat.
1187 3102 1280 3189 Hoc
1308 3133 1407 3190 vcro
1437 3107 1547 3215 quud
1585 3105 1687 3190 dicit

108 3240 111 3247 ’
270 3237 456 3320 meritnm
483 3233 589 3317 citae
613 3237 651 3316 et
671 3233 897 3336 sapientiae
917 3234 1166 3320 doctrinam:
1194 3261 1267 3320 sex
1283 3235 1512 3344 superiores
1530 3237 1687 3345 species

269 3367 482 3450 continere
510 3368 658 3473 potest.
715 3360 772 3447 Et
799 3365 905 3449 bcne
934 3364 1040 3448 dixit
1067 3388 1148 3448 non
1173 3391 1249 3470 per
1275 3367 1481 3470 ordinem,
1509 3368 1607 3474 qnia
1641 3365 1686 3447 in

217 3565 226 3582 .
270 3495 344 3580 tali
373 3493 532 3578 ratione
561 3504 739 3579 consen
765 3477 1056 3578 custudicndus
1084 3496 1201 3597 crdo,
1229 3495 1301 3580 scd
1327 3495 1488 3581 etiamsi
1516 3496 1686 3579 ultimus

270 3627 419 3724 suerit,
458 3624 528 3708 ilie
556 3624 770 3735 eligendus
798 3631 881 3726 cst,
920 3626 992 3736 qni
1019 3627 1170 3738 dignus
1197 3627 1271 3729 sit,
1309 3626 1433 3712 sicuti
1460 3624 1511 3711 dc
1537 3625 1687 3710 abbate

272 3757 374 3840 dicit
389 3755 431 3845 S.
449 3757 710 3841 Benedictus.
769 3755 819 3841 in
849 3759 928 3842 hoc
955 3759 1076 3842 enim.
1094 3758 1188 3843 loco
1217 3759 1462 3843 intuendum
1486 3762 1563 3861 est,
1590 3758 1688 3868 quia

129 3945 142 3966 .
269 3890 340 3973 ille
369 3887 584 4000 eligendus
613 3893 687 3990 cst,
716 3889 787 3999 qui
815 3891 945 3976 vitam
970 3890 1122 3975 bonam
1150 3895 1193 3976 et·
1219 3897 1403 3976 sanctam
1432 3890 1624 3976 habuerit
1645 3895 1688 3970 et

269 4021 432 4138 sapiens
460 4020 596 4108 fuerit.
651 4019 746 4107 Jam
783 4023 820 4108 si
861 4051 945 4109 uun
984 4026 1123 4134 potest
1161 4023 1258 4108 talis
1297 4023 1498 4126 inveniri,
1535 4019 1608 4131 qui
1646 4025 1701 4102 et

271 4155 398 4242 vitam
428 4153 581 4240 bonam
608 4160 652 4239 ct
679 4160 862 4241 sanctam
901 4154 1094 4242 babuerit
1132 4161 1176 4243 et
1211 4159 1477 4267 sapientiam,
1516 4153 1587 4238 ille
1616 4151 1690 4237 eii·

271 4288 430 4402 genius
457 4291 522 4372 cst
549 4287 703 4400 magis,
745 4290 815 4402 qui
846 4289 973 4374 vitam
1001 4289 1153 4377 bonam
1192 4288 1282 4376 siue
1319 4290 1523 4401 sapientia
1550 4287 1688 4387 habet,

270 4451 394 4536 quam
423 4421 506 4522 illc,
535 4422 608 4532 qui
636 4423 880 4533 sapientiam
909 4423 1036 4509 habet
1064 4434 1108 4509 et
1135 4451 1222 4508 unu
1250 4423 1402 4508 bonam
1433 4422 1573 4506 vitam.
1698 4437 1703 4450 '

380 4554 593 4666 Sequitur:
645 4555 760 4660 Quod
796 4555 836 4639 si
855 4550 964 4661 'puis
1009 4581 1060 4640 cc
1101 4555 1162 4639 cis
1201 4553 1341 4661 ‹elipnu
1377 4554 1485 4660 [crte
1522 4551 1690 4648 inaltatus

270 4686 461 4795 spania
499 4691 683 4792 repertus
719 4687 846 4793 tuerit
886 4685 1235 4792 reprehensibilis,
1272 4693 1480 4792 correptus
1506 4681 1628 4770 scinci
1653 4689 1690 4766 et
1808 4688 1810 4691 ’
1872 4735 1881 4750 ·

269 4822 415 4904 {tntum
444 4825 561 4924 atquc
586 4820 702 4936 tertio
728 4822 769 4910 ci
795 4816 1009 4904 cstnssdcrc
1046 4818 1243 4926 cecinerit,
1281 4817 1496 4934 dejiciatur
1522 4825 1561 4903 et
1587 4815 1691 4900 ulter
1852 4913 1855 4920 ⁴
1883 4805 1906 4909 ',·

119 5065 123 5072 Ι
270 4951 315 5036 in
343 4951 426 5038 loco
452 4953 562 5058 ejus,
600 4952 848 5061 quinique
875 4957 957 5054 est,
995 4951 1242 5060 sanusne.
1299 4949 1358 5036 Et
1383 4949 1435 5035 dc
1453 4948 1690 5056 praeposite

362 5241 389 5328 1)
408 5235 567 5320 abbatis.
