<?xml version="1.0" encoding="UTF-8"?>
<!DOCTYPE html PUBLIC "-//W3C//DTD XHTML 1.0 Transitional//EN"
    "http://www.w3.org/TR/xhtml1/DTD/xhtml1-transitional.dtd">
<html xmlns="http://www.w3.org/1999/xhtml" xml:lang="en" lang="en">
 <head>
  <title>
</title>
<meta http-equiv="Content-Type" content="text/html;charset=utf-8" />
  <meta name='ocr-system' content='tesseract 3.04.00' />
  <meta name='ocr-capabilities' content='ocr_page ocr_carea ocr_par ocr_line ocrx_word'/>
</head>
<body>
  <div class='ocr_page' id='page_1' title='image "./vitaetregulassp01benegoog_0310.png"; bbox 0 0 3974 5778; ppageno 0'>
   <div class='ocr_carea' id='block_1_1' title="bbox 861 241 1649 334">
    <p class='ocr_par' dir='ltr' id='par_1_1' title="bbox 861 241 1649 334">
     <span class='ocr_line' id='line_1_1' title="bbox 861 241 1649 334; baseline -0.004 0"><span class='ocrx_word' id='word_1_1' title='bbox 861 241 946 334; x_wconf 68' lang='lat' dir='ltr'><strong>cap.</strong></span> <span class='ocrx_word' id='word_1_2' title='bbox 970 243 1030 318; x_wconf 69' lang='lat' dir='ltr'><strong>lx·</strong></span> <span class='ocrx_word' id='word_1_3' title='bbox 1573 246 1649 332; x_wconf 80' lang='lat'><strong>281</strong></span> 
     </span>
    </p>
   </div>
   <div class='ocr_carea' id='block_1_2' title="bbox 234 445 1711 1362">
    <p class='ocr_par' dir='ltr' id='par_1_2' title="bbox 234 445 1711 1362">
     <span class='ocr_line' id='line_1_2' title="bbox 234 445 1699 583; baseline -0.003 -31"><span class='ocrx_word' id='word_1_4' title='bbox 234 466 444 583; x_wconf 81' lang='lat' dir='ltr'><strong>-quoginte</strong></span> <span class='ocrx_word' id='word_1_5' title='bbox 472 461 663 574; x_wconf 80' lang='lat' dir='ltr'><strong>psalmos,</strong></span> <span class='ocrx_word' id='word_1_6' title='bbox 693 459 764 546; x_wconf 83' lang='lat' dir='ltr'><strong>olii</strong></span> <span class='ocrx_word' id='word_1_7' title='bbox 792 464 928 546; x_wconf 85' lang='lat' dir='ltr'><strong>eutem</strong></span> <span class='ocrx_word' id='word_1_8' title='bbox 958 461 1062 570; x_wconf 87' lang='lat' dir='ltr'><strong>plus,</strong></span> <span class='ocrx_word' id='word_1_9' title='bbox 1091 461 1160 547; x_wconf 85' lang='lat' dir='ltr'><strong>elii</strong></span> <span class='ocrx_word' id='word_1_10' title='bbox 1190 491 1284 550; x_wconf 79' lang='lat' dir='ltr'><strong>vero</strong></span> <span class='ocrx_word' id='word_1_11' title='bbox 1313 463 1476 575; x_wconf 83' lang='lat' dir='ltr'><strong>mium),</strong></span> <span class='ocrx_word' id='word_1_12' title='bbox 1507 463 1654 549; x_wconf 87' lang='lat' dir='ltr'><strong>deinde</strong></span> <span class='ocrx_word' id='word_1_13' title='bbox 1697 445 1699 456; x_wconf 15' lang='grc' dir='ltr'><em>Δ</em></span> 
     </span>
     <span class='ocr_line' id='line_1_3' title="bbox 244 591 1653 710; baseline -0.001 -30"><span class='ocrx_word' id='word_1_14' title='bbox 244 598 337 710; x_wconf 85' lang='lat' dir='ltr'><strong>quin</strong></span> <span class='ocrx_word' id='word_1_15' title='bbox 380 593 458 678; x_wconf 89' lang='lat' dir='ltr'><strong>istu</strong></span> <span class='ocrx_word' id='word_1_16' title='bbox 499 593 672 678; x_wconf 81' lang='lat' dir='ltr'><strong>serietas</strong></span> <span class='ocrx_word' id='word_1_17' title='bbox 712 596 800 676; x_wconf 87' lang='lat' dir='ltr'><strong>erut</strong></span> <span class='ocrx_word' id='word_1_18' title='bbox 839 591 1035 694; x_wconf 78' lang='lat' dir='ltr'><strong>canendi,</strong></span> <span class='ocrx_word' id='word_1_19' title='bbox 1082 598 1282 679; x_wconf 82' lang='lat' dir='ltr'><strong>venerunt</strong></span> <span class='ocrx_word' id='word_1_20' title='bbox 1322 597 1393 682; x_wconf 82' lang='lat' dir='ltr'><strong>SS.</strong></span> <span class='ocrx_word' id='word_1_21' title='bbox 1430 599 1571 682; x_wconf 87' lang='lat' dir='ltr'><strong>l’otres</strong></span> <span class='ocrx_word' id='word_1_22' title='bbox 1610 596 1653 680; x_wconf 91' lang='lat' dir='ltr'><strong>in</strong></span> 
     </span>
     <span class='ocr_line' id='line_1_4' title="bbox 244 722 1653 834; baseline -0.001 -23"><span class='ocrx_word' id='word_1_23' title='bbox 244 755 392 826; x_wconf 77' lang='lat' dir='ltr'><strong>unuin,</strong></span> <span class='ocrx_word' id='word_1_24' title='bbox 423 730 470 809; x_wconf 91' lang='lat' dir='ltr'><strong>ut</strong></span> <span class='ocrx_word' id='word_1_25' title='bbox 497 722 718 808; x_wconf 82' lang='lat' dir='ltr'><strong>‹lelinireut</strong></span> <span class='ocrx_word' id='word_1_26' title='bbox 746 724 796 807; x_wconf 85' lang='lat' dir='ltr'><strong>de</strong></span> <span class='ocrx_word' id='word_1_27' title='bbox 825 725 1059 834; x_wconf 80' lang='lat' dir='ltr'><strong>quontitate</strong></span> <span class='ocrx_word' id='word_1_28' title='bbox 1088 724 1355 833; x_wconf 77' lang='lat' dir='ltr'><strong>psulrnorum3</strong></span> <span class='ocrx_word' id='word_1_29' title='bbox 1395 733 1437 810; x_wconf 91' lang='lat' dir='ltr'><strong>et</strong></span> <span class='ocrx_word' id='word_1_30' title='bbox 1465 729 1562 812; x_wconf 90' lang='lat' dir='ltr'><strong>dnm</strong></span> <span class='ocrx_word' id='word_1_31' title='bbox 1594 727 1653 810; x_wconf 92' lang='lat' dir='ltr'><strong>illi</strong></span> 
     </span>
     <span class='ocr_line' id='line_1_5' title="bbox 243 853 1655 966; baseline -0.001 -24"><span class='ocrx_word' id='word_1_32' title='bbox 243 857 310 943; x_wconf 87' lang='lat' dir='ltr'><strong>diu</strong></span> <span class='ocrx_word' id='word_1_33' title='bbox 337 883 459 966; x_wconf 87' lang='lat' dir='ltr'><strong>super</strong></span> <span class='ocrx_word' id='word_1_34' title='bbox 488 855 564 939; x_wconf 86' lang='lat' dir='ltr'><strong>hoe</strong></span> <span class='ocrx_word' id='word_1_35' title='bbox 594 853 834 938; x_wconf 87' lang='lat' dir='ltr'><strong>definitione</strong></span> <span class='ocrx_word' id='word_1_36' title='bbox 864 854 1338 964; x_wconf 75' lang='lat' dir='ltr'><strong>consulerenteugelus</strong></span> <span class='ocrx_word' id='word_1_37' title='bbox 1369 857 1535 943; x_wconf 84' lang='lat' dir='ltr'><strong>Domini</strong></span> <span class='ocrx_word' id='word_1_38' title='bbox 1566 857 1655 940; x_wconf 88' lang='lat' dir='ltr'><strong>des·</strong></span> 
     </span>
     <span class='ocr_line' id='line_1_6' title="bbox 244 968 1711 1094; baseline -0.003 -20"><span class='ocrx_word' id='word_1_39' title='bbox 244 988 379 1075; x_wconf 88' lang='lat' dir='ltr'><strong>eeodit</strong></span> <span class='ocrx_word' id='word_1_40' title='bbox 406 996 448 1072; x_wconf 90' lang='lat' dir='ltr'><strong>et</strong></span> <span class='ocrx_word' id='word_1_41' title='bbox 475 985 591 1070; x_wconf 90' lang='lat' dir='ltr'><strong>stetit</strong></span> <span class='ocrx_word' id='word_1_42' title='bbox 618 983 661 1068; x_wconf 90' lang='lat' dir='ltr'><strong>in</strong></span> <span class='ocrx_word' id='word_1_43' title='bbox 683 985 817 1069; x_wconf 89' lang='lat' dir='ltr'><strong>medio</strong></span> <span class='ocrx_word' id='word_1_44' title='bbox 835 1013 975 1070; x_wconf 89' lang='lat' dir='ltr'><strong>eorum</strong></span> <span class='ocrx_word' id='word_1_45' title='bbox 1005 988 1048 1070; x_wconf 93' lang='lat' dir='ltr'><strong>et</strong></span> <span class='ocrx_word' id='word_1_46' title='bbox 1071 984 1220 1070; x_wconf 85' lang='lat' dir='ltr'><strong>eseinit</strong></span> <span class='ocrx_word' id='word_1_47' title='bbox 1239 987 1450 1072; x_wconf 86' lang='lat' dir='ltr'><strong>duodeeim</strong></span> <span class='ocrx_word' id='word_1_48' title='bbox 1476 968 1654 1094; x_wconf 86' lang='lat' dir='ltr'><strong>psalmos</strong></span> <span class='ocrx_word' id='word_1_49' title='bbox 1709 1089 1711 1094; x_wconf 23' lang='grc' dir='ltr'>Ι</span> 
     </span>
     <span class='ocr_line' id='line_1_7' title="bbox 245 1113 1685 1220; baseline -0.009 -15"><span class='ocrx_word' id='word_1_50' title='bbox 245 1126 286 1205; x_wconf 91' lang='lat' dir='ltr'><strong>et</strong></span> <span class='ocrx_word' id='word_1_51' title='bbox 314 1118 479 1204; x_wconf 86' lang='lat' dir='ltr'><strong>emunit</strong></span> <span class='ocrx_word' id='word_1_52' title='bbox 507 1144 556 1202; x_wconf 87' lang='lat' dir='ltr'><strong>ex</strong></span> <span class='ocrx_word' id='word_1_53' title='bbox 581 1113 709 1200; x_wconf 89' lang='lat' dir='ltr'><strong>oeulis</strong></span> <span class='ocrx_word' id='word_1_54' title='bbox 732 1141 884 1200; x_wconf 86' lang='lat' dir='ltr'><strong>eorum.</strong></span> <span class='ocrx_word' id='word_1_55' title='bbox 935 1115 1103 1200; x_wconf 77' lang='lat' dir='ltr'><strong>Etcum</strong></span> <span class='ocrx_word' id='word_1_56' title='bbox 1128 1114 1188 1201; x_wconf 90' lang='lat' dir='ltr'><strong>illi</strong></span> <span class='ocrx_word' id='word_1_57' title='bbox 1217 1115 1294 1200; x_wconf 84' lang='lat' dir='ltr'><strong>lroo</strong></span> <span class='ocrx_word' id='word_1_58' title='bbox 1320 1117 1527 1218; x_wconf 86' lang='lat' dir='ltr'><strong>vidissent,</strong></span> <span class='ocrx_word' id='word_1_59' title='bbox 1557 1139 1656 1220; x_wconf 78' lang='lat' dir='ltr'><strong>eog—</strong></span> <span class='ocrx_word' id='word_1_60' title='bbox 1682 1183 1685 1192; x_wconf 92' lang='lat'>.</span> 
     </span>
     <span class='ocr_line' id='line_1_8' title="bbox 250 1229 1656 1362; baseline -0.006 -28"><span class='ocrx_word' id='word_1_61' title='bbox 250 1253 462 1348; x_wconf 87' lang='lat' dir='ltr'><strong>noverunt,</strong></span> <span class='ocrx_word' id='word_1_62' title='bbox 491 1245 589 1357; x_wconf 85' lang='lat' dir='ltr'><strong>quio</strong></span> <span class='ocrx_word' id='word_1_63' title='bbox 616 1274 642 1328; x_wconf 84' lang='lat' dir='ltr'><strong>o</strong></span> <span class='ocrx_word' id='word_1_64' title='bbox 670 1241 758 1328; x_wconf 84' lang='lat' dir='ltr'><strong>Deo</strong></span> <span class='ocrx_word' id='word_1_65' title='bbox 788 1243 1023 1330; x_wconf 88' lang='lat' dir='ltr'><strong>institutum</strong></span> <span class='ocrx_word' id='word_1_66' title='bbox 1054 1251 1128 1347; x_wconf 90' lang='lat' dir='ltr'><strong>est,</strong></span> <span class='ocrx_word' id='word_1_67' title='bbox 1162 1251 1210 1330; x_wconf 94' lang='lat' dir='ltr'><strong>ut</strong></span> <span class='ocrx_word' id='word_1_68' title='bbox 1237 1229 1447 1331; x_wconf 85' lang='lat' dir='ltr'><strong>duodecim</strong></span> <span class='ocrx_word' id='word_1_69' title='bbox 1478 1243 1656 1362; x_wconf 89' lang='lat' dir='ltr'><strong>psulmos</strong></span> 
     </span>
    </p>
   </div>
   <div class='ocr_carea' id='block_1_3' title="bbox 244 1373 1905 1616">
    <p class='ocr_par' dir='ltr' id='par_1_3' title="bbox 244 1373 1905 1616">
     <span class='ocr_line' id='line_1_9' title="bbox 244 1373 1772 1486; baseline -0.003 -24"><span class='ocrx_word' id='word_1_70' title='bbox 244 1380 436 1462; x_wconf 69' lang='lat' dir='ltr'><strong>existerent</strong></span> <span class='ocrx_word' id='word_1_71' title='bbox 467 1376 516 1460; x_wconf 87' lang='lat' dir='ltr'><strong>od</strong></span> <span class='ocrx_word' id='word_1_72' title='bbox 548 1375 869 1486; x_wconf 86' lang='lat' dir='ltr'><strong>unumquodque</strong></span> <span class='ocrx_word' id='word_1_73' title='bbox 899 1375 1080 1460; x_wconf 88' lang='lat' dir='ltr'><strong>ollieium</strong></span> <span class='ocrx_word' id='word_1_74' title='bbox 1106 1375 1270 1485; x_wconf 77' lang='lat' dir='ltr'><strong>vigiliae</strong></span> <span class='ocrx_word' id='word_1_75' title='bbox 1292 1383 1526 1461; x_wconf 82' lang='lat' dir='ltr'><strong>nocturnus.</strong></span> <span class='ocrx_word' id='word_1_76' title='bbox 1573 1373 1655 1458; x_wconf 88' lang='lat' dir='ltr'><strong>De·</strong></span> <span class='ocrx_word' id='word_1_77' title='bbox 1767 1390 1772 1401; x_wconf 83' lang='lat'>‘</span> 
     </span>
     <span class='ocr_line' id='line_1_10' title="bbox 245 1491 1905 1616; baseline -0.005 -25"><span class='ocrx_word' id='word_1_78' title='bbox 245 1507 338 1591; x_wconf 87' lang='lat' dir='ltr'><strong>iude</strong></span> <span class='ocrx_word' id='word_1_79' title='bbox 368 1505 550 1590; x_wconf 76' lang='lat' dir='ltr'><strong>obtinuit</strong></span> <span class='ocrx_word' id='word_1_80' title='bbox 578 1506 832 1592; x_wconf 86' lang='lat' dir='ltr'><strong>consuetudo</strong></span> <span class='ocrx_word' id='word_1_81' title='bbox 860 1533 933 1616; x_wconf 88' lang='lat' dir='ltr'><strong>por</strong></span> <span class='ocrx_word' id='word_1_82' title='bbox 955 1504 1143 1590; x_wconf 82' lang='lat' dir='ltr'><strong>melesius</strong></span> <span class='ocrx_word' id='word_1_83' title='bbox 1164 1505 1375 1590; x_wconf 76' lang='lat' dir='ltr'><strong>Africanus</strong></span> <span class='ocrx_word' id='word_1_84' title='bbox 1405 1509 1449 1604; x_wconf 88' lang='lat' dir='ltr'><strong>et</strong></span> <span class='ocrx_word' id='word_1_85' title='bbox 1469 1502 1657 1588; x_wconf 88' lang='lat' dir='ltr'><strong>oceiden·</strong></span> <span class='ocrx_word' id='word_1_86' title='bbox 1722 1555 1729 1576; x_wconf 82' lang='lat'><strong>·</strong></span> <span class='ocrx_word' id='word_1_87' title='bbox 1896 1491 1905 1555; x_wconf 64' lang='grc'><strong>·’</strong></span> 
     </span>
    </p>
   </div>
   <div class='ocr_carea' id='block_1_4' title="bbox 245 1633 1691 1998">
    <p class='ocr_par' dir='ltr' id='par_1_4' title="bbox 245 1633 1691 1998">
     <span class='ocr_line' id='line_1_11' title="bbox 247 1633 1656 1744; baseline -0.003 -26"><span class='ocrx_word' id='word_1_88' title='bbox 247 1634 358 1734; x_wconf 84' lang='lat' dir='ltr'><strong>tutes,</strong></span> <span class='ocrx_word' id='word_1_89' title='bbox 388 1638 436 1718; x_wconf 88' lang='lat' dir='ltr'><strong>nt</strong></span> <span class='ocrx_word' id='word_1_90' title='bbox 464 1633 678 1720; x_wconf 83' lang='lat' dir='ltr'><strong>duodecim</strong></span> <span class='ocrx_word' id='word_1_91' title='bbox 709 1634 886 1743; x_wconf 81' lang='lat' dir='ltr'><strong>psalmos</strong></span> <span class='ocrx_word' id='word_1_92' title='bbox 916 1637 1130 1720; x_wconf 72' lang='lat' dir='ltr'>cantarent</span> <span class='ocrx_word' id='word_1_93' title='bbox 1155 1634 1207 1718; x_wconf 88' lang='lat' dir='ltr'><strong>nd</strong></span> <span class='ocrx_word' id='word_1_94' title='bbox 1233 1633 1396 1744; x_wconf 78' lang='lat' dir='ltr'><strong>vigilias</strong></span> <span class='ocrx_word' id='word_1_95' title='bbox 1422 1637 1656 1717; x_wconf 84' lang='lat' dir='ltr'><strong>nocturnos.</strong></span> 
     </span>
     <span class='ocr_line' id='line_1_12' title="bbox 248 1761 1691 1870; baseline -0.003 -22"><span class='ocrx_word' id='word_1_96' title='bbox 248 1764 313 1848; x_wconf 85' lang='lat' dir='ltr'><strong>Sic</strong></span> <span class='ocrx_word' id='word_1_97' title='bbox 342 1762 448 1847; x_wconf 90' lang='lat' dir='ltr'><strong>enim</strong></span> <span class='ocrx_word' id='word_1_98' title='bbox 479 1762 578 1847; x_wconf 80' lang='lat' dir='ltr'><strong>dicit</strong></span> <span class='ocrx_word' id='word_1_99' title='bbox 605 1764 647 1848; x_wconf 93' lang='lat' dir='ltr'><strong>in</strong></span> <span class='ocrx_word' id='word_1_100' title='bbox 678 1763 783 1848; x_wconf 91' lang='lat' dir='ltr'><strong>libro</strong></span> <span class='ocrx_word' id='word_1_101' title='bbox 812 1761 991 1850; x_wconf 87' lang='lat' dir='ltr'><strong>seeundo</strong></span> <span class='ocrx_word' id='word_1_102' title='bbox 1024 1763 1239 1848; x_wconf 85' lang='lat' dir='ltr'><strong>institutos</strong></span> <span class='ocrx_word' id='word_1_103' title='bbox 1269 1763 1460 1848; x_wconf 84' lang='lat' dir='ltr'><strong>Petrum:</strong></span> <span class='ocrx_word' id='word_1_104' title='bbox 1505 1761 1654 1870; x_wconf 89' lang='lat' dir='ltr'><strong>[Num]</strong></span> <span class='ocrx_word' id='word_1_105' title='bbox 1688 1769 1691 1775; x_wconf 75' lang='grc'><em>’</em></span> 
     </span>
     <span class='ocr_line' id='line_1_13' title="bbox 245 1891 1566 1998; baseline -0.005 -18"><span class='ocrx_word' id='word_1_106' title='bbox 245 1917 330 1980; x_wconf 90' lang='lat' dir='ltr'><strong>eum</strong></span> <span class='ocrx_word' id='word_1_107' title='bbox 358 1893 402 1976; x_wconf 86' lang='lat' dir='ltr'><strong>in</strong></span> <span class='ocrx_word' id='word_1_108' title='bbox 425 1892 670 1998; x_wconf 73' lang='lat' dir='ltr'><strong>primordiis</strong></span> <span class='ocrx_word' id='word_1_109' title='bbox 695 1893 794 1998; x_wconf 79' lang='lat' dir='ltr'><strong>fidoi</strong></span> <span class='ocrx_word' id='word_1_110' title='bbox 823 1958 832 1982; x_wconf 89' lang='lat'><strong>.</strong></span> <span class='ocrx_word' id='word_1_111' title='bbox 865 1959 874 1980; x_wconf 88' lang='lat'><strong>.</strong></span> <span class='ocrx_word' id='word_1_112' title='bbox 906 1951 916 1976; x_wconf 85' lang='lat'><strong>.</strong></span> <span class='ocrx_word' id='word_1_113' title='bbox 946 1955 956 1982; x_wconf 87' lang='lat'><strong>.</strong></span> <span class='ocrx_word' id='word_1_114' title='bbox 987 1894 1180 1978; x_wconf 75' lang='lat' dir='ltr'><strong>irremorio</strong></span> <span class='ocrx_word' id='word_1_115' title='bbox 1208 1891 1516 1998; x_wconf 79' lang='lat' dir='ltr'><strong>smiptmuusms.</strong></span> <span class='ocrx_word' id='word_1_116' title='bbox 1532 1892 1566 1998; x_wconf 90' lang='lat'><strong>¹)</strong></span> 
     </span>
    </p>
   </div>
   <div class='ocr_carea' id='block_1_5' title="bbox 244 2019 1952 2252">
    <p class='ocr_par' dir='ltr' id='par_1_5' title="bbox 244 2019 1952 2252">
     <span class='ocr_line' id='line_1_14' title="bbox 354 2019 1952 2128; baseline -0.006 -21"><span class='ocrx_word' id='word_1_117' title='bbox 354 2025 456 2108; x_wconf 84' lang='lat' dir='ltr'><strong>(lum</strong></span> <span class='ocrx_word' id='word_1_118' title='bbox 485 2022 755 2128; x_wconf 74' lang='lat' dir='ltr'><strong>expositiones</strong></span> <span class='ocrx_word' id='word_1_119' title='bbox 783 2051 922 2110; x_wconf 86' lang='lat' dir='ltr'><strong>eurum</strong></span> <span class='ocrx_word' id='word_1_120' title='bbox 952 2022 1071 2126; x_wconf 89' lang='lat' dir='ltr'><strong>dioit,</strong></span> <span class='ocrx_word' id='word_1_121' title='bbox 1100 2022 1428 2110; x_wconf 77' lang='lat' dir='ltr'><strong>subaudiendum</strong></span> <span class='ocrx_word' id='word_1_122' title='bbox 1457 2026 1540 2106; x_wconf 85' lang='lat' dir='ltr'><strong>ost:</strong></span> <span class='ocrx_word' id='word_1_123' title='bbox 1578 2019 1656 2104; x_wconf 83' lang='lat' dir='ltr'><strong>leo·</strong></span> <span class='ocrx_word' id='word_1_124' title='bbox 1773 2093 1778 2107; x_wconf 82' lang='grc'><em>,</em></span> <span class='ocrx_word' id='word_1_125' title='bbox 1817 2055 1818 2060; x_wconf 35' lang='lat'>¹</span> <span class='ocrx_word' id='word_1_126' title='bbox 1950 2041 1952 2050; x_wconf 58' lang='lat'><strong>¹</strong></span> 
     </span>
     <span class='ocr_line' id='line_1_15' title="bbox 244 2147 1882 2252; baseline -0.004 -14"><span class='ocrx_word' id='word_1_127' title='bbox 244 2155 392 2238; x_wconf 84' lang='lat' dir='ltr'><strong>tiomem</strong></span> <span class='ocrx_word' id='word_1_128' title='bbox 431 2151 573 2237; x_wconf 85' lang='lat' dir='ltr'><strong>ueteris</strong></span> <span class='ocrx_word' id='word_1_129' title='bbox 609 2160 646 2238; x_wconf 91' lang='lat' dir='ltr'><strong>et</strong></span> <span class='ocrx_word' id='word_1_130' title='bbox 686 2153 779 2236; x_wconf 80' lang='lat' dir='ltr'><strong>eroui</strong></span> <span class='ocrx_word' id='word_1_131' title='bbox 815 2157 1053 2239; x_wconf 70' lang='lat' dir='ltr'><strong>testamenii.</strong></span> <span class='ocrx_word' id='word_1_132' title='bbox 1114 2155 1169 2238; x_wconf 81' lang='lat' dir='ltr'><strong>Et</strong></span> <span class='ocrx_word' id='word_1_133' title='bbox 1203 2153 1281 2237; x_wconf 89' lang='lat' dir='ltr'><strong>hoo</strong></span> <span class='ocrx_word' id='word_1_134' title='bbox 1320 2152 1545 2238; x_wconf 77' lang='lat' dir='ltr'><strong>notandum</strong></span> <span class='ocrx_word' id='word_1_135' title='bbox 1581 2147 1668 2252; x_wconf 75' lang='lat' dir='ltr'><strong>est,</strong></span> <span class='ocrx_word' id='word_1_136' title='bbox 1788 2227 1791 2236; x_wconf 79' lang='grc'>,</span> <span class='ocrx_word' id='word_1_137' title='bbox 1879 2199 1882 2206; x_wconf 76' lang='lat'><strong>,</strong></span> 
     </span>
    </p>
   </div>
   <div class='ocr_carea' id='block_1_6' title="bbox 246 2282 1655 2394">
    <p class='ocr_par' dir='ltr' id='par_1_6' title="bbox 246 2282 1655 2394">
     <span class='ocr_line' id='line_1_16' title="bbox 246 2282 1655 2394; baseline -0.003 -28"><span class='ocrx_word' id='word_1_138' title='bbox 246 2283 352 2394; x_wconf 87' lang='lat' dir='ltr'><strong>qnod</strong></span> <span class='ocrx_word' id='word_1_139' title='bbox 375 2283 558 2393; x_wconf 82' lang='lat' dir='ltr'><strong>potest¹)</strong></span> <span class='ocrx_word' id='word_1_140' title='bbox 588 2283 789 2394; x_wconf 82' lang='lat' dir='ltr'><strong>expositio</strong></span> <span class='ocrx_word' id='word_1_141' title='bbox 811 2287 959 2371; x_wconf 84' lang='lat' dir='ltr'><strong>ueteris</strong></span> <span class='ocrx_word' id='word_1_142' title='bbox 988 2292 1030 2370; x_wconf 89' lang='lat' dir='ltr'><strong>st</strong></span> <span class='ocrx_word' id='word_1_143' title='bbox 1057 2287 1153 2372; x_wconf 91' lang='lat' dir='ltr'><strong>novi</strong></span> <span class='ocrx_word' id='word_1_144' title='bbox 1175 2284 1412 2370; x_wconf 76' lang='lat' dir='ltr'><strong>testamenti</strong></span> <span class='ocrx_word' id='word_1_145' title='bbox 1431 2282 1655 2365; x_wconf 88' lang='lat' dir='ltr'><strong>seeundum</strong></span> 
     </span>
    </p>
   </div>
   <div class='ocr_carea' id='block_1_7' title="bbox 28 2409 1918 3308">
    <p class='ocr_par' dir='ltr' id='par_1_7' title="bbox 28 2409 1918 3308">
     <span class='ocr_line' id='line_1_17' title="bbox 28 2409 1773 2525; baseline -0.005 -25"><span class='ocrx_word' id='word_1_146' title='bbox 28 2427 31 2442; x_wconf 81' lang='lat'><em>&#39;</em></span> <span class='ocrx_word' id='word_1_147' title='bbox 162 2470 166 2479; x_wconf 85' lang='lat'>·</span> <span class='ocrx_word' id='word_1_148' title='bbox 245 2412 530 2500; x_wconf 74' lang='lat' dir='ltr'><strong>neustoritutem</strong></span> <span class='ocrx_word' id='word_1_149' title='bbox 562 2411 682 2522; x_wconf 87' lang='lat' dir='ltr'><strong>hujus</strong></span> <span class='ocrx_word' id='word_1_150' title='bbox 707 2415 885 2525; x_wconf 81' lang='lat' dir='ltr'><strong>regulae,</strong></span> <span class='ocrx_word' id='word_1_151' title='bbox 915 2416 974 2498; x_wconf 84' lang='lat' dir='ltr'><strong>itu</strong></span> <span class='ocrx_word' id='word_1_152' title='bbox 994 2420 1146 2513; x_wconf 84' lang='lat' dir='ltr'><strong>temen,</strong></span> <span class='ocrx_word' id='word_1_153' title='bbox 1176 2419 1223 2500; x_wconf 94' lang='lat' dir='ltr'><strong>ut</strong></span> <span class='ocrx_word' id='word_1_154' title='bbox 1251 2443 1344 2499; x_wconf 90' lang='lat' dir='ltr'><strong>eum</strong></span> <span class='ocrx_word' id='word_1_155' title='bbox 1376 2414 1502 2498; x_wconf 89' lang='lat' dir='ltr'><strong>lectus</strong></span> <span class='ocrx_word' id='word_1_156' title='bbox 1533 2409 1657 2494; x_wconf 84' lang='lat' dir='ltr'><strong>tuerit</strong></span> <span class='ocrx_word' id='word_1_157' title='bbox 1771 2435 1773 2442; x_wconf 58' lang='lat'><strong>⁴</strong></span> 
     </span>
     <span class='ocr_line' id='line_1_18' title="bbox 244 2539 1769 2648; baseline -0.003 -21"><span class='ocrx_word' id='word_1_158' title='bbox 244 2543 345 2627; x_wconf 86' lang='lat' dir='ltr'><strong>liber</strong></span> <span class='ocrx_word' id='word_1_159' title='bbox 373 2543 520 2628; x_wconf 80' lang='lat' dir='ltr'><strong>ueteris</strong></span> <span class='ocrx_word' id='word_1_160' title='bbox 551 2543 614 2628; x_wconf 88' lang='lat' dir='ltr'><strong>vel</strong></span> <span class='ocrx_word' id='word_1_161' title='bbox 645 2545 743 2628; x_wconf 77' lang='lat' dir='ltr'><strong>riori</strong></span> <span class='ocrx_word' id='word_1_162' title='bbox 770 2545 1044 2648; x_wconf 81' lang='lat' dir='ltr'><strong>testamenti,¹</strong></span> <span class='ocrx_word' id='word_1_163' title='bbox 1075 2575 1157 2632; x_wconf 94' lang='lat' dir='ltr'><strong>nou</strong></span> <span class='ocrx_word' id='word_1_164' title='bbox 1187 2546 1310 2631; x_wconf 88' lang='lat' dir='ltr'><strong>debet</strong></span> <span class='ocrx_word' id='word_1_165' title='bbox 1337 2545 1487 2628; x_wconf 89' lang='lat' dir='ltr'><strong>iterum</strong></span> <span class='ocrx_word' id='word_1_166' title='bbox 1514 2539 1655 2648; x_wconf 78' lang='lat' dir='ltr'><strong>relegi,</strong></span> <span class='ocrx_word' id='word_1_167' title='bbox 1763 2553 1769 2568; x_wconf 85' lang='lat'>&#39;</span> 
     </span>
     <span class='ocr_line' id='line_1_19' title="bbox 43 2669 1656 2786; baseline -0.004 -27"><span class='ocrx_word' id='word_1_168' title='bbox 43 2751 49 2772; x_wconf 85' lang='grc'>,</span> <span class='ocrx_word' id='word_1_169' title='bbox 112 2724 115 2736; x_wconf 88' lang='grc'>-</span> <span class='ocrx_word' id='word_1_170' title='bbox 245 2674 314 2759; x_wconf 89' lang='lat' dir='ltr'><strong>sod</strong></span> <span class='ocrx_word' id='word_1_171' title='bbox 353 2702 474 2758; x_wconf 84' lang='lat' dir='ltr'><strong>eouso</strong></span> <span class='ocrx_word' id='word_1_172' title='bbox 515 2674 743 2759; x_wconf 78' lang='lat' dir='ltr'><strong>honestatis</strong></span> <span class='ocrx_word' id='word_1_173' title='bbox 779 2675 932 2760; x_wconf 87' lang='lat' dir='ltr'><strong>debent</strong></span> <span class='ocrx_word' id='word_1_174' title='bbox 972 2675 1108 2786; x_wconf 74' lang='lat' dir='ltr'><strong>legere</strong></span> <span class='ocrx_word' id='word_1_175' title='bbox 1145 2675 1442 2786; x_wconf 82' lang='lat' dir='ltr'><strong>expositionem</strong></span> <span class='ocrx_word' id='word_1_176' title='bbox 1475 2669 1656 2781; x_wconf 88' lang='lat' dir='ltr'><strong>ejusdem</strong></span> 
     </span>
     <span class='ocr_line' id='line_1_20' title="bbox 28 2801 1655 2918; baseline -0.003 -31"><span class='ocrx_word' id='word_1_177' title='bbox 28 2805 29 2822; x_wconf 54' lang='lat'>¹</span> <span class='ocrx_word' id='word_1_178' title='bbox 168 2845 174 2858; x_wconf 95' lang='lat'><em>·</em></span> <span class='ocrx_word' id='word_1_179' title='bbox 247 2804 334 2889; x_wconf 91' lang='lat' dir='ltr'><strong>libri</strong></span> <span class='ocrx_word' id='word_1_180' title='bbox 365 2810 439 2889; x_wconf 86' lang='lat' dir='ltr'><strong>out</strong></span> <span class='ocrx_word' id='word_1_181' title='bbox 466 2805 634 2890; x_wconf 87' lang='lat' dir='ltr'><strong>ulterius</strong></span> <span class='ocrx_word' id='word_1_182' title='bbox 664 2804 771 2910; x_wconf 81' lang='lat' dir='ltr'><strong>libri,</strong></span> <span class='ocrx_word' id='word_1_183' title='bbox 802 2806 938 2892; x_wconf 90' lang='lat' dir='ltr'><strong>sinon</strong></span> <span class='ocrx_word' id='word_1_184' title='bbox 961 2805 1173 2918; x_wconf 88' lang='lat' dir='ltr'><strong>potuerint</strong></span> <span class='ocrx_word' id='word_1_185' title='bbox 1200 2803 1379 2912; x_wconf 87' lang='lat' dir='ltr'><strong>ejusdem</strong></span> <span class='ocrx_word' id='word_1_186' title='bbox 1406 2801 1500 2892; x_wconf 91' lang='lat' dir='ltr'><strong>libri</strong></span> <span class='ocrx_word' id='word_1_187' title='bbox 1528 2829 1655 2910; x_wconf 88' lang='lat' dir='ltr'><strong>expo·</strong></span> 
     </span>
     <span class='ocr_line' id='line_1_21' title="bbox 245 2931 1902 3045; baseline -0.002 -31"><span class='ocrx_word' id='word_1_188' title='bbox 245 2935 408 3019; x_wconf 80' lang='lat' dir='ltr'><strong>sitiones</strong></span> <span class='ocrx_word' id='word_1_189' title='bbox 429 2935 593 3037; x_wconf 80' lang='lat' dir='ltr'><strong>liotore,</strong></span> <span class='ocrx_word' id='word_1_190' title='bbox 621 2964 659 3022; x_wconf 86' lang='lat' dir='ltr'><strong>v.</strong></span> <span class='ocrx_word' id='word_1_191' title='bbox 681 2963 743 3045; x_wconf 76' lang='lat' dir='ltr'><strong>gr,</strong></span> <span class='ocrx_word' id='word_1_192' title='bbox 768 2937 800 3021; x_wconf 90' lang='lat' dir='ltr'><strong>si</strong></span> <span class='ocrx_word' id='word_1_193' title='bbox 822 2937 927 3022; x_wconf 85' lang='lat' dir='ltr'><strong>liber</strong></span> <span class='ocrx_word' id='word_1_194' title='bbox 946 2935 1073 3022; x_wconf 84' lang='lat' dir='ltr'><strong>lmine</strong></span> <span class='ocrx_word' id='word_1_195' title='bbox 1102 2937 1231 3022; x_wconf 82' lang='lat' dir='ltr'><strong>lectus</strong></span> <span class='ocrx_word' id='word_1_196' title='bbox 1259 2933 1397 3036; x_wconf 86' lang='lat' dir='ltr'><strong>fuerit,</strong></span> <span class='ocrx_word' id='word_1_197' title='bbox 1428 2960 1510 3017; x_wconf 91' lang='lat' dir='ltr'><strong>non</strong></span> <span class='ocrx_word' id='word_1_198' title='bbox 1533 2931 1657 3016; x_wconf 88' lang='lat' dir='ltr'><strong>debet</strong></span> <span class='ocrx_word' id='word_1_199' title='bbox 1811 3003 1814 3014; x_wconf 84' lang='lat'><em>.</em></span> <span class='ocrx_word' id='word_1_200' title='bbox 1898 3033 1902 3044; x_wconf 93' lang='lat'>.</span> 
     </span>
     <span class='ocr_line' id='line_1_22' title="bbox 219 3058 1918 3176; baseline -0.005 -29"><span class='ocrx_word' id='word_1_201' title='bbox 219 3065 389 3148; x_wconf 79' lang='lat' dir='ltr'><strong>iterum</strong></span> <span class='ocrx_word' id='word_1_202' title='bbox 420 3065 568 3176; x_wconf 80' lang='lat' dir='ltr'><strong>relegi,</strong></span> <span class='ocrx_word' id='word_1_203' title='bbox 610 3067 679 3150; x_wconf 89' lang='lat' dir='ltr'><strong>sed</strong></span> <span class='ocrx_word' id='word_1_204' title='bbox 710 3096 830 3152; x_wconf 87' lang='lat' dir='ltr'><strong>ouuso</strong></span> <span class='ocrx_word' id='word_1_205' title='bbox 859 3066 1086 3152; x_wconf 82' lang='lat' dir='ltr'><strong>lrouestntis</strong></span> <span class='ocrx_word' id='word_1_206' title='bbox 1115 3065 1338 3152; x_wconf 86' lang='lat' dir='ltr'><strong>seeundum</strong></span> <span class='ocrx_word' id='word_1_207' title='bbox 1367 3058 1652 3148; x_wconf 78' lang='lat' dir='ltr'><strong>anctoritatem</strong></span> <span class='ocrx_word' id='word_1_208' title='bbox 1744 3165 1751 3174; x_wconf 26' lang='grc' dir='ltr'>Ι</span> <span class='ocrx_word' id='word_1_209' title='bbox 1915 3075 1918 3084; x_wconf 89' lang='grc'><strong><em>·</em></strong></span> 
     </span>
     <span class='ocr_line' id='line_1_23' title="bbox 245 3193 1806 3308; baseline -0.006 -28"><span class='ocrx_word' id='word_1_210' title='bbox 245 3195 409 3307; x_wconf 83' lang='lat' dir='ltr'><strong>capituli</strong></span> <span class='ocrx_word' id='word_1_211' title='bbox 439 3196 559 3306; x_wconf 86' lang='lat' dir='ltr'><strong>hujus</strong></span> <span class='ocrx_word' id='word_1_212' title='bbox 589 3198 742 3282; x_wconf 84' lang='lat' dir='ltr'><strong>debent</strong></span> <span class='ocrx_word' id='word_1_213' title='bbox 771 3199 908 3307; x_wconf 85' lang='lat' dir='ltr'><strong>legere</strong></span> <span class='ocrx_word' id='word_1_214' title='bbox 937 3195 1224 3308; x_wconf 78' lang='lat' dir='ltr'><strong>expositiones,</strong></span> <span class='ocrx_word' id='word_1_215' title='bbox 1255 3222 1356 3304; x_wconf 86' lang='lat' dir='ltr'><strong>quas</strong></span> <span class='ocrx_word' id='word_1_216' title='bbox 1379 3193 1655 3302; x_wconf 87' lang='lat' dir='ltr'><strong>Hieronymus</strong></span> <span class='ocrx_word' id='word_1_217' title='bbox 1801 3281 1806 3304; x_wconf 73' lang='lat'><strong>,</strong></span> 
     </span>
    </p>
   </div>
   <div class='ocr_carea' id='block_1_8' title="bbox 245 3319 1654 3444">
    <p class='ocr_par' dir='ltr' id='par_1_8' title="bbox 245 3319 1654 3444">
     <span class='ocr_line' id='line_1_24' title="bbox 245 3319 1654 3444; baseline -0.004 -36"><span class='ocrx_word' id='word_1_218' title='bbox 245 3327 286 3408; x_wconf 92' lang='lat' dir='ltr'><strong>iu</strong></span> <span class='ocrx_word' id='word_1_219' title='bbox 310 3327 458 3414; x_wconf 84' lang='lat' dir='ltr'><strong>leuium</strong></span> <span class='ocrx_word' id='word_1_220' title='bbox 488 3330 597 3414; x_wconf 85' lang='lat' dir='ltr'><strong>feeit.</strong></span> <span class='ocrx_word' id='word_1_221' title='bbox 642 3329 683 3413; x_wconf 82' lang='lat' dir='ltr'><strong>Si</strong></span> <span class='ocrx_word' id='word_1_222' title='bbox 713 3357 809 3414; x_wconf 88' lang='lat' dir='ltr'><strong>vero</strong></span> <span class='ocrx_word' id='word_1_223' title='bbox 840 3359 923 3414; x_wconf 93' lang='lat' dir='ltr'><strong>non</strong></span> <span class='ocrx_word' id='word_1_224' title='bbox 952 3327 1173 3412; x_wconf 77' lang='lat' dir='ltr'><strong>habuerint</strong></span> <span class='ocrx_word' id='word_1_225' title='bbox 1201 3325 1381 3436; x_wconf 86' lang='lat' dir='ltr'><strong>ejusdem</strong></span> <span class='ocrx_word' id='word_1_226' title='bbox 1413 3321 1505 3406; x_wconf 87' lang='lat' dir='ltr'><strong>libn&#39;</strong></span> <span class='ocrx_word' id='word_1_227' title='bbox 1527 3319 1654 3444; x_wconf 87' lang='lat' dir='ltr'><strong>lsuioe</strong></span> 
     </span>
    </p>
   </div>
   <div class='ocr_carea' id='block_1_9' title="bbox 245 3447 1820 3570">
    <p class='ocr_par' dir='ltr' id='par_1_9' title="bbox 245 3447 1820 3570">
     <span class='ocr_line' id='line_1_25' title="bbox 245 3447 1820 3570; baseline -0.004 -31"><span class='ocrx_word' id='word_1_228' title='bbox 245 3459 469 3569; x_wconf 88' lang='lat' dir='ltr'><strong>prophetoe</strong></span> <span class='ocrx_word' id='word_1_229' title='bbox 498 3459 792 3570; x_wconf 80' lang='lat' dir='ltr'><strong>expositiones,</strong></span> <span class='ocrx_word' id='word_1_230' title='bbox 830 3461 973 3570; x_wconf 78' lang='lat' dir='ltr'><strong>legent</strong></span> <span class='ocrx_word' id='word_1_231' title='bbox 1001 3456 1279 3570; x_wconf 81' lang='lat' dir='ltr'><strong>expositiones</strong></span> <span class='ocrx_word' id='word_1_232' title='bbox 1307 3447 1554 3564; x_wconf 84' lang='lat' dir='ltr'><strong>psalmorum</strong></span> <span class='ocrx_word' id='word_1_233' title='bbox 1584 3455 1657 3534; x_wconf 82' lang='lat' dir='ltr'><strong>sut</strong></span> <span class='ocrx_word' id='word_1_234' title='bbox 1817 3493 1820 3498; x_wconf 96' lang='lat'>·</span> 
     </span>
    </p>
   </div>
   <div class='ocr_carea' id='block_1_10' title="bbox 245 3581 1724 3960">
    <p class='ocr_par' dir='ltr' id='par_1_10' title="bbox 245 3581 1724 3960">
     <span class='ocr_line' id='line_1_26' title="bbox 248 3581 1654 3700; baseline -0.003 -30"><span class='ocrx_word' id='word_1_235' title='bbox 248 3587 458 3700; x_wconf 74' lang='lat' dir='ltr'><strong>Evangelii</strong></span> <span class='ocrx_word' id='word_1_236' title='bbox 486 3600 559 3676; x_wconf 85' lang='lat' dir='ltr'><strong>eut</strong></span> <span class='ocrx_word' id='word_1_237' title='bbox 586 3591 755 3676; x_wconf 87' lang='lat' dir='ltr'><strong>ulterius</strong></span> <span class='ocrx_word' id='word_1_238' title='bbox 784 3591 880 3675; x_wconf 90' lang='lat' dir='ltr'><strong>libri</strong></span> <span class='ocrx_word' id='word_1_239' title='bbox 902 3589 999 3676; x_wconf 86' lang='lat' dir='ltr'><strong>novi</strong></span> <span class='ocrx_word' id='word_1_240' title='bbox 1028 3596 1071 3674; x_wconf 89' lang='lat' dir='ltr'><strong>et</strong></span> <span class='ocrx_word' id='word_1_241' title='bbox 1090 3587 1237 3673; x_wconf 82' lang='lat' dir='ltr'><strong>veteris</strong></span> <span class='ocrx_word' id='word_1_242' title='bbox 1258 3584 1506 3673; x_wconf 78' lang='lat' dir='ltr'><strong>testamenti.</strong></span> <span class='ocrx_word' id='word_1_243' title='bbox 1549 3581 1654 3666; x_wconf 90' lang='lat' dir='ltr'><strong>Vide</strong></span> 
     </span>
     <span class='ocr_line' id='line_1_27' title="bbox 246 3713 1653 3833; baseline -0.004 -31"><span class='ocrx_word' id='word_1_244' title='bbox 246 3721 386 3821; x_wconf 91' lang='lat' dir='ltr'><strong>modo,</strong></span> <span class='ocrx_word' id='word_1_245' title='bbox 425 3723 632 3833; x_wconf 84' lang='lat' dir='ltr'><strong>quianon</strong></span> <span class='ocrx_word' id='word_1_246' title='bbox 664 3723 769 3807; x_wconf 89' lang='lat' dir='ltr'><strong>dixit</strong></span> <span class='ocrx_word' id='word_1_247' title='bbox 804 3753 832 3808; x_wconf 90' lang='lat' dir='ltr'><strong>o</strong></span> <span class='ocrx_word' id='word_1_248' title='bbox 860 3721 1102 3820; x_wconf 72' lang='lat' dir='ltr'><strong>uostriuutis,</strong></span> <span class='ocrx_word' id='word_1_249' title='bbox 1141 3717 1211 3804; x_wconf 90' lang='lat' dir='ltr'><strong>sed</strong></span> <span class='ocrx_word' id='word_1_250' title='bbox 1249 3713 1653 3815; x_wconf 76' lang='lat' dir='ltr'><strong>aseousiuutissimm,</strong></span> 
     </span>
     <span class='ocr_line' id='line_1_28' title="bbox 245 3845 1724 3960; baseline -0.005 -25"><span class='ocrx_word' id='word_1_251' title='bbox 245 3855 339 3960; x_wconf 84' lang='lat' dir='ltr'><strong>quie</strong></span> <span class='ocrx_word' id='word_1_252' title='bbox 378 3855 546 3938; x_wconf 88' lang='lat' dir='ltr'><strong>suerunt</strong></span> <span class='ocrx_word' id='word_1_253' title='bbox 585 3853 706 3937; x_wconf 91' lang='lat' dir='ltr'><strong>mnlti</strong></span> <span class='ocrx_word' id='word_1_254' title='bbox 743 3853 966 3955; x_wconf 89' lang='lat' dir='ltr'><strong>nominati,</strong></span> <span class='ocrx_word' id='word_1_255' title='bbox 1008 3860 1052 3937; x_wconf 89' lang='lat' dir='ltr'><strong>et</strong></span> <span class='ocrx_word' id='word_1_256' title='bbox 1092 3855 1232 3938; x_wconf 83' lang='lat' dir='ltr'><strong>tomen</strong></span> <span class='ocrx_word' id='word_1_257' title='bbox 1273 3850 1316 3932; x_wconf 93' lang='lat' dir='ltr'><strong>in</strong></span> <span class='ocrx_word' id='word_1_258' title='bbox 1357 3854 1498 3932; x_wconf 86' lang='lat' dir='ltr'><strong>eoruni</strong></span> <span class='ocrx_word' id='word_1_259' title='bbox 1539 3845 1655 3928; x_wconf 88' lang='lat' dir='ltr'><strong>libris</strong></span> <span class='ocrx_word' id='word_1_260' title='bbox 1721 3859 1724 3866; x_wconf 72' lang='lat'>‘</span> 
     </span>
    </p>
   </div>
   <div class='ocr_carea' id='block_1_11' title="bbox 245 3972 1844 4094">
    <p class='ocr_par' dir='ltr' id='par_1_11' title="bbox 245 3972 1844 4094">
     <span class='ocr_line' id='line_1_29' title="bbox 245 3972 1844 4094; baseline -0.004 -30"><span class='ocrx_word' id='word_1_261' title='bbox 245 3979 433 4068; x_wconf 87' lang='lat' dir='ltr'><strong>iuventus</strong></span> <span class='ocrx_word' id='word_1_262' title='bbox 463 3989 525 4068; x_wconf 89' lang='lat' dir='ltr'><strong>est</strong></span> <span class='ocrx_word' id='word_1_263' title='bbox 563 4013 700 4088; x_wconf 81' lang='lat' dir='ltr'><strong>orror,</strong></span> <span class='ocrx_word' id='word_1_264' title='bbox 739 3989 782 4069; x_wconf 89' lang='lat' dir='ltr'><strong>et</strong></span> <span class='ocrx_word' id='word_1_265' title='bbox 818 3984 911 4069; x_wconf 88' lang='lat' dir='ltr'><strong>ideo</strong></span> <span class='ocrx_word' id='word_1_266' title='bbox 950 3985 1056 4069; x_wconf 89' lang='lat' dir='ltr'><strong>dixit</strong></span> <span class='ocrx_word' id='word_1_267' title='bbox 1086 3999 1124 4068; x_wconf 84' lang='lat' dir='ltr'><strong>&#39;o</strong></span> <span class='ocrx_word' id='word_1_268' title='bbox 1150 3977 1500 4079; x_wconf 84' lang='lat' dir='ltr'><strong>nominatissimis,</strong></span> <span class='ocrx_word' id='word_1_269' title='bbox 1545 4003 1592 4060; x_wconf 82' lang='lat' dir='ltr'><strong>ae</strong></span> <span class='ocrx_word' id='word_1_270' title='bbox 1620 3972 1656 4056; x_wconf 90' lang='lat' dir='ltr'><strong>si</strong></span> <span class='ocrx_word' id='word_1_271' title='bbox 1748 4089 1751 4094; x_wconf 20' lang='grc' dir='ltr'>Ι</span> <span class='ocrx_word' id='word_1_272' title='bbox 1841 4071 1844 4081; x_wconf 26' lang='grc' dir='ltr'>Ι</span> 
     </span>
    </p>
   </div>
   <div class='ocr_carea' id='block_1_12' title="bbox 245 4108 1653 4226">
    <p class='ocr_par' dir='ltr' id='par_1_12' title="bbox 245 4108 1653 4226">
     <span class='ocr_line' id='line_1_30' title="bbox 245 4108 1653 4226; baseline -0.005 -32"><span class='ocrx_word' id='word_1_273' title='bbox 245 4111 419 4198; x_wconf 78' lang='lat' dir='ltr'><strong>diceret:</strong></span> <span class='ocrx_word' id='word_1_274' title='bbox 464 4115 627 4201; x_wconf 88' lang='lat' dir='ltr'><strong>illorum</strong></span> <span class='ocrx_word' id='word_1_275' title='bbox 659 4116 874 4202; x_wconf 88' lang='lat' dir='ltr'><strong>dootomm</strong></span> <span class='ocrx_word' id='word_1_276' title='bbox 903 4115 1048 4226; x_wconf 81' lang='lat' dir='ltr'><strong>legent</strong></span> <span class='ocrx_word' id='word_1_277' title='bbox 1075 4108 1372 4222; x_wconf 87' lang='lat' dir='ltr'><strong>expositiones,</strong></span> <span class='ocrx_word' id='word_1_278' title='bbox 1409 4110 1653 4219; x_wconf 89' lang='lat' dir='ltr'><strong>inquorum</strong></span> 
     </span>
    </p>
   </div>
   <div class='ocr_carea' id='block_1_13' title="bbox 127 4239 1898 4755">
    <p class='ocr_par' dir='ltr' id='par_1_13' title="bbox 246 4239 1833 4367">
     <span class='ocr_line' id='line_1_31' title="bbox 246 4239 1833 4367; baseline -0.004 -42"><span class='ocrx_word' id='word_1_279' title='bbox 246 4244 359 4367; x_wconf 84' lang='lat' dir='ltr'><strong>libris</strong></span> <span class='ocrx_word' id='word_1_280' title='bbox 398 4275 480 4331; x_wconf 91' lang='lat' dir='ltr'><strong>nou</strong></span> <span class='ocrx_word' id='word_1_281' title='bbox 518 4246 728 4333; x_wconf 86' lang='lat' dir='ltr'><strong>invenitur</strong></span> <span class='ocrx_word' id='word_1_282' title='bbox 760 4273 875 4332; x_wconf 88' lang='lat' dir='ltr'><strong>error</strong></span> <span class='ocrx_word' id='word_1_283' title='bbox 884 4309 896 4351; x_wconf 90' lang='lat'><strong>,</strong></span> <span class='ocrx_word' id='word_1_284' title='bbox 937 4245 1058 4333; x_wconf 89' lang='lat' dir='ltr'><strong>sieuti</strong></span> <span class='ocrx_word' id='word_1_285' title='bbox 1096 4252 1159 4332; x_wconf 89' lang='lat' dir='ltr'><strong>est</strong></span> <span class='ocrx_word' id='word_1_286' title='bbox 1185 4244 1443 4356; x_wconf 84' lang='lat' dir='ltr'><strong>Augustinus</strong></span> <span class='ocrx_word' id='word_1_287' title='bbox 1483 4245 1525 4326; x_wconf 91' lang='lat' dir='ltr'><strong>et</strong></span> <span class='ocrx_word' id='word_1_288' title='bbox 1553 4239 1679 4364; x_wconf 20' lang='lat' dir='ltr'><strong>Gne-n</strong></span> <span class='ocrx_word' id='word_1_289' title='bbox 1786 4337 1833 4361; x_wconf 21' lang='grc' dir='ltr'><strong>,Ι</strong></span> 
     </span>
    </p>

    <p class='ocr_par' dir='ltr' id='par_1_14' title="bbox 127 4361 1711 4494">
     <span class='ocr_line' id='line_1_32' title="bbox 127 4361 1711 4494; baseline -0.004 -33"><span class='ocrx_word' id='word_1_290' title='bbox 127 4483 132 4494; x_wconf 30' lang='grc' dir='ltr'>Ι</span> <span class='ocrx_word' id='word_1_291' title='bbox 245 4377 382 4488; x_wconf 81' lang='lat' dir='ltr'><strong>gorius</strong></span> <span class='ocrx_word' id='word_1_292' title='bbox 403 4379 499 4464; x_wconf 83' lang='lat' dir='ltr'><strong>sive</strong></span> <span class='ocrx_word' id='word_1_293' title='bbox 526 4377 788 4482; x_wconf 83' lang='lat' dir='ltr'><strong>Ambrosius,</strong></span> <span class='ocrx_word' id='word_1_294' title='bbox 826 4384 869 4465; x_wconf 91' lang='lat' dir='ltr'><strong>et</strong></span> <span class='ocrx_word' id='word_1_295' title='bbox 896 4377 1046 4465; x_wconf 81' lang='lat' dir='ltr'><strong>caeteri</strong></span> <span class='ocrx_word' id='word_1_296' title='bbox 1073 4375 1144 4465; x_wconf 86' lang='lat' dir='ltr'><strong>olii</strong></span> <span class='ocrx_word' id='word_1_297' title='bbox 1173 4381 1310 4490; x_wconf 84' lang='lat' dir='ltr'><strong>petros</strong></span> <span class='ocrx_word' id='word_1_298' title='bbox 1339 4371 1544 4460; x_wconf 84' lang='lat' dir='ltr'><strong>eetholioi.</strong></span> <span class='ocrx_word' id='word_1_299' title='bbox 1601 4361 1657 4454; x_wconf 76' lang='lat' dir='ltr'><strong>&#39;ut</strong></span> <span class='ocrx_word' id='word_1_300' title='bbox 1710 4424 1711 4428; x_wconf 20' lang='grc' dir='ltr'><strong><em>κ</em></strong></span> 
     </span>
    </p>

    <p class='ocr_par' dir='ltr' id='par_1_15' title="bbox 222 4491 1898 4755">
     <span class='ocr_line' id='line_1_33' title="bbox 246 4491 1842 4618; baseline -0.006 -26"><span class='ocrx_word' id='word_1_301' title='bbox 246 4506 323 4594; x_wconf 88' lang='lat' dir='ltr'><strong>hoe</strong></span> <span class='ocrx_word' id='word_1_302' title='bbox 342 4509 569 4616; x_wconf 82' lang='lat' dir='ltr'><strong>rotondum</strong></span> <span class='ocrx_word' id='word_1_303' title='bbox 590 4517 665 4615; x_wconf 89' lang='lat' dir='ltr'><strong>est,</strong></span> <span class='ocrx_word' id='word_1_304' title='bbox 702 4509 812 4618; x_wconf 81' lang='lat' dir='ltr'><strong>quio,</strong></span> <span class='ocrx_word' id='word_1_305' title='bbox 828 4491 926 4595; x_wconf 42' lang='lat' dir='ltr'><strong>&#39;eum</strong></span> <span class='ocrx_word' id='word_1_306' title='bbox 951 4505 1050 4594; x_wconf 89' lang='lat' dir='ltr'><strong>dieit</strong></span> <span class='ocrx_word' id='word_1_307' title='bbox 1076 4507 1182 4594; x_wconf 88' lang='lat' dir='ltr'><strong>iuter</strong></span> <span class='ocrx_word' id='word_1_308' title='bbox 1209 4533 1309 4617; x_wconf 74' lang='lat' dir='ltr'><strong>qums</strong></span> <span class='ocrx_word' id='word_1_309' title='bbox 1332 4514 1368 4592; x_wconf 87' lang='lat' dir='ltr'><strong>et</strong></span> <span class='ocrx_word' id='word_1_310' title='bbox 1386 4501 1471 4590; x_wconf 78' lang='lat' dir='ltr'><strong>tria</strong></span> <span class='ocrx_word' id='word_1_311' title='bbox 1489 4526 1655 4609; x_wconf 81' lang='lat' dir='ltr'><strong>respon·</strong></span> <span class='ocrx_word' id='word_1_312' title='bbox 1839 4515 1842 4522; x_wconf 80' lang='grc'>’</span> 
     </span>
     <span class='ocr_line' id='line_1_34' title="bbox 222 4619 1898 4755; baseline -0.006 -33"><span class='ocrx_word' id='word_1_313' title='bbox 222 4639 354 4728; x_wconf 84' lang='lat' dir='ltr'><strong>&#39;sorio</strong></span> <span class='ocrx_word' id='word_1_314' title='bbox 372 4619 595 4745; x_wconf 61' lang='lat' dir='ltr'><strong>“minusue</strong></span> <span class='ocrx_word' id='word_1_315' title='bbox 622 4640 776 4753; x_wconf 86' lang='lat' dir='ltr'><strong>speeies</strong></span> <span class='ocrx_word' id='word_1_316' title='bbox 802 4647 877 4746; x_wconf 88' lang='lat' dir='ltr'><strong>ost,</strong></span> <span class='ocrx_word' id='word_1_317' title='bbox 905 4639 933 4730; x_wconf 86' lang='lat' dir='ltr'><strong>i.</strong></span> <span class='ocrx_word' id='word_1_318' title='bbox 953 4667 988 4730; x_wconf 88' lang='lat' dir='ltr'><strong>o.</strong></span> <span class='ocrx_word' id='word_1_319' title='bbox 1017 4637 1089 4726; x_wconf 84' lang='lat' dir='ltr'><strong>illu</strong></span> <span class='ocrx_word' id='word_1_320' title='bbox 1115 4637 1282 4751; x_wconf 88' lang='lat' dir='ltr'><strong>speeies,</strong></span> <span class='ocrx_word' id='word_1_321' title='bbox 1310 4663 1390 4748; x_wconf 89' lang='lat' dir='ltr'><strong>que</strong></span> <span class='ocrx_word' id='word_1_322' title='bbox 1411 4635 1542 4744; x_wconf 84' lang='lat' dir='ltr'><strong>major</strong></span> <span class='ocrx_word' id='word_1_323' title='bbox 1560 4659 1655 4744; x_wconf 86' lang='lat' dir='ltr'><strong>pers</strong></span> <span class='ocrx_word' id='word_1_324' title='bbox 1732 4747 1736 4755; x_wconf 21' lang='grc' dir='ltr'>ι</span> <span class='ocrx_word' id='word_1_325' title='bbox 1895 4705 1898 4712; x_wconf 89' lang='grc'><strong>.</strong></span> 
     </span>
    </p>
   </div>
   <div class='ocr_carea' id='block_1_14' title="bbox 244 4761 1656 4884">
    <p class='ocr_par' dir='ltr' id='par_1_16' title="bbox 244 4761 1656 4884">
     <span class='ocr_line' id='line_1_35' title="bbox 244 4761 1656 4884; baseline -0.006 -30"><span class='ocrx_word' id='word_1_326' title='bbox 244 4767 410 4882; x_wconf 77' lang='lat' dir='ltr'><strong>superet</strong></span> <span class='ocrx_word' id='word_1_327' title='bbox 431 4761 661 4876; x_wconf 81' lang='lat' dir='ltr'><strong>minorem,</strong></span> <span class='ocrx_word' id='word_1_328' title='bbox 701 4799 751 4860; x_wconf 89' lang='lat' dir='ltr'><strong>eo</strong></span> <span class='ocrx_word' id='word_1_329' title='bbox 780 4772 891 4884; x_wconf 89' lang='lat' dir='ltr'><strong>quod</strong></span> <span class='ocrx_word' id='word_1_330' title='bbox 927 4769 1009 4856; x_wconf 88' lang='lat' dir='ltr'><strong>duo</strong></span> <span class='ocrx_word' id='word_1_331' title='bbox 1036 4767 1294 4880; x_wconf 82' lang='lat' dir='ltr'><strong>responsoria</strong></span> <span class='ocrx_word' id='word_1_332' title='bbox 1328 4765 1521 4852; x_wconf 85' lang='lat' dir='ltr'><strong>dieumur</strong></span> <span class='ocrx_word' id='word_1_333' title='bbox 1546 4763 1656 4872; x_wconf 87' lang='lat' dir='ltr'><strong>inter</strong></span> 
     </span>
    </p>
   </div>
   <div class='ocr_carea' id='block_1_15' title="bbox 332 5071 1543 5283">
    <p class='ocr_par' dir='ltr' id='par_1_17' title="bbox 332 5071 1543 5283">
     <span class='ocr_line' id='line_1_36' title="bbox 332 5071 1543 5172; baseline -0.007 -20"><span class='ocrx_word' id='word_1_334' title='bbox 332 5080 360 5172; x_wconf 85' lang='lat'><strong>¹)</strong></span> <span class='ocrx_word' id='word_1_335' title='bbox 383 5079 540 5155; x_wconf 80' lang='lat' dir='ltr'><strong>institut</strong></span> <span class='ocrx_word' id='word_1_336' title='bbox 564 5077 629 5153; x_wconf 87' lang='lat' dir='ltr'><strong>lib.</strong></span> <span class='ocrx_word' id='word_1_337' title='bbox 648 5079 684 5152; x_wconf 74' lang='lat'><strong>2.</strong></span> <span class='ocrx_word' id='word_1_338' title='bbox 706 5101 735 5154; x_wconf 84' lang='lat' dir='ltr'><strong>o.</strong></span> <span class='ocrx_word' id='word_1_339' title='bbox 760 5082 793 5156; x_wconf 81' lang='lat'><strong>5.</strong></span> <span class='ocrx_word' id='word_1_340' title='bbox 815 5081 853 5152; x_wconf 86' lang='lat' dir='ltr'><strong>et</strong></span> <span class='ocrx_word' id='word_1_341' title='bbox 875 5078 906 5152; x_wconf 84' lang='grc'><strong>6.</strong></span> <span class='ocrx_word' id='word_1_342' title='bbox 930 5076 1182 5170; x_wconf 68' lang='lat' dir='ltr'><strong>(Migonion.</strong></span> <span class='ocrx_word' id='word_1_343' title='bbox 1205 5075 1261 5149; x_wconf 85' lang='lat' dir='ltr'><strong>m.</strong></span> <span class='ocrx_word' id='word_1_344' title='bbox 1282 5073 1348 5150; x_wconf 87' lang='lat' dir='ltr'><strong>eol.</strong></span> <span class='ocrx_word' id='word_1_345' title='bbox 1371 5071 1543 5164; x_wconf 78' lang='lat' dir='ltr'><strong>sl-um</strong></span> 
     </span>
     <span class='ocr_line' id='line_1_37' title="bbox 332 5189 960 5283; baseline -0.013 -16"><span class='ocrx_word' id='word_1_346' title='bbox 332 5193 360 5280; x_wconf 68' lang='lat' dir='ltr'><strong>&#39;l</strong></span> <span class='ocrx_word' id='word_1_347' title='bbox 382 5194 502 5282; x_wconf 82' lang='lat' dir='ltr'><strong>potest</strong></span> <span class='ocrx_word' id='word_1_348' title='bbox 523 5209 599 5265; x_wconf 82' lang='lat' dir='ltr'><strong>esse</strong></span> <span class='ocrx_word' id='word_1_349' title='bbox 620 5189 675 5283; x_wconf 81' lang='lat' dir='ltr'><strong>(l).</strong></span> <span class='ocrx_word' id='word_1_350' title='bbox 746 5199 749 5208; x_wconf 84' lang='lat'>&#39;</span> <span class='ocrx_word' id='word_1_351' title='bbox 958 5199 960 5206; x_wconf 60' lang='lat'><strong><em>⁴</em></strong></span> 
     </span>
    </p>
   </div>
   <div class='ocr_carea' id='block_1_16' title="bbox 0 0 1992 5778">
    <p class='ocr_par' dir='ltr' id='par_1_18' title="bbox 0 0 1992 5778">
     <span class='ocr_line' id='line_1_38' title="bbox 0 0 1992 5778; baseline 0 0"><span class='ocrx_word' id='word_1_352' title='bbox 0 0 1992 5778; x_wconf 95' lang='lat' dir='ltr'><strong> </strong></span> 
     </span>
    </p>
   </div>
  </div>
 </body>
</html>
