3994 5770
892 222 975 316 (lap.
1002 221 1082 295 vll.
1185 261 1187 264 ·
1615 232 1697 317 245

286 495 337 550 ss.
367 455 672 568 seripturarum,
697 448 895 532 latentem
918 475 1078 558 cara-sam
1100 473 1176 560 pro
1198 447 1518 560 cogitationibus
1535 479 1701 562 ponere.

287 597 338 682 V.
368 619 428 702 gr.
461 581 677 698 porrexisti
718 585 791 665 aut
828 579 974 664 dedisti
1014 578 1137 694 alicui
1173 609 1256 664 non
1296 581 1450 669 babens
1492 583 1698 670 licentiam·

286 723 408 811 claudi
449 709 625 828 aliquid,
669 713 756 796 sine
794 711 959 796 licentia
1003 711 1216 797 absconse:
1258 714 1356 824 quid
1391 716 1597 827 agendum
1637 724 1699 804 est

286 855 377 942 tibi·
402 881 475 964 pro
521 847 598 932 bae
637 845 931 957 negligentia?
977 843 1037 928 'Pu
1069 843 1289 963 respondes
1325 845 1447 934 milri:
1490 849 1697 936 Corrfiteor

284 991 358 1074 boo
388 989 459 1068 aut
499 980 642 1066 abbati
671 982 743 1064 aut
771 975 945 1090 spiritali
975 976 1105 1064 fratri.
1164 978 1325 1078 erare?
1363 979 1459 1096 labia
1488 981 1536 1066 B.
1567 983 1706 1068 liena
1795 1087 1797 1090 Ι

283 1121 413 1204 dietus
453 1115 556 1198 dicit
584 1111 771 1198 insenius:
814 1109 1064 1212 stantune
1102 1139 1194 1197 cero
1224 1113 1381 1218 peccati
1421 1139 1545 1198 caetrae
1570 1115 1696 1218 suerit
1806 1140 1811 1150 ·

283 1253 429 1350 luleus,
470 1251 624 1331 loretum
652 1242 788 1328 abbati
816 1251 887 1327 uret
923 1242 1150 1328 senioribus
1178 1243 1435 1349 spiritalibus
1458 1245 1723 1350 protcfaciul„

281 1382 381 1466 Dico
411 1379 510 1464 tibi:
542 1377 636 1462 Non
666 1375 767 1461 dicit
797 1375 871 1460 tibi
890 1376 936 1460 n.
960 1373 1204 1460 Benedictus
1238 1375 1287 1458 de
1318 1403 1439 1485 opere
1466 1366 1692 1480 commisso,

280 1513 347 1596 sed
377 1511 427 1594 de
455 1509 803 1622 cogitationibus,
842 1507 938 1618 quia
977 1507 1027 1591 de
1057 1507 1248 1617 operibus
1288 1505 1511 1592 commissis
1542 1511 1583 1590 et
1623 1509 1694 1591 ab·

278 1643 429 1728 sconsis
467 1641 510 1725 in
549 1641 628 1725 isto
671 1643 817 1752 quinto
859 1641 991 1752 gradu
1032 1637 1203 1738 dicitur3
1244 1638 1305 1723 ait
1344 1638 1476 1722 eninm
1523 1639 1693 1746 Qaiutus

280 1773 517 1860 humilitatis
556 1775 714 1884 prudus
751 1782 831 1876 cal,
878 1771 917 1855 si
957 1797 1092 1855 ollcucs
1143 1771 1400 1878 contentiones
1440 1775 1483 1856 et
1521 1772 1691 1884 reliqua.

278 1905 575 2016 ltespondetz')
606 1905 718 1990 Bene
748 1905 847 2008 dixi,
878 1903 973 2013 (pria
1003 1903 1045 1987 in
1077 1903 1260 1988 inferiori
1287 1903 1471 2014 capitulo
1502 1903 1550 1990 de
1575 1903 1690 2015 cogi·
1758 1951 1759 1956 ¹

276 2037 428 2120 tatione
468 2042 509 2120 et
548 2037 598 2122 de
628 2066 750 2148 opere
779 2036 897 2138 dicit;
931 2029 1034 2120 ¹neam
1065 2037 1098 2120 si
1127 2034 1382 2120 solummodo
1411 2035 1468 2119 ibi
1499 2037 1547 2120 de
1578 2037 1691 2148 cogi·
1766 2108 1769 2114 .

276 2169 498 2253 lotionibus
528 2197 651 2255 eausa
688 2170 821 2254 latens
850 2179 912 2254 est
939 2168 1278 2280 intelligendums
1300 2197 1425 2278 quaro
1454 2168 1521 2253 bie
1543 2168 1587 2252 in
1607 2167 1715 2272 istov

273 2301 415 2410 ‹printo
439 2299 625 2386 similiter
649 2301 698 2386 de
723 2301 1042 2412 cogitationibus
1066 2303 1188 2384 etiam
1214 2299 1348 2388 dicit?
1388 2299 1633 2411 Respondit:
1651 2301 1685 2414 2)
1793 2299 1801 2386 J

273 2433 380 2516 liene
411 2433 457 2518 Β.
489 2433 738 2520 Benedictus
768 2433 818 2518 dc
846 2433 1169 2548 cogitationibus
1197 2433 1240 2516 in
1270 2433 1349 2518 isto
1378 2434 1524 2554 quinto
1553 2432 1684 2544 gradu
1757 2437 1759 2440 ’
1885 2425 1886 2430 ¹
1934 2385 1954 2523 ι’.

271 2563 389 2665 dicit,
429 2565 525 2676 quia
554 2567 752 2677 cogitatio
782 2567 844 2652 est
873 2572 1084 2679 peceatum
1116 2568 1248 2651 latens
1275 2565 1498 2650 securatam
1528 2592 1682 2650 morem

266 2697 490 2806 scripturae
531 2695 715 2800 divinam
755 2727 842 2784 uros
883 2704 944 2783 est
986 2698 1094 2782 enim
1139 2699 1364 2808 scripturae
1404 2697 1589 2798 divinae,
1632 2697 1682 2783 de

172 2831 173 2834 ‘
268 2832 447 2934 pomata,
478 2827 589 2937 quod
620 2827 1017 2938 incogitationibus
1048 2829 1114 2933 bt,
1146 2829 1276 2914 luleus
1295 2831 1504 2934 peccalum
1534 2829 1680 2913 dicore.

266 2955 363 3038 'l'rcs
394 2957 546 3069 quippe
576 2962 761 3044 mortuos
792 2961 991 3046 Dominus
1021 2960 1253 3062 suscitavit,
1285 2957 1411 3043 filium
1441 2958 1678 3068 archisyna-

264 3087 362 3196 gogi
392 3087 526 3174 adhue
557 3090 599 3173 in
630 3089 752 3212 dorne
776 3093 997 3202 jacentem,
1027 3090 1287 3178 resuscitavit·
1309 3092 1518 3200 juvenem,
1548 3092 1679 3176 filiam

264 3219 419 3318 viduae,
450 3225 566 3304 extra
595 3225 754 3330 portum
785 3223 958 3325 elatum,
998 3223 1255 3310 resuscitavit
1283 3223 1483 3312 Laraarurn
1512 3223 1678 3333 quadri·

263 3347 454 3436 claranum.
535 3349 750 3437 intueatur
790 3355 1004 3465 qnisquam
1047 3356 1224 3440 animam
1267 3383 1403 3456 aaram3
1447 3353 1481 3438 si
1520 3359 1675 3464 peccat,

220 3589 224 3598 ι
263 3478 446 3583 illinitur,
476 3488 687 3592 peceatum
716 3485 825 3568 enim
855 3515 966 3572 mors
994 3485 1153 3572 arrianae
1183 3490 1255 3574 est.
1296 3491 1374 3573 Per
1396 3487 1522 3572 filiam
1538 3491 1675 3574 autem

197 3693 200 3700 ,
261 3610 573 3726 archisynagogi
616 3615 864 3730 intelligitur
892 3616 993 3703 illud
1022 3625 1258 3731 pecccatum,
1302 3621 1412 3730 quod
1441 3618 1484 3704 in
1514 3621 1674 3731 cogita·

255 3741 370 3872 'tione
388 3745 447 3848 fit,
476 3745 526 3830 de
554 3777 634 3860 qua
664 3747 918 3860 cogitatione
944 3751 989 3836 iu
1017 3749 1099 3836 isto
1128 3751 1275 3863 quinto
1304 3751 1435 3863 gradu
1465 3751 1578 3850 etin
1607 3750 1673 3834 in·

262 3873 395 3960 feriori
424 3878 665 3992 capitulo,³)
695 3881 765 3966 ubi
795 3881 945 3968 dicitur
973 3883 1013 3968 si
1040 3895 1166 3973 'accusa
1194 3881 1325 3970 luteas
1344 3885 1512 3990 pcccati,
1544 3912 1671 3968 uariam

258 4002 507 4115 significans.
567 4009 788 4098 Perillam
820 4043 915 4100 voro
945 4021 1167 4121 mortmnn,
1204 4014 1275 4128 qui
1305 4025 1367 4101 est
1396 4013 1526 4100 elatus
1556 4020 1671 4100 extra

258 4139 432 4246 portam,
462 4141 671 4251 significat
698 4151 912 4258 peccatum
941 4148 1223 4261 perpetratum
1250 4149 1292 4234 in
1325 4175 1466 4258 opere,
1497 4149 1565 4233 sed
1595 4149 1668 4232 ab·

211 4341 215 4356 .
256 4294 395 4354 soonse
423 4273 706 4377 comunissum,
747 4279 856 4364 uncle
893 4282 937 4365 in
971 4281 1051 4366 hoc
1086 4283 1233 4392 quinto
1271 4279 1581 4398 gr·adu,dicitur
1608 4279 1702 4364 cel'

256 4396 364 4484 arcula
393 4429 418 4486 o
447 4431 491 4488 so
519 4407 711 4494 absconso
739 4411 963 4499 curriculosa.
1021 4412 1077 4497 nt
1094 4487 1096 4494 ,
1114 4435 1188 4526 per
1216 4413 1414 4498 Lazarum
1443 4411 1486 4495 in
1524 4439 1670 4494 mona·

254 4536 393 4619 arreato
437 4532 646 4646 significat
682 4539 784 4628 illud
823 4549 1036 4656 peceatum
1087 4543 1251 4656 publice
1291 4541 1573 4648 conuulsum,
1616 4541 1665 4627 de
1712 4569 1713 4572 ‘

253 4687 334 4768 qao
372 4661 542 4754 dieitur:
589 4671 629 4754 is
666 4677 797 4782 calcal
834 4675 1003 4782 (subm.
1031 4677 1100 4788 qui
1137 4675 1343 4786 pronioris
1379 4671 1520 4780 culpae
1556 4699 1664 4758 eroco
1747 4664 1749 4670 ’

251 4795 403 4879 leuetur
431 4801 474 4882 et
505 4801 673 4916 reliqua.
732 4802 853 4895 Nuno
881 4803 1099 4896 videndum
1128 4811 1213 4914 est,
1254 4833 1400 4916 quare,
1442 4803 1664 4900 cumdioit
1785 4889 1786 4894 a

252 4937 514 4960 “U-t———n

67 4935 71 4944 Ι
182 4987 192 5005 ’
339 4975 674 5095 ’11111101111111
753 5045 756 5057 ·

336 5103 365 5197 ²)
386 5109 581 5200 respondeo
603 5111 661 5205 (1).
752 5161 754 5170 ·

337 5215 365 5306 ³)
387 5215 463 5290 scil·
486 5218 629 5296 dicitur.
