3994 5770
265 217 349 340 eea
404 223 472 308 ·.
751 171 755 178 ’
861 219 1081 368 'Nessus

180 479 181 482 κ
268 434 469 524 seutiam
477 433 631 544 oeteo,
645 437 744 526 dicit
753 464 805 527 es
810 465 990 546 wemno
1001 440 1682 552 arffeteotinmrl’roptertemorti·

264 567 481 680 floccorum)
491 573 573 654 loto
583 565 663 672 die,
675 569 880 660 aestimati
889 565 1468 664 sumussiadooesoccisioois.
1482 569 1684 664 uorem

138 775 141 781 .
264 695 315 781 de
328 721 401 805 spe
415 698 693 786 rdmttdioois
705 699 870 788 dioiaoe
888 699 1182 811 subsequuntur
1195 703 1417 812 pandentes
1435 710 1474 788 et
1487 701 1679 792 dimota:

263 827 338 914 sed
369 828 413 914 ia
442 830 507 918 lois
534 830 720 919 monitus
746 855 989 940 mperatum
1005 839 1179 940 propter
1204 859 1308 938 earu,
1334 833 1406 942 otri
1425 832 1568 923 ddesit
1593 860 1681 926 aos.
1881 892 1885 897 -

263 957 323 1045 Et
349 961 443 1048 item
472 959 555 1047 olio
582 961 666 1050 mco
685 963 892 1070 scriptura
915 963 1035 1050 dicit:
1062 963 1258 1052 Prolmuti
1277 991 1364 1068 nos,
1395 967 1540 1074 lupuit,
1566 961 1681 1054 Deo
1748 976 1752 982 '

116 1141 119 1148 ·
200 1177 203 1184 ,
262 1091 719 1202 ipoeeuoseaomioasti,
736 1095 1217 1214 siadiproeeuumiaotnr
1231 1102 1462 1205 arpentum,
1479 1096 1681 1183 induxisti

129 1277 136 1290 ·
265 1249 341 1308 oros
369 1225 414 1310 ia
442 1223 626 1336 lupercam
639 1267 655 1332 ,·
678 1228 864 1332 ,nomon
889 1227 1168 1314 tribulationes
1198 1231 1243 1313 iu
1271 1230 1393 1316 dorso
1415 1233 1568 1314 nostro.
1624 1225 1681 1312 ut
1879 1334 1882 1335 f

265 1363 309 1440 ut
336 1357 533 1469 ostendat,
561 1361 636 1446 snt
657 1360 802 1466 priore
829 1361 971 1446 detero
996 1385 1072 1446 oos
1097 1387 1198 1464 esse,
1236 1360 1491 1468 acharonitae
1516 1359 1679 1449 dicens:
1801 1472 1804 1476 .

93 1582 95 1587 .
262 1487 505 1597 Imposnisti
530 1479 712 1576 tonsiones
738 1516 862 1598 snper
883 1493 1019 1600 sopita
1042 1499 1211 1608 nostro„
1256 1493 1341 1580 Sed
1360 1501 1398 1578 et
1419 1499 1678 1602 praeceptum

68 1640 71 1650 ’
261 1621 433 1708 Dmroioi
458 1623 503 1708 iu
527 1623 715 1710 aduersis
736 1624 834 1708 etin
857 1622 1026 1730 tectoriis
1040 1626 1379 1731 perpotentiam
1397 1622 1675 1730 odioupteutcs,

132 1789 135 1794 ·
205 1744 208 1750 ’
261 1754 332 1860 qni
355 1754 545 1860 percussi
573 1755 617 1838 io
645 1755 859 1841 amaillom
879 1756 1079 1862 praebent
1105 1763 1144 1840 et
1171 1753 1312 1861 uliam,
1339 1755 1542 1862 orosereuto'
1567 1756 1678 1838 turri·

264 1910 355 1980 com
384 1885 589 1970 distillant
616 1891 653 1972 et
674 1885 876 1994 pallium,
891 1887 1099 1994 angariati
1134 1887 1316 1974 miliario
1343 1887 1496 1974 oadeoot
1523 1893 1561 1970 et
1586 1888 1679 1990 doro,

72 2053 75 2062 ·
232 2073 243 2122 ·.
261 2043 350 2101 erem
379 2015 512 2102 Panlo
536 2019 716 2124 apostolo
734 2016 868 2123 salsos
886 2022 1042 2128 fratres
1068 2020 1266 2106 sustinent
1293 2026 1332 2104 et
1350 2019 1680 2126 persecutionem,
1772 2071 1782 2096 .

261 2155 300 2233 et
329 2147 609 2236 maledicentes
636 2173 681 2232 se
708 2148 956 2248 terradionut.

224 2347 226 2356 ,
374 2281 487 2398 Haec
516 2278 722 2365 sententia
748 2280 808 2364 ita
835 2282 1110 2368 construitur:
1140 2284 1217 2370 Est
1239 2287 1409 2396 quartus
1437 2281 1681 2366 humilitatis

161 2479 165 2486 .
261 2413 425 2525 gradus,
450 2413 486 2497 si
508 2411 784 2521 amplectatur
805 2411 917 2498 duris
931 2419 974 2498 et
995 2415 1211 2500 contrariis
1232 2415 1355 2502 rebus
1373 2414 1436 2499 vel
1449 2413 1573 2499 etiam
1593 2415 1681 2524 qni·

260 2546 440 2632 buslibet
453 2542 837 2656 injuriisirrogatis.
864 2545 1110 2645 Quomodo?
1125 2545 1546 2664 Tacitaconseierrtia.
1576 2543 1679 2629 Item

218 2677 224 2688 '
258 2676 383 2761 nocito
422 2677 682 2779 couscientia,
725 2675 752 2764 i.
780 2704 816 2760 c.
855 2677 944 2762 siue
981 2677 1308 2763 murmuratione
1343 2680 1469 2786 atque
1497 2676 1680 2763 tristitia.

260 2807 369 2892 Sunt
397 2808 507 2892 enim
535 2809 607 2896 alii
636 2810 753 2914 libri,
781 2811 852 2922 qui
880 2809 1036 2896 habent
1054 2810 1319 2916 palinodiam,
1348 2807 1420 2894 sed
1448 2834 1530 2892 nou
1561 2806 1680 2910 berre,

185 2945 195 2963 “
260 2940 356 3051 qnia
384 2942 494 3027 istud
524 2943 715 3048 verbnm,
757 2943 868 3055 qnod
897 2948 960 3028 est
981 2941 1265 3050 conplectatur,
1303 2940 1430 3028 servit
1458 2939 1680 3066 aliquando

84 3065 90 3076 ’
189 3089 192 3096 ’
225 3121 228 3128 ·
260 3075 400 3164 dativo
429 3075 553 3182 casui,
582 3076 704 3164 sicuti
722 3082 820 3164 sunt
842 3065 962 3166 deeris
981 3083 1020 3162 et
1039 3077 1260 3163 contrariis
1280 3075 1402 3162 retra
1428 3077 1467 3158 et
1493 3072 1681 3178 levjands,

44 3289 50 3299 .
104 3257 106 3260 ·
261 3209 377 3320 qnasi
393 3209 566 3296 diecret:
586 3211 862 3324 amplectatur
885 3209 999 3296 dnus
1021 3213 1065 3294 et
1077 3209 1296 3295 contrariis
1316 3207 1438 3294 rebus
1452 3213 1496 3291 et
1510 3202 1681 3316 reliqua.

259 3339 352 3426 Hoc
373 3342 500 3428 etiam
520 3343 930 3430 animadvertendum
954 3345 1029 3444 est,
1057 3343 1155 3452 quia
1176 3369 1260 3427 uon
1281 3341 1385 3426 dicit
1409 3339 1581 3448 aufferat
1608 3343 1682 3424 ant

258 3473 408 3576 toleret,
436 3476 506 3560 sod
531 3474 819 3579 oomlectotur3
846 3503 922 3560 nos
944 3476 1055 3560 enim
1075 3500 1285 3575 eumaem,
1313 3501 1438 3581 qoam
1455 3471 1679 3581 diligimus,

259 3605 557 3714 amplectimur,
582 3607 779 3716 quianon
794 3606 927 3694 solnm
943 3604 1170 3691 monachus
1185 3603 1308 3689 debet
1328 3602 1499 3690 adversa
1512 3605 1682 3686 sufferre

116 3757 118 3762 ’
258 3741 332 3820 aut
359 3737 547 3842 tolerare,
576 3738 803 3824 sedetiam
832 3766 925 3825 com
954 3737 1186 3850 gaudiosa
1218 3735 1409 3836 salictum
1437 3736 1506 3830 sed
1527 3733 1679 3820 idcirco

259 3869 366 3954 dixit
395 3871 671 3979 coroptectotnr,
699 3872 797 3983 quia
830 3873 874 3956 in
906 3871 987 3957 isto
1012 3871 1150 3975 verbo,
1179 3867 1291 3978 quod
1318 3873 1383 3954 est
1403 3865 1680 3974 artmloelatur,

259 4001 555 4090 demonstrarit
582 4002 737 4107 dicens,
767 4003 1017 4091 monachum
1045 4003 1087 4090 in
1112 4001 1380 4087 tribulatione
1398 3998 1548 4086 debere
1578 4027 1682 4112 gau·

97 4137 101 4146 “
259 4134 406 4220 denter
434 4138 615 4226 sufferre.
671 4133 728 4221 Et
767 4137 860 4224 ideo
901 4165 986 4223 nou
1028 4135 1157 4241 dixit,
1196 4141 1244 4219 ut
1284 4133 1420 4246 lugiet
1457 4131 1579 4218 duras
1607 4134 1681 4217 ant

258 4268 486 4354 contrarias
507 4297 571 4356 res
594 4275 637 4356 et
661 4269 833 4382 iujurias
854 4271 897 4356 in
921 4271 1010 4384 ipsa
1037 4267 1283 4370 obedientia,
1312 4265 1384 4352 sed
1407 4267 1680 4378 amplectatur
1885 4352 1888 4357 .

256 4399 363 4488 illas.
419 4399 546 4488 Forte
583 4402 685 4490 dicit
722 4403 895 4524 aliquis:
936 4432 1021 4490 non
1060 4401 1183 4488 debet
1218 4400 1346 4488 abbas
1383 4398 1505 4486 duras
1546 4425 1611 4486 res
1638 4401 1681 4481 et
1954 4427 1957 4434 ’

257 4535 484 4620 contrarias
522 4540 566 4622 et
603 4535 775 4649 injurias
813 4537 1016 4649 imperare
1044 4534 1110 4620 vel
1152 4532 1340 4645 ingerere
1379 4531 1463 4618 sois
1491 4531 1678 4619 subditis.
1719 4521 1721 4526 ’

256 4666 408 4754 Verum
436 4673 523 4774 est,
567 4669 666 4782 quia
704 4696 787 4753 nou
828 4668 952 4756 debet
990 4669 1132 4755 taliter
1171 4675 1317 4782 agere,
1357 4696 1406 4754 eo
1449 4665 1560 4779 qnod
1602 4664 1679 4750 hoc

257 4803 514 4914 Augustinus
543 4803 666 4906 dicit,
707 4807 750 4887 et
777 4799 826 4887 B.
856 4799 1104 4889 Benedictus
1141 4802 1337 4888 admonet
1364 4799 1482 4885 illum
1521 4799 1703 4884 dicernat·-

256 4931 341 5017 sioc
376 4934 594 5022 scarordum
623 4933 758 5024 Deum
794 4932 878 5020 sire
916 4933 1135 5021 censendum
1173 4931 1376 5022 soecrrlam
1414 4935 1497 5018 siret
1535 4956 1680 5038 opmo3
1735 5037 1738 5044 ¹
1887 4944 1891 4987 ῑ

256 5123 519 5143 -n—-a--na
599 5128 603 5134 ¹

173 5199 177 5206 ’
346 5227 374 5310 ¹)
394 5223 509 5295 tlorte
531 5187 718 5296 allicimur.
763 5221 873 5296 coco.
897 5220 1065 5310 'l'egcrns⁸
1090 5220 1334 5296 asumma.

295 5361 305 5376 ι
581 5358 586 5370 ·
1403 5369 1431 5414 «η
