3934 5762
832 193 1160 350 imm..
1592 260 1646 342 49

340 483 555 592 Sequitnrt
586 477 669 566 Seri
698 479 987 585 interropemue
1008 503 1096 562 enm
1112 477 1312 584 propheto
1329 475 1550 562 Dour-imon
1580 477 1646 560 ‹li-

235 610 436 712 certesei,
467 637 514 694 ue
543 607 576 694 oi
606 609 759 694 diceret
786 607 877 694 eliis
906 607 1060 692 verbio:
1086 607 1175 718 jum
1205 611 1423 718 postqnum
1448 606 1644 720 eognovi-

207 735 321 834 mus
364 739 695 842 tabernaculum,
749 765 910 824 neeesse
957 736 1076 824 nobie
1119 741 1204 840 eet,
1253 742 1300 821 ut
1343 737 1644 846 interrogemus

236 874 456 963 Dominum
496 898 590 954 omn
628 869 831 980 propheto
871 897 967 954 suo:
1012 867 1089 968 Qui
1119 873 1217 952 erint
1253 866 1337 970 illi,
1378 868 1518 978 quiin
1559 870 1646 978 ojus

198 1011 204 1038 ⁴
240 1002 501 1092 tabernaculo
531 1000 744 1106 habitunt,
783 1000 847 1085 vel
877 1029 950 1111 per
978 1027 1101 1110 quum
1129 999 1237 1085 vium
1266 1006 1403 1110 potest
1432 1002 1521 1111 quie
1550 991 1646 1086 illue

236 1136 475 1250 pervenire?

144 1247 151 1262 ⁶
347 1263 563 1374 Sequitur:
608 1261 813 1346 Domine!
851 1259 942 1366 quis
979 1259 1176 1346 habitabit
1213 1261 1257 1346 in
1285 1260 1541 1347 tabernaculo
1569 1269 1647 1363 tuo,

235 1405 303 1484 unt
330 1395 421 1504 quio
449 1391 736 1498 requiescetur
764 1397 894 1474 oronte
922 1395 1060 1476 surreio
1087 1392 1193 1478 tuo?
1247 1391 1360 1476 Hueo
1388 1391 1542 1476 locutio
1571 1393 1647 1475 snb
1691 1500 1694 1511 ,

236 1557 315 1616 unu
343 1522 671 1634 interrogatione
700 1521 822 1606 debet
851 1520 945 1622 diei,
976 1521 1016 1606 id
1048 1529 1132 1608 est:
1173 1521 1367 1608 Domine!
1400 1553 1438 1634 q.
1472 1523 1513 1608 h.
1544 1523 1646 1607 int.

236 1675 264 1750 t.
294 1689 329 1744 e.
360 1687 399 1768 q.
429 1685 462 1740 r.
492 1655 535 1738 iu
564 1683 619 1740 m.
638 1683 680 1737 o.
712 1657 775 1738 t?
819 1651 941 1738 Nune
970 1654 1188 1738 videndum
1212 1661 1286 1758 eet,
1317 1655 1416 1766 quid
1435 1655 1490 1740 eit
1511 1655 1648 1738 teber-

235 1790 420 1877 naculum
463 1790 538 1870 uut
574 1812 714 1886 mone,
756 1789 799 1868 et
828 1812 952 1893 quere
983 1785 1097 1896 prius
1127 1785 1435 1890 tubernaculum
1466 1790 1508 1868 et
1536 1791 1649 1894 post·

235 1921 398 2010 morlum
429 1921 612 2002 mont-em
643 1914 777 2000 dicit?
819 1921 894 2000 out
932 1944 1059 2028 quare
1095 1917 1139 2001 in
1168 1917 1433 2002 tabernaculo
1461 1917 1648 2002 habiture
1765 1911 1770 1922 ’

236 2058 276 2138 et
319 2053 362 2136 in
410 2053 550 2133 monto
605 2047 892 2156 requiescere?
960 2045 1287 2134 'Pubernuoulum
1337 2045 1444 2132 euim
1499 2028 1736 2168 ‹licitur·‘''·

236 2183 377 2266 donms
406 2205 490 2262 non
519 2177 677 2262 lmbeue
710 2177 834 2261 fixrnn
866 2176 1203 2282 smnlmnentum‚
1247 2177 1357 2290 quod
1397 2177 1447 2262 ml
1484 2175 1647 2262 libitum
1700 2209 1704 2218 ’
1769 2187 1773 2198 ’
1814 2225 1819 2236 ·

237 2315 445 2410 movetur,
488 2307 610 2392 eieuti
653 2307 733 2392 tuit
768 2306 894 2414 illud,
938 2307 1048 2418 quod
1078 2308 1241 2420 Moyses
1279 2312 1321 2394 in
1350 2311 1509 2394 deserto
1539 2311 1648 2416 fecit,
1738 2347 1741 2354 ·

237 2443 342 2553 qnorl
372 2441 424 2526 ml
456 2439 650 2549 pluoitum
685 2439 939 2550 pertubatur.
987 2437 1053 2524 'Et
1087 2469 1160 2552 per
1198 2441 1507 2526 tubernaculum
1538 2439 1647 2524 enim
1755 2463 1795 2511 s·

237 2571 485 2682 intelligitur
512 2570 742 2678 proesentis
771 2569 1050 2680 peregrinatio
1079 2568 1284 2654 ecelesiae.
1330 2569 1436 2655 lloee
1465 2569 1648 2655 videmus

238 2703 385 2790 multus
415 2701 616 2802 ecelesiae,
647 2729 748 2812 quoe
779 2701 984 2810 periturae
1012 2709 1122 2803 sunt,
1158 2730 1234 2788 neo
1263 2730 1345 2787 nen
1376 2705 1418 2786 et
1445 2729 1541 2803 nos,
1578 2702 1649 2812 qui
1703 2693 1705 2699 ’

238 2835 403 2920 eeclesia
430 2861 582 2934 sonmo,
619 2831 833 2918 transituri
861 2859 1012 2919 sunms.
1072 2832 1148 2918 Per
1187 2839 1370 2918 montom
1409 2836 1544 2930 autem
1585 2833 1650 2916 iu-

236 2965 437 3076 telligitm·
466 2965 652 3050 eoelestis
681 2962 923 3049 Jerusalem.
963 2961 1036 3073 ¹lit
1065 2963 1169 3048 irene
1198 2965 1312 3074 prius
1354 2964 1564 3047 eeclesiam
1607 2969 1649 3046 et

56 3122 62 3226 2
125 3191 129 3200 ,
228 3098 496 3208 postmodum
540 3101 723 3181 montem
763 3095 891 3199 uixit,
936 3095 1033 3206 quio
1074 3124 1146 3206 per
1189 3097 1416 3206 proesentis
1457 3094 1649 3180 ecelesiae

238 3228 607 3337 peregrinationem
638 3227 876 3338 pervenitur
914 3229 967 3312 ad
995 3229 1211 3314 coelestem
1243 3227 1482 3315 Jerusalem.
1541 3227 1647 3312 Num

237 3359 337 3471 beno
366 3361 409 3442 in
437 3358 706 3452 tabernaculo
737 3357 923 3446 habiture
952 3365 995 3444 et
1022 3362 1065 3444 in
1096 3364 1237 3476 monte
1261 3359 1513 3470 requiescere
1536 3359 1649 3460 elicit,

239 3490 330 3600 quio
360 3489 402 3572 in
433 3488 521 3574 hoo.
539 3488 764 3600 proesentis
789 3491 981 3578 ecelesiae
1002 3490 1554 3608 peregrinatione„habitatio
1576 3495 1650 3592 est,
1714 3537 1722 3544 -

239 3649 320 3706 non
350 3621 528 3732 requiem
558 3621 602 3704 in
625 3622 791 3707 coelesti
814 3629 953 3708 eutem
967 3621 1195 3708 Jerusalem
1224 3620 1385 3734 requies
1403 3627 1477 3708 est.
1524 3607 1649 3708 mim
1747 3683 1752 3694 ·

237 3757 298 3837 eet
325 3753 433 3838 euim
464 3751 663 3854 habiture,
700 3760 743 3838 et
770 3753 885 3864 aliteri
914 3757 1185 3866 requiescere
1227 3760 1363 3868 potest
1392 3753 1500 3838 onim
1529 3752 1650 3839 hubi·

236 3889 321 3969 ture
350 3892 393 3969 et
419 3912 502 3968 non
531 3884 796 3996 requiescere.
1526 3903 1530 3916 ·

224 4067 229 4080 ·
347 4015 563 4128 Sequitur:
598 4015 697 4100 Post
716 4016 822 4101 lcum
846 4019 1207 4127 iuterroputionom
1233 4021 1402 4126 fratrer,
1430 4017 1650 4104 audiemus
1706 4039 1710 4052 ·

238 4142 456 4232 Domiuum
484 4145 788 4252 roepomleutem
831 4153 866 4234 et
907 4147 1174 4236 oeterrcleutem
1215 4149 1330 4236 nobis
1368 4129 1492 4262 ru'um¹
1517 4149 1650 4254 ipsius

118 4387 120 4392 Ι
237 4277 483 4364 {munaum
512 4277 662 4380 (tieem,
679 4281 710 4388 ¹)
749 4279 788 4363 id
820 4283 903 4381 est,
947 4309 1029 4364 non
1058 4282 1279 4405 abaliquo
1309 4280 1475 4366 homine
1505 4280 1649 4366 veleb

207 4410 405 4520 nugelo,
446 4411 516 4496 sed
544 4411 598 4498 ob
627 4413 716 4522 ipso
747 4410 927 4498 Domino
970 4402 1091 4498 nobie
1119 4413 1395 4526 respondente
1435 4410 1649 4498 oudiunrus
1697 4451 1700 4460 ¹

239 4538 342 4626 rium
374 4544 644 4646 tubernaculi,
673 4573 755 4656 qua
784 4531 875 4654 quie
905 4545 1035 4656 possit
1061 4545 1159 4662 illue
1189 4545 1413 4658 pervenire.

278 4659 288 4682 ”
344 4672 563 4786 Sequitur:
594 4676 673 4784 Qui
699 4677 927 4785 inpreriitur
949 4677 1038 4762 eirro
1058 4679 1229 4768 mutulo.
1273 4675 1379 4762 iloto
1406 4677 1539 4786 primo
1567 4701 1647 4759 vox
1796 4745 1798 4752 .

237 4796 298 4888 est
325 4807 579 4896 ostendentis
607 4807 712 4894 vium
744 4805 1015 4913 tabernaculi,
1046 4837 1137 4898 cum
1168 4807 1292 4898 dicit:
1325 4807 1401 4916 Qut
1422 4805 1650 4916 inpreclr'tm·
1732 4883 1768 4898 .,

236 4933 322 5022 nine
349 4937 531 5045 maerim
558 4938 721 5054 ingredi
749 4939 860 5026 enim
888 4937 1100 5030 inohoouti
1121 4941 1420 5052 riumonrpere
1443 4937 1648 5027 convenit.
1744 4993 1747 5002 ‚

241 5125 501 5147 ’‘O-*nunnun—

323 5195 1023 5320 ¹fflmmmwfflmfflMU

304 5347 495 5412 intueremur.
513 5350 673 5420 reponite
688 5353 815 5418 rognum.
1269 5313 1270 5318 γ
1363 5311 1365 5315 v
1423 5341 1449 5424 4
