<?xml version="1.0" encoding="UTF-8"?>
<!DOCTYPE html PUBLIC "-//W3C//DTD XHTML 1.0 Transitional//EN"
    "http://www.w3.org/TR/xhtml1/DTD/xhtml1-transitional.dtd">
<html xmlns="http://www.w3.org/1999/xhtml" xml:lang="en" lang="en">
 <head>
  <title>
</title>
<meta http-equiv="Content-Type" content="text/html;charset=utf-8" />
  <meta name='ocr-system' content='tesseract 3.04.00' />
  <meta name='ocr-capabilities' content='ocr_page ocr_carea ocr_par ocr_line ocrx_word'/>
</head>
<body>
  <div class='ocr_page' id='page_1' title='image "./vitaetregulassp01benegoog_0655.png"; bbox 0 0 4002 5792; ppageno 0'>
   <div class='ocr_carea' id='block_1_1' title="bbox 241 236 1071 402">
    <p class='ocr_par' dir='ltr' id='par_1_1' title="bbox 241 236 1071 402">
     <span class='ocr_line' id='line_1_1' title="bbox 241 236 1071 402; baseline -0.005 -20"><span class='ocrx_word' id='word_1_1' title='bbox 241 249 329 382; x_wconf 67' lang='lat'>626</span> <span class='ocrx_word' id='word_1_2' title='bbox 424 236 428 244; x_wconf 46' lang='lat'><em>*</em></span> <span class='ocrx_word' id='word_1_3' title='bbox 493 287 498 296; x_wconf 73' lang='grc'><strong>’</strong></span> <span class='ocrx_word' id='word_1_4' title='bbox 607 274 612 284; x_wconf 51' lang='grc'>’</span> <span class='ocrx_word' id='word_1_5' title='bbox 689 394 692 402; x_wconf 28' lang='grc' dir='ltr'>Ι</span> <span class='ocrx_word' id='word_1_6' title='bbox 744 249 1071 392; x_wconf 53' lang='lat' dir='ltr'>diadfflss</span> 
     </span>
    </p>
   </div>
   <div class='ocr_carea' id='block_1_2' title="bbox 21 449 1732 894">
    <p class='ocr_par' dir='ltr' id='par_1_2' title="bbox 21 449 1732 894">
     <span class='ocr_line' id='line_1_2' title="bbox 21 449 1672 630; baseline 0.011 -36"><span class='ocrx_word' id='word_1_7' title='bbox 21 495 27 506; x_wconf 75' lang='grc'>’</span> <span class='ocrx_word' id='word_1_8' title='bbox 68 553 72 560; x_wconf 90' lang='grc'><em>·</em></span> <span class='ocrx_word' id='word_1_9' title='bbox 137 521 168 548; x_wconf 88' lang='grc'>“·</span> <span class='ocrx_word' id='word_1_10' title='bbox 242 493 413 602; x_wconf 70' lang='lat' dir='ltr'>robert</span> <span class='ocrx_word' id='word_1_11' title='bbox 411 461 652 604; x_wconf 76' lang='lat' dir='ltr'>abtratem&#39;</span> <span class='ocrx_word' id='word_1_12' title='bbox 662 467 876 620; x_wconf 83' lang='lat' dir='ltr'>ordinare,</span> <span class='ocrx_word' id='word_1_13' title='bbox 911 522 963 601; x_wconf 87' lang='lat' dir='ltr'>et</span> <span class='ocrx_word' id='word_1_14' title='bbox 1005 449 1222 630; x_wconf 82' lang='lat' dir='ltr'>propterea</span> <span class='ocrx_word' id='word_1_15' title='bbox 1261 475 1391 606; x_wconf 78' lang='lat' dir='ltr'>abbas</span> <span class='ocrx_word' id='word_1_16' title='bbox 1435 503 1577 607; x_wconf 86' lang='lat' dir='ltr'>debet</span> <span class='ocrx_word' id='word_1_17' title='bbox 1599 524 1672 613; x_wconf 77' lang='lat' dir='ltr'>ita¹</span> 
     </span>
     <span class='ocr_line' id='line_1_3' title="bbox 237 630 1732 772; baseline 0.012 -46.109"><span class='ocrx_word' id='word_1_18' title='bbox 237 630 481 754; x_wconf 77' lang='lat' dir='ltr'>disponere</span> <span class='ocrx_word' id='word_1_19' title='bbox 491 648 534 728; x_wconf 89' lang='lat' dir='ltr'>et</span> <span class='ocrx_word' id='word_1_20' title='bbox 565 645 772 748; x_wconf 87' lang='lat' dir='ltr'>ordinare,</span> <span class='ocrx_word' id='word_1_21' title='bbox 813 653 860 734; x_wconf 89' lang='lat' dir='ltr'>ut</span> <span class='ocrx_word' id='word_1_22' title='bbox 885 647 987 736; x_wconf 84' lang='lat' dir='ltr'>haec</span> <span class='ocrx_word' id='word_1_23' title='bbox 1008 649 1115 736; x_wconf 88' lang='lat' dir='ltr'>ratio</span> <span class='ocrx_word' id='word_1_24' title='bbox 1125 649 1274 772; x_wconf 87' lang='lat' dir='ltr'>possit</span> <span class='ocrx_word' id='word_1_25' title='bbox 1299 677 1374 736; x_wconf 89' lang='lat' dir='ltr'>suo</span> <span class='ocrx_word' id='word_1_26' title='bbox 1402 651 1547 746; x_wconf 84' lang='lat' dir='ltr'>ordios</span> <span class='ocrx_word' id='word_1_27' title='bbox 1573 683 1657 740; x_wconf 85' lang='lat' dir='ltr'>ser·</span> <span class='ocrx_word' id='word_1_28' title='bbox 1729 739 1732 744; x_wconf 82' lang='lat'><em>.</em></span> 
     </span>
     <span class='ocr_line' id='line_1_4' title="bbox 129 769 1655 894; baseline 0.009 -39"><span class='ocrx_word' id='word_1_29' title='bbox 129 779 131 784; x_wconf 78' lang='grc'><strong>’</strong></span> <span class='ocrx_word' id='word_1_30' title='bbox 239 774 346 863; x_wconf 85' lang='grc' dir='ltr'>ιιιί.</span> <span class='ocrx_word' id='word_1_31' title='bbox 403 769 509 862; x_wconf 80' lang='lat' dir='ltr'>Huc</span> <span class='ocrx_word' id='word_1_32' title='bbox 515 805 612 864; x_wconf 82' lang='lat' dir='ltr'>vero</span> <span class='ocrx_word' id='word_1_33' title='bbox 641 778 868 866; x_wconf 88' lang='lat' dir='ltr'>uotaudum</span> <span class='ocrx_word' id='word_1_34' title='bbox 891 785 966 884; x_wconf 88' lang='lat' dir='ltr'>est,</span> <span class='ocrx_word' id='word_1_35' title='bbox 994 781 1092 892; x_wconf 88' lang='lat' dir='ltr'>q&#39;uia</span> <span class='ocrx_word' id='word_1_36' title='bbox 1118 809 1211 870; x_wconf 89' lang='lat' dir='ltr'>curn</span> <span class='ocrx_word' id='word_1_37' title='bbox 1228 779 1320 894; x_wconf 83' lang='lat' dir='ltr'>quis</span> <span class='ocrx_word' id='word_1_38' title='bbox 1347 781 1454 891; x_wconf 88' lang='lat' dir='ltr'>petit</span> <span class='ocrx_word' id='word_1_39' title='bbox 1478 785 1655 888; x_wconf 82' lang='lat' dir='ltr'>reniam,</span> 
     </span>
    </p>
   </div>
   <div class='ocr_carea' id='block_1_3' title="bbox 17 893 1656 1026">
    <p class='ocr_par' dir='ltr' id='par_1_3' title="bbox 17 893 1656 1026">
     <span class='ocr_line' id='line_1_5' title="bbox 17 893 1656 1026; baseline 0.003 -30"><span class='ocrx_word' id='word_1_40' title='bbox 17 987 23 996; x_wconf 90' lang='lat'><em>.</em></span> <span class='ocrx_word' id='word_1_41' title='bbox 105 905 115 932; x_wconf 74' lang='lat'><strong>⁴</strong></span> <span class='ocrx_word' id='word_1_42' title='bbox 229 893 479 1010; x_wconf 71' lang='lat' dir='ltr'>Jdebetitle,</span> <span class='ocrx_word' id='word_1_43' title='bbox 506 910 573 994; x_wconf 89' lang='lat' dir='ltr'>cui</span> <span class='ocrx_word' id='word_1_44' title='bbox 602 909 721 1020; x_wconf 84' lang='lat' dir='ltr'>petit,</span> <span class='ocrx_word' id='word_1_45' title='bbox 749 910 890 998; x_wconf 84' lang='lat' dir='ltr'>statim</span> <span class='ocrx_word' id='word_1_46' title='bbox 920 909 1119 996; x_wconf 86' lang='lat' dir='ltr'>dicereer</span> <span class='ocrx_word' id='word_1_47' title='bbox 1147 933 1326 1026; x_wconf 82' lang='lat' dir='ltr'>surgere,</span> <span class='ocrx_word' id='word_1_48' title='bbox 1355 915 1556 1026; x_wconf 84' lang='lat' dir='ltr'>eoquod,</span> <span class='ocrx_word' id='word_1_49' title='bbox 1584 917 1656 1002; x_wconf 87' lang='lat' dir='ltr'>ubi</span> 
     </span>
    </p>
   </div>
   <div class='ocr_carea' id='block_1_4' title="bbox 233 1037 1686 1275">
    <p class='ocr_par' dir='ltr' id='par_1_4' title="bbox 233 1037 1686 1275">
     <span class='ocr_line' id='line_1_6' title="bbox 233 1037 1686 1150; baseline 0.01 -31"><span class='ocrx_word' id='word_1_50' title='bbox 233 1037 345 1122; x_wconf 83' lang='lat' dir='ltr'>‘dicit</span> <span class='ocrx_word' id='word_1_51' title='bbox 365 1039 522 1126; x_wconf 81' lang='lat' dir='ltr'>tamdia</span> <span class='ocrx_word' id='word_1_52' title='bbox 539 1041 930 1162; x_wconf 76' lang='lat' dir='ltr'>prostratasjoceot,</span> <span class='ocrx_word' id='word_1_53' title='bbox 956 1062 1082 1150; x_wconf 76' lang='lat' dir='ltr'>osque</span> <span class='ocrx_word' id='word_1_54' title='bbox 1095 1045 1193 1130; x_wconf 87' lang='grc' dir='ltr'>ιιίιιιι</span> <span class='ocrx_word' id='word_1_55' title='bbox 1210 1046 1657 1167; x_wconf 78' lang='lat' dir='ltr'>berredictioucsouetor</span> <span class='ocrx_word' id='word_1_56' title='bbox 1679 1055 1686 1064; x_wconf 85' lang='lat'><em>&#39;</em></span> 
     </span>
     <span class='ocr_line' id='line_1_7' title="bbox 242 1155 1657 1275; baseline 0.006 -21"><span class='ocrx_word' id='word_1_57' title='bbox 242 1165 318 1254; x_wconf 86' lang='lat' dir='ltr'>illo</span> <span class='ocrx_word' id='word_1_58' title='bbox 345 1173 570 1275; x_wconf 79' lang='lat' dir='ltr'><strong><em>commotio,</em></strong></span> <span class='ocrx_word' id='word_1_59' title='bbox 611 1155 935 1258; x_wconf 86' lang='lat' dir='ltr'>subaudiendum</span> <span class='ocrx_word' id='word_1_60' title='bbox 978 1180 1064 1260; x_wconf 86' lang='lat' dir='ltr'>est:</span> <span class='ocrx_word' id='word_1_61' title='bbox 1104 1176 1245 1262; x_wconf 89' lang='lat' dir='ltr'>statim</span> <span class='ocrx_word' id='word_1_62' title='bbox 1281 1175 1320 1261; x_wconf 86' lang='lat' dir='ltr'>ei</span> <span class='ocrx_word' id='word_1_63' title='bbox 1360 1175 1485 1260; x_wconf 83' lang='lat' dir='ltr'>debet</span> <span class='ocrx_word' id='word_1_64' title='bbox 1522 1177 1657 1263; x_wconf 88' lang='lat' dir='ltr'>dicere</span> 
     </span>
    </p>
   </div>
   <div class='ocr_carea' id='block_1_5' title="bbox 6 1301 1859 1552">
    <p class='ocr_par' dir='ltr' id='par_1_5' title="bbox 6 1301 1883 1552">
     <span class='ocr_line' id='line_1_8' title="bbox 6 1301 1859 1426; baseline -0.003 -34"><span class='ocrx_word' id='word_1_65' title='bbox 6 1417 12 1426; x_wconf 22' lang='grc' dir='ltr'><strong><em>Ι</em></strong></span> <span class='ocrx_word' id='word_1_66' title='bbox 242 1327 422 1412; x_wconf 85' lang='lat' dir='ltr'>surgere.</span> <span class='ocrx_word' id='word_1_67' title='bbox 478 1301 523 1388; x_wconf 85' lang='lat' dir='ltr'>si</span> <span class='ocrx_word' id='word_1_68' title='bbox 550 1309 688 1390; x_wconf 74' lang='lat' dir='ltr'>sartam</span> <span class='ocrx_word' id='word_1_69' title='bbox 717 1304 897 1391; x_wconf 89' lang='lat' dir='ltr'>noluerit</span> <span class='ocrx_word' id='word_1_70' title='bbox 922 1306 962 1391; x_wconf 92' lang='lat' dir='ltr'>ei</span> <span class='ocrx_word' id='word_1_71' title='bbox 990 1307 1126 1392; x_wconf 88' lang='lat' dir='ltr'>dicere</span> <span class='ocrx_word' id='word_1_72' title='bbox 1154 1333 1343 1414; x_wconf 76' lang='lat' dir='ltr'><strong>surgere,</strong></span> <span class='ocrx_word' id='word_1_73' title='bbox 1381 1312 1456 1391; x_wconf 87' lang='lat' dir='ltr'>aut</span> <span class='ocrx_word' id='word_1_74' title='bbox 1481 1315 1593 1394; x_wconf 88' lang='lat' dir='ltr'>certe</span> <span class='ocrx_word' id='word_1_75' title='bbox 1620 1311 1655 1394; x_wconf 85' lang='lat' dir='ltr'>si</span> <span class='ocrx_word' id='word_1_76' title='bbox 1736 1359 1739 1362; x_wconf 95' lang='lat'>-</span> <span class='ocrx_word' id='word_1_77' title='bbox 1854 1340 1859 1341; x_wconf 51' lang='grc'>’</span> 
     </span>
     <span class='ocr_line' id='line_1_9' title="bbox 130 1435 1655 1552; baseline 0.004 -32"><span class='ocrx_word' id='word_1_78' title='bbox 130 1501 135 1520; x_wconf 89' lang='grc'>,</span> <span class='ocrx_word' id='word_1_79' title='bbox 189 1541 192 1546; x_wconf 16' lang='grc'>1</span> <span class='ocrx_word' id='word_1_80' title='bbox 230 1437 363 1519; x_wconf 82' lang='lat' dir='ltr'>&#39;tauta</span> <span class='ocrx_word' id='word_1_81' title='bbox 386 1435 514 1521; x_wconf 79' lang='lat' dir='ltr'>¹fuerit</span> <span class='ocrx_word' id='word_1_82' title='bbox 541 1435 819 1548; x_wconf 76' lang='lat' dir='ltr'>negligentia,</span> <span class='ocrx_word' id='word_1_83' title='bbox 860 1445 908 1521; x_wconf 89' lang='lat' dir='ltr'>ut</span> <span class='ocrx_word' id='word_1_84' title='bbox 942 1439 1073 1550; x_wconf 89' lang='lat' dir='ltr'>possit</span> <span class='ocrx_word' id='word_1_85' title='bbox 1100 1441 1243 1525; x_wconf 84' lang='lat' dir='ltr'>statim</span> <span class='ocrx_word' id='word_1_86' title='bbox 1272 1469 1476 1552; x_wconf 84' lang='lat' dir='ltr'>parcere,</span> <span class='ocrx_word' id='word_1_87' title='bbox 1501 1447 1545 1526; x_wconf 89' lang='lat' dir='ltr'>et</span> <span class='ocrx_word' id='word_1_88' title='bbox 1572 1470 1655 1548; x_wconf 88' lang='lat' dir='ltr'>nou</span> 
     </span>
    </p>
   </div>
   <div class='ocr_carea' id='block_1_6' title="bbox 192 1567 1655 1814">
    <p class='ocr_par' dir='ltr' id='par_1_6' title="bbox 192 1567 1655 1814">
     <span class='ocr_line' id='line_1_10' title="bbox 192 1567 1655 1684; baseline 0.008 -36"><span class='ocrx_word' id='word_1_89' title='bbox 192 1663 196 1673; x_wconf 33' lang='grc' dir='ltr'>Ι</span> <span class='ocrx_word' id='word_1_90' title='bbox 243 1567 485 1676; x_wconf 73' lang='lat' dir='ltr'>pepercerit,</span> <span class='ocrx_word' id='word_1_91' title='bbox 514 1574 627 1671; x_wconf 89' lang='lat' dir='ltr'>tuuc,</span> <span class='ocrx_word' id='word_1_92' title='bbox 651 1570 857 1679; x_wconf 90' lang='lat' dir='ltr'>quianon</span> <span class='ocrx_word' id='word_1_93' title='bbox 880 1572 1077 1681; x_wconf 78' lang='lat' dir='ltr'>pepercit,</span> <span class='ocrx_word' id='word_1_94' title='bbox 1106 1570 1477 1682; x_wconf 86' lang='lat' dir='ltr'>duceudosestper</span> <span class='ocrx_word' id='word_1_95' title='bbox 1491 1573 1655 1684; x_wconf 88' lang='lat' dir='ltr'>gradus,</span> 
     </span>
     <span class='ocr_line' id='line_1_11' title="bbox 243 1698 1655 1814; baseline 0.006 -33"><span class='ocrx_word' id='word_1_96' title='bbox 243 1698 334 1788; x_wconf 84' lang='lat' dir='ltr'>i.a.</span> <span class='ocrx_word' id='word_1_97' title='bbox 363 1700 634 1786; x_wconf 88' lang='lat' dir='ltr'>admoneatur</span> <span class='ocrx_word' id='word_1_98' title='bbox 671 1707 846 1804; x_wconf 84' lang='lat' dir='ltr'>secrete,</span> <span class='ocrx_word' id='word_1_99' title='bbox 886 1703 921 1788; x_wconf 88' lang='lat' dir='ltr'>si</span> <span class='ocrx_word' id='word_1_100' title='bbox 961 1710 1119 1788; x_wconf 88' lang='lat' dir='ltr'>secreta</span> <span class='ocrx_word' id='word_1_101' title='bbox 1159 1703 1284 1787; x_wconf 85' lang='lat' dir='ltr'>fuerit</span> <span class='ocrx_word' id='word_1_102' title='bbox 1325 1703 1467 1814; x_wconf 90' lang='lat' dir='ltr'>culpa,</span> <span class='ocrx_word' id='word_1_103' title='bbox 1510 1705 1655 1790; x_wconf 88' lang='lat' dir='ltr'>deinde</span> 
     </span>
    </p>
   </div>
   <div class='ocr_carea' id='block_1_7' title="bbox 43 1817 1656 2090">
    <p class='ocr_par' dir='ltr' id='par_1_7' title="bbox 43 1817 1656 2090">
     <span class='ocr_line' id='line_1_12' title="bbox 43 1817 1656 1948; baseline 0.003 -33"><span class='ocrx_word' id='word_1_104' title='bbox 43 1869 46 1878; x_wconf 95' lang='lat'><em>·</em></span> <span class='ocrx_word' id='word_1_105' title='bbox 124 1925 127 1936; x_wconf 53' lang='grc'><strong>,</strong></span> <span class='ocrx_word' id='word_1_106' title='bbox 224 1817 489 1948; x_wconf 31' lang='lat' dir='ltr'>⁴,objurgetur</span> <span class='ocrx_word' id='word_1_107' title='bbox 516 1833 699 1942; x_wconf 83' lang='lat' dir='ltr'>publice,</span> <span class='ocrx_word' id='word_1_108' title='bbox 742 1835 891 1920; x_wconf 89' lang='lat' dir='ltr'>sicut</span> <span class='ocrx_word' id='word_1_109' title='bbox 871 1863 960 1943; x_wconf 83' lang='lat' dir='ltr'>Jarn</span> <span class='ocrx_word' id='word_1_110' title='bbox 988 1835 1173 1944; x_wconf 86' lang='lat' dir='ltr'>superius</span> <span class='ocrx_word' id='word_1_111' title='bbox 1201 1833 1358 1918; x_wconf 87' lang='lat' dir='ltr'>dietum</span> <span class='ocrx_word' id='word_1_112' title='bbox 1386 1839 1470 1938; x_wconf 88' lang='lat' dir='ltr'>est,</span> <span class='ocrx_word' id='word_1_113' title='bbox 1509 1835 1656 1920; x_wconf 88' lang='lat' dir='ltr'>deiude</span> 
     </span>
     <span class='ocr_line' id='line_1_13' title="bbox 62 1962 1656 2090; baseline 0.005 -45"><span class='ocrx_word' id='word_1_114' title='bbox 62 2076 68 2090; x_wconf 28' lang='grc' dir='ltr'>ι</span> <span class='ocrx_word' id='word_1_115' title='bbox 227 1963 276 2046; x_wconf 75' lang='lat' dir='ltr'>‘si</span> <span class='ocrx_word' id='word_1_116' title='bbox 306 1962 485 2052; x_wconf 85' lang='lat' dir='ltr'>uoluerit</span> <span class='ocrx_word' id='word_1_117' title='bbox 524 1991 690 2075; x_wconf 84' lang='lat' dir='ltr'>parcere</span> <span class='ocrx_word' id='word_1_118' title='bbox 728 1967 773 2048; x_wconf 88' lang='lat' dir='ltr'>iu</span> <span class='ocrx_word' id='word_1_119' title='bbox 801 1995 845 2054; x_wconf 89' lang='lat' dir='ltr'>se</span> <span class='ocrx_word' id='word_1_120' title='bbox 882 1967 1069 2075; x_wconf 80' lang='lat' dir='ltr'>peccanti</span> <span class='ocrx_word' id='word_1_121' title='bbox 1110 1967 1343 2051; x_wconf 80' lang='lat' dir='ltr'>streniam</span> <span class='ocrx_word' id='word_1_122' title='bbox 1373 1967 1493 2074; x_wconf 89' lang='lat' dir='ltr'>dare,</span> <span class='ocrx_word' id='word_1_123' title='bbox 1533 1969 1656 2053; x_wconf 85' lang='lat' dir='ltr'>debet</span> 
     </span>
    </p>
   </div>
   <div class='ocr_carea' id='block_1_8' title="bbox 224 2061 1654 2203">
    <p class='ocr_par' dir='ltr' id='par_1_8' title="bbox 224 2061 1654 2203">
     <span class='ocr_line' id='line_1_14' title="bbox 224 2061 1654 2203; baseline 0.004 -27"><span class='ocrx_word' id='word_1_124' title='bbox 224 2083 381 2203; x_wconf 67' lang='lat' dir='ltr'>&#39;poni</span> <span class='ocrx_word' id='word_1_125' title='bbox 368 2121 413 2178; x_wconf 91' lang='grc' dir='ltr'>ιιι</span> <span class='ocrx_word' id='word_1_126' title='bbox 442 2095 589 2180; x_wconf 89' lang='lat' dir='ltr'>ultimo</span> <span class='ocrx_word' id='word_1_127' title='bbox 617 2097 721 2200; x_wconf 91' lang='lat' dir='ltr'>loeo,</span> <span class='ocrx_word' id='word_1_128' title='bbox 763 2061 894 2182; x_wconf 84' lang='lat' dir='ltr'>doriec</span> <span class='ocrx_word' id='word_1_129' title='bbox 922 2097 1053 2182; x_wconf 89' lang='lat' dir='ltr'>diseat</span> <span class='ocrx_word' id='word_1_130' title='bbox 1079 2099 1242 2183; x_wconf 81' lang='lat' dir='ltr'>veniam</span> <span class='ocrx_word' id='word_1_131' title='bbox 1283 2096 1467 2182; x_wconf 84' lang='lat' dir='ltr'>tribuere</span> <span class='ocrx_word' id='word_1_132' title='bbox 1492 2098 1623 2183; x_wconf 85' lang='lat' dir='ltr'>aliis</span> <span class='ocrx_word' id='word_1_133' title='bbox 1611 2127 1654 2182; x_wconf 87' lang='lat' dir='ltr'>ru</span> 
     </span>
    </p>
   </div>
   <div class='ocr_carea' id='block_1_9' title="bbox 156 2207 1654 2339">
    <p class='ocr_par' dir='ltr' id='par_1_9' title="bbox 17 2207 1654 2358">
     <span class='ocr_line' id='line_1_15' title="bbox 156 2207 1654 2339; baseline 0.003 -29.57"><span class='ocrx_word' id='word_1_134' title='bbox 156 2207 159 2214; x_wconf 42' lang='lat'><strong>¹</strong></span> <span class='ocrx_word' id='word_1_135' title='bbox 241 2251 284 2308; x_wconf 86' lang='lat' dir='ltr'>se</span> <span class='ocrx_word' id='word_1_136' title='bbox 314 2209 579 2334; x_wconf 79' lang='lat' dir='ltr'>peccantibus</span> <span class='ocrx_word' id='word_1_137' title='bbox 602 2229 821 2315; x_wconf 80' lang='lat' dir='ltr'>streniam</span> <span class='ocrx_word' id='word_1_138' title='bbox 837 2227 1085 2339; x_wconf 85' lang='lat' dir='ltr'>petentibus.</span> <span class='ocrx_word' id='word_1_139' title='bbox 1143 2226 1244 2312; x_wconf 85' lang='lat' dir='ltr'>Post</span> <span class='ocrx_word' id='word_1_140' title='bbox 1267 2256 1363 2314; x_wconf 88' lang='lat' dir='ltr'>vero</span> <span class='ocrx_word' id='word_1_141' title='bbox 1391 2257 1485 2314; x_wconf 89' lang='lat' dir='ltr'>cum</span> <span class='ocrx_word' id='word_1_142' title='bbox 1514 2260 1654 2314; x_wconf 88' lang='lat' dir='ltr'>emen·</span> 
     </span>
    </p>
   </div>
   <div class='ocr_carea' id='block_1_10' title="bbox 223 2355 1478 2479">
    <p class='ocr_par' dir='ltr' id='par_1_10' title="bbox 223 2355 1478 2479">
     <span class='ocr_line' id='line_1_16' title="bbox 223 2355 1478 2479; baseline 0.003 -40"><span class='ocrx_word' id='word_1_143' title='bbox 223 2355 401 2479; x_wconf 75' lang='lat' dir='ltr'>&#39;darerit</span> <span class='ocrx_word' id='word_1_144' title='bbox 429 2358 507 2441; x_wconf 90' lang='lat' dir='ltr'>hoe</span> <span class='ocrx_word' id='word_1_145' title='bbox 536 2359 695 2464; x_wconf 86' lang='lat' dir='ltr'>vitium,</span> <span class='ocrx_word' id='word_1_146' title='bbox 725 2373 824 2446; x_wconf 85' lang='lat' dir='ltr'>tunc</span> <span class='ocrx_word' id='word_1_147' title='bbox 852 2360 1122 2444; x_wconf 80' lang='lat' dir='ltr'>revertatur</span> <span class='ocrx_word' id='word_1_148' title='bbox 1110 2387 1155 2442; x_wconf 89' lang='grc' dir='ltr'>ιιι</span> <span class='ocrx_word' id='word_1_149' title='bbox 1182 2387 1302 2443; x_wconf 79' lang='lat' dir='ltr'>suurn</span> <span class='ocrx_word' id='word_1_150' title='bbox 1329 2359 1478 2444; x_wconf 88' lang='lat' dir='ltr'>locum.</span> 
     </span>
    </p>
   </div>
   <div class='ocr_carea' id='block_1_11' title="bbox 26 2486 1654 2740">
    <p class='ocr_par' dir='ltr' id='par_1_11' title="bbox 26 2486 1654 2730">
     <span class='ocr_line' id='line_1_17' title="bbox 26 2486 1654 2601; baseline 0.003 -30"><span class='ocrx_word' id='word_1_151' title='bbox 26 2533 47 2558; x_wconf 64' lang='grc' dir='ltr'>ι</span> <span class='ocrx_word' id='word_1_152' title='bbox 180 2501 226 2596; x_wconf 53' lang='lat' dir='ltr'><em>j</em></span> <span class='ocrx_word' id='word_1_153' title='bbox 350 2486 566 2601; x_wconf 81' lang='lat' dir='ltr'>Sequitur.</span> <span class='ocrx_word' id='word_1_154' title='bbox 582 2490 711 2596; x_wconf 85' lang='lat' dir='ltr'>quod</span> <span class='ocrx_word' id='word_1_155' title='bbox 744 2493 814 2598; x_wconf 83' lang='lat' dir='ltr'>qai</span> <span class='ocrx_word' id='word_1_156' title='bbox 849 2490 1126 2597; x_wconf 80' lang='lat' dir='ltr'>couteorpserit</span> <span class='ocrx_word' id='word_1_157' title='bbox 1148 2490 1309 2594; x_wconf 68' lang='lat' dir='ltr'>socae,</span> <span class='ocrx_word' id='word_1_158' title='bbox 1353 2498 1423 2576; x_wconf 85' lang='lat' dir='ltr'>out</span> <span class='ocrx_word' id='word_1_159' title='bbox 1450 2519 1595 2600; x_wconf 83' lang='lat' dir='ltr'>corpor</span> <span class='ocrx_word' id='word_1_160' title='bbox 1594 2493 1654 2577; x_wconf 83' lang='lat' dir='ltr'>air</span> 
     </span>
     <span class='ocr_line' id='line_1_18' title="bbox 88 2619 1654 2740; baseline -0.001 -30"><span class='ocrx_word' id='word_1_161' title='bbox 88 2703 90 2710; x_wconf 89' lang='lat'><em>.</em></span> <span class='ocrx_word' id='word_1_162' title='bbox 221 2619 438 2708; x_wconf 78' lang='lat' dir='ltr'>&#39;cirrdictoe</span> <span class='ocrx_word' id='word_1_163' title='bbox 474 2620 679 2740; x_wconf 82' lang='lat' dir='ltr'>subjaccat</span> <span class='ocrx_word' id='word_1_164' title='bbox 705 2630 803 2726; x_wconf 85' lang='lat' dir='ltr'>out,</span> <span class='ocrx_word' id='word_1_165' title='bbox 829 2627 870 2708; x_wconf 86' lang='lat' dir='ltr'>si</span> <span class='ocrx_word' id='word_1_166' title='bbox 907 2629 1122 2710; x_wconf 78' lang='lat' dir='ltr'>corrtumoa</span> <span class='ocrx_word' id='word_1_167' title='bbox 1156 2626 1302 2730; x_wconf 77' lang='grc' dir='ltr'>Ῑὶιιιίι,</span> <span class='ocrx_word' id='word_1_168' title='bbox 1332 2623 1383 2709; x_wconf 82' lang='lat' dir='ltr'>dc</span> <span class='ocrx_word' id='word_1_169' title='bbox 1412 2627 1654 2712; x_wconf 77' lang='lat' dir='ltr'>oroorostorio</span> 
     </span>
    </p>
   </div>
   <div class='ocr_carea' id='block_1_12' title="bbox 133 2737 1655 2994">
    <p class='ocr_par' dir='ltr' id='par_1_12' title="bbox 133 2737 1655 2994">
     <span class='ocr_line' id='line_1_19' title="bbox 186 2737 1655 2868; baseline 0.004 -30"><span class='ocrx_word' id='word_1_170' title='bbox 186 2737 481 2863; x_wconf 61' lang='lat' dir='ltr'>“eapelcorua</span> <span class='ocrx_word' id='word_1_171' title='bbox 517 2751 598 2838; x_wconf 83' lang='lat' dir='ltr'>Sed</span> <span class='ocrx_word' id='word_1_172' title='bbox 628 2756 695 2841; x_wconf 89' lang='lat' dir='ltr'>hie</span> <span class='ocrx_word' id='word_1_173' title='bbox 722 2784 865 2866; x_wconf 87' lang='lat' dir='ltr'>quaen</span> <span class='ocrx_word' id='word_1_174' title='bbox 851 2756 1041 2867; x_wconf 83' lang='lat' dir='ltr'>potest:</span> <span class='ocrx_word' id='word_1_175' title='bbox 1070 2755 1169 2864; x_wconf 88' lang='lat' dir='ltr'>qnid</span> <span class='ocrx_word' id='word_1_176' title='bbox 1187 2760 1264 2857; x_wconf 86' lang='lat' dir='ltr'>est,</span> <span class='ocrx_word' id='word_1_177' title='bbox 1293 2757 1405 2868; x_wconf 90' lang='lat' dir='ltr'>quod</span> <span class='ocrx_word' id='word_1_178' title='bbox 1427 2755 1558 2846; x_wconf 88' lang='lat' dir='ltr'>hieS.</span> <span class='ocrx_word' id='word_1_179' title='bbox 1574 2757 1655 2844; x_wconf 87' lang='lat' dir='ltr'>Be·</span> 
     </span>
     <span class='ocr_line' id='line_1_20' title="bbox 133 2885 1649 2994; baseline 0.003 -22"><span class='ocrx_word' id='word_1_180' title='bbox 133 2935 135 2940; x_wconf 95' lang='lat'>·</span> <span class='ocrx_word' id='word_1_181' title='bbox 238 2887 426 2972; x_wconf 82' lang='lat' dir='ltr'>nedictus</span> <span class='ocrx_word' id='word_1_182' title='bbox 453 2885 555 2972; x_wconf 90' lang='lat' dir='ltr'>dicit</span> <span class='ocrx_word' id='word_1_183' title='bbox 582 2889 622 2972; x_wconf 86' lang='lat' dir='ltr'>si</span> <span class='ocrx_word' id='word_1_184' title='bbox 648 2895 861 2972; x_wconf 74' lang='lat' dir='ltr'>coutamur</span> <span class='ocrx_word' id='word_1_185' title='bbox 884 2887 1020 2994; x_wconf 72' lang='lat' dir='ltr'>(uerit,</span> <span class='ocrx_word' id='word_1_186' title='bbox 1060 2885 1112 2974; x_wconf 79' lang='lat' dir='ltr'>de</span> <span class='ocrx_word' id='word_1_187' title='bbox 1139 2888 1382 2974; x_wconf 75' lang='lat' dir='ltr'>orrorrosterio</span> <span class='ocrx_word' id='word_1_188' title='bbox 1413 2888 1649 2994; x_wconf 80' lang='lat' dir='ltr'>expellatur,</span> 
     </span>
    </p>
   </div>
   <div class='ocr_carea' id='block_1_13' title="bbox 58 3016 1683 3396">
    <p class='ocr_par' dir='ltr' id='par_1_13' title="bbox 58 3016 1683 3396">
     <span class='ocr_line' id='line_1_21' title="bbox 58 3016 1652 3128; baseline 0.001 -24"><span class='ocrx_word' id='word_1_189' title='bbox 58 3019 126 3098; x_wconf 79' lang='lat'>&#39;.&#39;·</span> <span class='ocrx_word' id='word_1_190' title='bbox 175 3095 177 3099; x_wconf 90' lang='lat'><em>.</em></span> <span class='ocrx_word' id='word_1_191' title='bbox 220 3025 335 3105; x_wconf 77' lang='lat' dir='ltr'>¹curn</span> <span class='ocrx_word' id='word_1_192' title='bbox 363 3019 550 3128; x_wconf 88' lang='lat' dir='ltr'>superins</span> <span class='ocrx_word' id='word_1_193' title='bbox 577 3016 726 3102; x_wconf 90' lang='lat' dir='ltr'>idem</span> <span class='ocrx_word' id='word_1_194' title='bbox 715 3049 803 3128; x_wconf 87' lang='lat' dir='ltr'>rpse</span> <span class='ocrx_word' id='word_1_195' title='bbox 842 3020 954 3106; x_wconf 89' lang='lat' dir='ltr'>dicat</span> <span class='ocrx_word' id='word_1_196' title='bbox 991 3020 1032 3104; x_wconf 86' lang='lat' dir='ltr'>si</span> <span class='ocrx_word' id='word_1_197' title='bbox 1064 3021 1157 3126; x_wconf 80' lang='lat' dir='ltr'>qais</span> <span class='ocrx_word' id='word_1_198' title='bbox 1182 3025 1395 3104; x_wconf 72' lang='lat' dir='ltr'>contumax</span> <span class='ocrx_word' id='word_1_199' title='bbox 1422 3027 1494 3105; x_wconf 85' lang='lat' dir='ltr'>out</span> <span class='ocrx_word' id='word_1_200' title='bbox 1520 3021 1652 3106; x_wconf 82' lang='lat' dir='ltr'>irrobo-</span> 
     </span>
     <span class='ocr_line' id='line_1_22' title="bbox 104 3148 1654 3249; baseline 0.006 -21"><span class='ocrx_word' id='word_1_201' title='bbox 104 3165 108 3174; x_wconf 85' lang='lat'>&#39;</span> <span class='ocrx_word' id='word_1_202' title='bbox 165 3151 170 3228; x_wconf 79' lang='grc' dir='ltr'>ἶ</span> <span class='ocrx_word' id='word_1_203' title='bbox 236 3155 355 3237; x_wconf 83' lang='lat' dir='ltr'>dieas</span> <span class='ocrx_word' id='word_1_204' title='bbox 379 3157 423 3234; x_wconf 90' lang='lat' dir='ltr'>et</span> <span class='ocrx_word' id='word_1_205' title='bbox 443 3148 530 3249; x_wconf 83' lang='lat' dir='ltr'>rel,</span> <span class='ocrx_word' id='word_1_206' title='bbox 559 3149 830 3234; x_wconf 89' lang='lat' dir='ltr'>admoneatur</span> <span class='ocrx_word' id='word_1_207' title='bbox 857 3150 982 3235; x_wconf 81' lang='lat' dir='ltr'>semel</span> <span class='ocrx_word' id='word_1_208' title='bbox 1010 3157 1053 3235; x_wconf 89' lang='lat' dir='ltr'>et</span> <span class='ocrx_word' id='word_1_209' title='bbox 1080 3150 1260 3234; x_wconf 88' lang='lat' dir='ltr'>secundo</span> <span class='ocrx_word' id='word_1_210' title='bbox 1288 3155 1443 3236; x_wconf 85' lang='lat' dir='ltr'>secreto</span> <span class='ocrx_word' id='word_1_211' title='bbox 1469 3180 1496 3235; x_wconf 87' lang='lat' dir='ltr'>a</span> <span class='ocrx_word' id='word_1_212' title='bbox 1519 3154 1654 3238; x_wconf 87' lang='lat' dir='ltr'>senio·</span> 
     </span>
     <span class='ocr_line' id='line_1_23' title="bbox 77 3279 1683 3396; baseline 0.002 -29"><span class='ocrx_word' id='word_1_213' title='bbox 77 3323 86 3339; x_wconf 97' lang='lat'><strong>·</strong></span> <span class='ocrx_word' id='word_1_214' title='bbox 134 3315 140 3330; x_wconf 94' lang='lat'><strong>·</strong></span> <span class='ocrx_word' id='word_1_215' title='bbox 236 3283 350 3367; x_wconf 90' lang='lat' dir='ltr'>ribus</span> <span class='ocrx_word' id='word_1_216' title='bbox 388 3280 496 3377; x_wconf 83' lang='lat' dir='ltr'>suis;</span> <span class='ocrx_word' id='word_1_217' title='bbox 535 3279 570 3362; x_wconf 90' lang='lat' dir='ltr'>si</span> <span class='ocrx_word' id='word_1_218' title='bbox 599 3307 683 3362; x_wconf 91' lang='lat' dir='ltr'>uon</span> <span class='ocrx_word' id='word_1_219' title='bbox 707 3281 1012 3396; x_wconf 79' lang='lat' dir='ltr'>emendaverit,</span> <span class='ocrx_word' id='word_1_220' title='bbox 1041 3280 1287 3390; x_wconf 79' lang='lat' dir='ltr'>objurgetur</span> <span class='ocrx_word' id='word_1_221' title='bbox 1314 3281 1477 3388; x_wconf 83' lang='lat' dir='ltr'>publice</span> <span class='ocrx_word' id='word_1_222' title='bbox 1508 3288 1553 3366; x_wconf 89' lang='lat' dir='ltr'>et</span> <span class='ocrx_word' id='word_1_223' title='bbox 1579 3281 1683 3370; x_wconf 89' lang='lat' dir='ltr'>rel..</span> 
     </span>
    </p>
   </div>
   <div class='ocr_carea' id='block_1_14' title="bbox 207 3407 1768 3648">
    <p class='ocr_par' dir='ltr' id='par_1_14' title="bbox 207 3407 1768 3648">
     <span class='ocr_line' id='line_1_24' title="bbox 217 3407 1768 3518; baseline 0.002 -26"><span class='ocrx_word' id='word_1_224' title='bbox 217 3409 452 3508; x_wconf 80' lang='lat' dir='ltr'>¹Quomodo</span> <span class='ocrx_word' id='word_1_225' title='bbox 491 3409 599 3492; x_wconf 89' lang='lat' dir='ltr'>euim</span> <span class='ocrx_word' id='word_1_226' title='bbox 636 3407 902 3518; x_wconf 85' lang='lat' dir='ltr'>expellendus</span> <span class='ocrx_word' id='word_1_227' title='bbox 938 3414 1002 3493; x_wconf 86' lang='lat' dir='ltr'>est</span> <span class='ocrx_word' id='word_1_228' title='bbox 1031 3416 1274 3511; x_wconf 85' lang='lat' dir='ltr'>contumax,</span> <span class='ocrx_word' id='word_1_229' title='bbox 1302 3409 1336 3493; x_wconf 90' lang='lat' dir='ltr'>si</span> <span class='ocrx_word' id='word_1_230' title='bbox 1373 3411 1654 3494; x_wconf 86' lang='lat' dir='ltr'>admouendus</span> <span class='ocrx_word' id='word_1_231' title='bbox 1763 3449 1768 3458; x_wconf 94' lang='lat'>·</span> 
     </span>
     <span class='ocr_line' id='line_1_25' title="bbox 207 3534 1653 3648; baseline 0.001 -26"><span class='ocrx_word' id='word_1_232' title='bbox 207 3543 325 3622; x_wconf 84' lang='lat' dir='ltr'>&#39;.est.⁹</span> <span class='ocrx_word' id='word_1_233' title='bbox 367 3538 432 3621; x_wconf 82' lang='lat' dir='ltr'>vel</span> <span class='ocrx_word' id='word_1_234' title='bbox 460 3537 665 3647; x_wconf 88' lang='lat' dir='ltr'>quomodo</span> <span class='ocrx_word' id='word_1_235' title='bbox 693 3534 1002 3638; x_wconf 85' lang='lat' dir='ltr'>admouendus,</span> <span class='ocrx_word' id='word_1_236' title='bbox 1028 3538 1063 3622; x_wconf 88' lang='lat' dir='ltr'>si</span> <span class='ocrx_word' id='word_1_237' title='bbox 1098 3535 1364 3648; x_wconf 83' lang='lat' dir='ltr'>expellendus</span> <span class='ocrx_word' id='word_1_238' title='bbox 1392 3544 1484 3622; x_wconf 75' lang='lat' dir='ltr'>est?</span> <span class='ocrx_word' id='word_1_239' title='bbox 1538 3538 1653 3623; x_wconf 86' lang='lat' dir='ltr'>Haec</span> 
     </span>
    </p>
   </div>
   <div class='ocr_carea' id='block_1_15' title="bbox 66 3665 1654 3776">
    <p class='ocr_par' dir='ltr' id='par_1_15' title="bbox 66 3665 1654 3776">
     <span class='ocr_line' id='line_1_26' title="bbox 66 3665 1654 3776; baseline -0.001 -23"><span class='ocrx_word' id='word_1_240' title='bbox 66 3728 69 3734; x_wconf 81' lang='lat'>·</span> <span class='ocrx_word' id='word_1_241' title='bbox 235 3668 422 3776; x_wconf 79' lang='lat' dir='ltr'>quaestio</span> <span class='ocrx_word' id='word_1_242' title='bbox 449 3669 509 3750; x_wconf 84' lang='lat' dir='ltr'>ita</span> <span class='ocrx_word' id='word_1_243' title='bbox 536 3666 729 3754; x_wconf 86' lang='lat' dir='ltr'>solvitur:</span> <span class='ocrx_word' id='word_1_244' title='bbox 769 3665 990 3752; x_wconf 80' lang='lat' dir='ltr'>Sciendum</span> <span class='ocrx_word' id='word_1_245' title='bbox 1029 3673 1093 3752; x_wconf 89' lang='lat' dir='ltr'>est</span> <span class='ocrx_word' id='word_1_246' title='bbox 1130 3695 1327 3776; x_wconf 88' lang='lat' dir='ltr'>namque,</span> <span class='ocrx_word' id='word_1_247' title='bbox 1355 3667 1453 3776; x_wconf 89' lang='lat' dir='ltr'>quia</span> <span class='ocrx_word' id='word_1_248' title='bbox 1480 3675 1543 3751; x_wconf 89' lang='lat' dir='ltr'>est</span> <span class='ocrx_word' id='word_1_249' title='bbox 1573 3668 1654 3751; x_wconf 89' lang='lat' dir='ltr'>alia</span> 
     </span>
    </p>
   </div>
   <div class='ocr_carea' id='block_1_16' title="bbox 210 3787 1653 3914">
    <p class='ocr_par' dir='ltr' id='par_1_16' title="bbox 210 3787 1653 3914">
     <span class='ocr_line' id='line_1_27' title="bbox 210 3787 1653 3914; baseline -0.003 -32"><span class='ocrx_word' id='word_1_250' title='bbox 210 3803 218 3914; x_wconf 63' lang='lat' dir='ltr'>J</span> <span class='ocrx_word' id='word_1_251' title='bbox 234 3787 506 3902; x_wconf 81' lang='lat' dir='ltr'>contumacia,</span> <span class='ocrx_word' id='word_1_252' title='bbox 535 3825 640 3905; x_wconf 87' lang='lat' dir='ltr'>quae</span> <span class='ocrx_word' id='word_1_253' title='bbox 668 3797 785 3880; x_wconf 84' lang='lat' dir='ltr'>nullo</span> <span class='ocrx_word' id='word_1_254' title='bbox 812 3796 936 3879; x_wconf 86' lang='lat' dir='ltr'>modo</span> <span class='ocrx_word' id='word_1_255' title='bbox 965 3823 1145 3906; x_wconf 87' lang='lat' dir='ltr'>unquam</span> <span class='ocrx_word' id='word_1_256' title='bbox 1177 3795 1266 3878; x_wconf 86' lang='lat' dir='ltr'>vult</span> <span class='ocrx_word' id='word_1_257' title='bbox 1293 3794 1579 3902; x_wconf 81' lang='lat' dir='ltr'>adquiescere,</span> <span class='ocrx_word' id='word_1_258' title='bbox 1609 3801 1653 3878; x_wconf 89' lang='lat' dir='ltr'>et</span> 
     </span>
    </p>
   </div>
   <div class='ocr_carea' id='block_1_17' title="bbox 162 3921 1812 4037">
    <p class='ocr_par' dir='ltr' id='par_1_17' title="bbox 162 3921 1812 4037">
     <span class='ocr_line' id='line_1_28' title="bbox 162 3921 1812 4037; baseline -0.002 -25"><span class='ocrx_word' id='word_1_259' title='bbox 162 3985 166 3992; x_wconf 80' lang='lat'>.</span> <span class='ocrx_word' id='word_1_260' title='bbox 234 3929 364 4012; x_wconf 88' lang='lat' dir='ltr'>altera</span> <span class='ocrx_word' id='word_1_261' title='bbox 393 3932 456 4011; x_wconf 88' lang='lat' dir='ltr'>est</span> <span class='ocrx_word' id='word_1_262' title='bbox 482 3928 764 4031; x_wconf 87' lang='lat' dir='ltr'>coutumacia,</span> <span class='ocrx_word' id='word_1_263' title='bbox 793 3955 898 4037; x_wconf 88' lang='lat' dir='ltr'>quae</span> <span class='ocrx_word' id='word_1_264' title='bbox 925 3926 962 4010; x_wconf 88' lang='lat' dir='ltr'>si</span> <span class='ocrx_word' id='word_1_265' title='bbox 989 3926 1042 4009; x_wconf 86' lang='lat' dir='ltr'>ad</span> <span class='ocrx_word' id='word_1_266' title='bbox 1071 3930 1234 4034; x_wconf 88' lang='lat' dir='ltr'>tempus</span> <span class='ocrx_word' id='word_1_267' title='bbox 1262 3931 1487 4010; x_wconf 80' lang='lat' dir='ltr'>contumax</span> <span class='ocrx_word' id='word_1_268' title='bbox 1513 3921 1656 4027; x_wconf 82' lang='lat' dir='ltr'>suerit,</span> <span class='ocrx_word' id='word_1_269' title='bbox 1807 3995 1812 4008; x_wconf 93' lang='lat'>.</span> 
     </span>
    </p>
   </div>
   <div class='ocr_carea' id='block_1_18' title="bbox 203 4045 1659 4306">
    <p class='ocr_par' dir='ltr' id='par_1_18' title="bbox 203 4045 1659 4306">
     <span class='ocr_line' id='line_1_29' title="bbox 209 4045 1659 4168; baseline -0.003 -24"><span class='ocrx_word' id='word_1_270' title='bbox 209 4045 263 4147; x_wconf 82' lang='lat' dir='ltr'>&#39;i.</span> <span class='ocrx_word' id='word_1_271' title='bbox 290 4065 325 4146; x_wconf 87' lang='lat' dir='ltr'>e&#39;.</span> <span class='ocrx_word' id='word_1_272' title='bbox 354 4057 389 4142; x_wconf 88' lang='lat' dir='ltr'>si</span> <span class='ocrx_word' id='word_1_273' title='bbox 417 4057 469 4141; x_wconf 89' lang='lat' dir='ltr'>ad</span> <span class='ocrx_word' id='word_1_274' title='bbox 498 4062 662 4168; x_wconf 86' lang='lat' dir='ltr'>tempus</span> <span class='ocrx_word' id='word_1_275' title='bbox 691 4059 870 4144; x_wconf 88' lang='lat' dir='ltr'>noluerit</span> <span class='ocrx_word' id='word_1_276' title='bbox 896 4057 1179 4166; x_wconf 80' lang='lat' dir='ltr'>adquiescere,</span> <span class='ocrx_word' id='word_1_277' title='bbox 1209 4063 1349 4141; x_wconf 87' lang='lat' dir='ltr'>tamen</span> <span class='ocrx_word' id='word_1_278' title='bbox 1382 4057 1659 4166; x_wconf 84' lang='lat' dir='ltr'>postmodum</span> 
     </span>
     <span class='ocr_line' id='line_1_30' title="bbox 203 4186 1653 4306; baseline -0.004 -30"><span class='ocrx_word' id='word_1_279' title='bbox 203 4190 452 4304; x_wconf 44' lang='lat' dir='ltr'>,poenitens</span> <span class='ocrx_word' id='word_1_280' title='bbox 480 4188 594 4291; x_wconf 86' lang='lat' dir='ltr'>dicit,</span> <span class='ocrx_word' id='word_1_281' title='bbox 621 4190 784 4276; x_wconf 79' lang='lat' dir='ltr'>seualle</span> <span class='ocrx_word' id='word_1_282' title='bbox 812 4191 1080 4306; x_wconf 71' lang='lat' dir='ltr'>acquiescere,</span> <span class='ocrx_word' id='word_1_283' title='bbox 1124 4186 1182 4272; x_wconf 90' lang='lat' dir='ltr'>Et</span> <span class='ocrx_word' id='word_1_284' title='bbox 1207 4195 1307 4273; x_wconf 91' lang='lat' dir='ltr'>tuuc</span> <span class='ocrx_word' id='word_1_285' title='bbox 1336 4187 1406 4273; x_wconf 88' lang='lat' dir='ltr'>ille</span> <span class='ocrx_word' id='word_1_286' title='bbox 1430 4195 1653 4274; x_wconf 88' lang='lat' dir='ltr'>contumax</span> 
     </span>
    </p>
   </div>
   <div class='ocr_carea' id='block_1_19' title="bbox 9 4315 1654 4566">
    <p class='ocr_par' dir='ltr' id='par_1_19' title="bbox 9 4315 1654 4566">
     <span class='ocr_line' id='line_1_31' title="bbox 93 4315 1654 4438; baseline -0.007 -25"><span class='ocrx_word' id='word_1_287' title='bbox 93 4375 98 4384; x_wconf 93' lang='lat'><strong>·</strong></span> <span class='ocrx_word' id='word_1_288' title='bbox 140 4381 145 4392; x_wconf 89' lang='lat'><strong>·</strong></span> <span class='ocrx_word' id='word_1_289' title='bbox 203 4315 216 4438; x_wconf 51' lang='lat' dir='ltr'>J</span> <span class='ocrx_word' id='word_1_290' title='bbox 233 4322 498 4436; x_wconf 82' lang='lat' dir='ltr'>expellendus</span> <span class='ocrx_word' id='word_1_291' title='bbox 538 4327 620 4425; x_wconf 88' lang='lat' dir='ltr'>est,</span> <span class='ocrx_word' id='word_1_292' title='bbox 649 4325 721 4434; x_wconf 90' lang='lat' dir='ltr'>qui</span> <span class='ocrx_word' id='word_1_293' title='bbox 756 4322 872 4408; x_wconf 91' lang='lat' dir='ltr'>nullo</span> <span class='ocrx_word' id='word_1_294' title='bbox 901 4321 1024 4406; x_wconf 89' lang='lat' dir='ltr'>modo</span> <span class='ocrx_word' id='word_1_295' title='bbox 1060 4319 1151 4405; x_wconf 81' lang='lat' dir='ltr'>vult</span> <span class='ocrx_word' id='word_1_296' title='bbox 1187 4321 1445 4430; x_wconf 83' lang='lat' dir='ltr'>acquiescere</span> <span class='ocrx_word' id='word_1_297' title='bbox 1484 4319 1654 4430; x_wconf 87' lang='lat' dir='ltr'>regulae</span> 
     </span>
     <span class='ocr_line' id='line_1_32' title="bbox 9 4447 1652 4566; baseline -0.007 -23"><span class='ocrx_word' id='word_1_298' title='bbox 9 4495 17 4512; x_wconf 88' lang='lat'><em>·</em></span> <span class='ocrx_word' id='word_1_299' title='bbox 169 4447 493 4566; x_wconf 75' lang='lat' dir='ltr'>.&#39;disciplinae;</span> <span class='ocrx_word' id='word_1_300' title='bbox 533 4461 595 4539; x_wconf 52' lang='lat' dir='ltr'>et,</span> <span class='ocrx_word' id='word_1_301' title='bbox 615 4454 685 4538; x_wconf 89' lang='lat' dir='ltr'>ille</span> <span class='ocrx_word' id='word_1_302' title='bbox 720 4461 943 4539; x_wconf 83' lang='lat' dir='ltr'>contumax</span> <span class='ocrx_word' id='word_1_303' title='bbox 980 4450 1264 4539; x_wconf 86' lang='lat' dir='ltr'>admonendus</span> <span class='ocrx_word' id='word_1_304' title='bbox 1303 4457 1388 4554; x_wconf 88' lang='lat' dir='ltr'>est,</span> <span class='ocrx_word' id='word_1_305' title='bbox 1418 4449 1490 4559; x_wconf 90' lang='lat' dir='ltr'>qui</span> <span class='ocrx_word' id='word_1_306' title='bbox 1526 4450 1561 4535; x_wconf 91' lang='lat' dir='ltr'>si</span> <span class='ocrx_word' id='word_1_307' title='bbox 1599 4449 1652 4533; x_wconf 82' lang='lat' dir='ltr'>ad</span> 
     </span>
    </p>
   </div>
   <div class='ocr_carea' id='block_1_20' title="bbox 206 4571 1653 4700">
    <p class='ocr_par' dir='ltr' id='par_1_20' title="bbox 206 4571 1653 4700">
     <span class='ocr_line' id='line_1_33' title="bbox 206 4571 1653 4700; baseline -0.004 -29"><span class='ocrx_word' id='word_1_308' title='bbox 206 4571 394 4700; x_wconf 57' lang='lat' dir='ltr'>⁸tempus</span> <span class='ocrx_word' id='word_1_309' title='bbox 423 4585 537 4688; x_wconf 89' lang='lat' dir='ltr'>dicit,</span> <span class='ocrx_word' id='word_1_310' title='bbox 565 4585 676 4671; x_wconf 90' lang='lat' dir='ltr'>nolle</span> <span class='ocrx_word' id='word_1_311' title='bbox 699 4579 905 4694; x_wconf 77' lang='lat' dir='ltr'>suscipere</span> <span class='ocrx_word' id='word_1_312' title='bbox 926 4583 1200 4694; x_wconf 85' lang='lat' dir='ltr'>disciplinam,</span> <span class='ocrx_word' id='word_1_313' title='bbox 1228 4582 1487 4692; x_wconf 87' lang='lat' dir='ltr'>postmodum</span> <span class='ocrx_word' id='word_1_314' title='bbox 1509 4582 1653 4692; x_wconf 91' lang='lat' dir='ltr'>poeni·</span> 
     </span>
    </p>
   </div>
   <div class='ocr_carea' id='block_1_21' title="bbox 203 4713 1776 4828">
    <p class='ocr_par' dir='ltr' id='par_1_21' title="bbox 203 4713 1776 4828">
     <span class='ocr_line' id='line_1_34' title="bbox 203 4713 1776 4828; baseline -0.004 -26"><span class='ocrx_word' id='word_1_315' title='bbox 203 4721 324 4802; x_wconf 75' lang='lat' dir='ltr'>&#39;tens</span> <span class='ocrx_word' id='word_1_316' title='bbox 353 4717 464 4818; x_wconf 88' lang='lat' dir='ltr'>dicit,</span> <span class='ocrx_word' id='word_1_317' title='bbox 494 4746 537 4801; x_wconf 87' lang='lat' dir='ltr'>se</span> <span class='ocrx_word' id='word_1_318' title='bbox 567 4718 671 4801; x_wconf 86' lang='lat' dir='ltr'>velle</span> <span class='ocrx_word' id='word_1_319' title='bbox 693 4719 912 4828; x_wconf 89' lang='lat' dir='ltr'>suscipere.</span> <span class='ocrx_word' id='word_1_320' title='bbox 955 4715 1174 4801; x_wconf 85' lang='lat' dir='ltr'>Sciendum</span> <span class='ocrx_word' id='word_1_321' title='bbox 1197 4722 1260 4801; x_wconf 86' lang='lat' dir='ltr'>est</span> <span class='ocrx_word' id='word_1_322' title='bbox 1281 4715 1404 4817; x_wconf 91' lang='lat' dir='ltr'>euim,</span> <span class='ocrx_word' id='word_1_323' title='bbox 1434 4713 1531 4823; x_wconf 89' lang='lat' dir='ltr'>quia</span> <span class='ocrx_word' id='word_1_324' title='bbox 1552 4741 1652 4800; x_wconf 89' lang='lat' dir='ltr'>con·</span> <span class='ocrx_word' id='word_1_325' title='bbox 1772 4775 1776 4782; x_wconf 76' lang='grc'>.</span> 
     </span>
    </p>
   </div>
   <div class='ocr_carea' id='block_1_22' title="bbox 194 4846 1738 5090">
    <p class='ocr_par' dir='ltr' id='par_1_22' title="bbox 194 4846 1738 5090">
     <span class='ocr_line' id='line_1_35' title="bbox 199 4846 1738 4966; baseline -0.006 -32"><span class='ocrx_word' id='word_1_326' title='bbox 199 4849 411 4966; x_wconf 67' lang='lat' dir='ltr'>f&#39;turnacia</span> <span class='ocrx_word' id='word_1_327' title='bbox 447 4847 617 4932; x_wconf 82' lang='lat' dir='ltr'>dirersis</span> <span class='ocrx_word' id='word_1_328' title='bbox 656 4847 787 4939; x_wconf 90' lang='lat' dir='ltr'>modis</span> <span class='ocrx_word' id='word_1_329' title='bbox 824 4849 896 4949; x_wconf 82' lang='lat' dir='ltr'>fit,</span> <span class='ocrx_word' id='word_1_330' title='bbox 936 4847 1123 4958; x_wconf 81' lang='lat' dir='ltr'>quamvis</span> <span class='ocrx_word' id='word_1_331' title='bbox 1160 4849 1213 4932; x_wconf 91' lang='lat' dir='ltr'>ad</span> <span class='ocrx_word' id='word_1_332' title='bbox 1252 4846 1347 4932; x_wconf 90' lang='lat' dir='ltr'>illos</span> <span class='ocrx_word' id='word_1_333' title='bbox 1383 4847 1509 4948; x_wconf 88' lang='lat' dir='ltr'>duos,</span> <span class='ocrx_word' id='word_1_334' title='bbox 1548 4874 1652 4958; x_wconf 90' lang='lat' dir='ltr'>quos</span> <span class='ocrx_word' id='word_1_335' title='bbox 1733 4925 1738 4936; x_wconf 76' lang='grc'>,</span> 
     </span>
     <span class='ocr_line' id='line_1_36' title="bbox 194 4977 1720 5090; baseline -0.002 -25"><span class='ocrx_word' id='word_1_336' title='bbox 194 4985 208 5079; x_wconf 68' lang='lat' dir='ltr'><em>j</em></span> <span class='ocrx_word' id='word_1_337' title='bbox 231 4979 419 5090; x_wconf 87' lang='lat' dir='ltr'>superius</span> <span class='ocrx_word' id='word_1_338' title='bbox 447 4977 638 5083; x_wconf 87' lang='lat' dir='ltr'>diximus,</span> <span class='ocrx_word' id='word_1_339' title='bbox 668 4979 769 5062; x_wconf 85' lang='lat' dir='ltr'>fines</span> <span class='ocrx_word' id='word_1_340' title='bbox 797 4980 923 5064; x_wconf 76' lang='lat' dir='ltr'>venit.</span> <span class='ocrx_word' id='word_1_341' title='bbox 967 4977 1021 5066; x_wconf 89' lang='lat' dir='ltr'>V.</span> <span class='ocrx_word' id='word_1_342' title='bbox 1049 5007 1115 5088; x_wconf 87' lang='lat' dir='ltr'>gr.</span> <span class='ocrx_word' id='word_1_343' title='bbox 1142 4982 1242 5060; x_wconf 88' lang='lat' dir='ltr'>sunt</span> <span class='ocrx_word' id='word_1_344' title='bbox 1269 4977 1451 5087; x_wconf 87' lang='lat' dir='ltr'>quinque</span> <span class='ocrx_word' id='word_1_345' title='bbox 1479 4978 1649 5064; x_wconf 87' lang='lat' dir='ltr'>fratres:</span> <span class='ocrx_word' id='word_1_346' title='bbox 1715 5000 1720 5010; x_wconf 89' lang='lat'><em>·</em></span> 
     </span>
    </p>
   </div>
   <div class='ocr_carea' id='block_1_23' title="bbox 51 5107 1651 5224">
    <p class='ocr_par' dir='ltr' id='par_1_23' title="bbox 51 5107 1651 5224">
     <span class='ocr_line' id='line_1_37' title="bbox 51 5107 1651 5224; baseline -0.004 -30"><span class='ocrx_word' id='word_1_347' title='bbox 51 5213 56 5224; x_wconf 20' lang='grc' dir='ltr'>ὓ</span> <span class='ocrx_word' id='word_1_348' title='bbox 231 5139 337 5194; x_wconf 88' lang='lat' dir='ltr'>unus</span> <span class='ocrx_word' id='word_1_349' title='bbox 367 5107 546 5219; x_wconf 87' lang='lat' dir='ltr'>quidem,</span> <span class='ocrx_word' id='word_1_350' title='bbox 575 5109 673 5220; x_wconf 89' lang='lat' dir='ltr'>quia</span> <span class='ocrx_word' id='word_1_351' title='bbox 694 5109 881 5220; x_wconf 79' lang='lat' dir='ltr'>peccarit·</span> <span class='ocrx_word' id='word_1_352' title='bbox 905 5113 1073 5216; x_wconf 84' lang='lat' dir='ltr'>secrete,</span> <span class='ocrx_word' id='word_1_353' title='bbox 1102 5136 1196 5192; x_wconf 89' lang='lat' dir='ltr'>cum</span> <span class='ocrx_word' id='word_1_354' title='bbox 1215 5114 1371 5193; x_wconf 86' lang='lat' dir='ltr'>secrete</span> <span class='ocrx_word' id='word_1_355' title='bbox 1394 5108 1651 5208; x_wconf 83' lang='lat' dir='ltr'>admonetur,</span> 
     </span>
    </p>
   </div>
   <div class='ocr_carea' id='block_1_24' title="bbox 185 5235 1651 5345">
    <p class='ocr_par' dir='ltr' id='par_1_24' title="bbox 185 5235 1651 5345">
     <span class='ocr_line' id='line_1_38' title="bbox 185 5235 1651 5345; baseline -0.003 -23"><span class='ocrx_word' id='word_1_356' title='bbox 185 5235 188 5241; x_wconf 79' lang='grc'><strong>’</strong></span> <span class='ocrx_word' id='word_1_357' title='bbox 230 5241 353 5324; x_wconf 83' lang='lat' dir='ltr'>dicit:</span> <span class='ocrx_word' id='word_1_358' title='bbox 393 5263 474 5323; x_wconf 88' lang='grc' dir='ltr'>ιιοιι</span> <span class='ocrx_word' id='word_1_359' title='bbox 502 5237 602 5323; x_wconf 83' lang='grc' dir='ltr'>ιιιιἹιιΙ</span> <span class='ocrx_word' id='word_1_360' title='bbox 630 5262 751 5322; x_wconf 81' lang='lat' dir='ltr'>arrae</span> <span class='ocrx_word' id='word_1_361' title='bbox 777 5244 859 5340; x_wconf 85' lang='lat' dir='ltr'>est,</span> <span class='ocrx_word' id='word_1_362' title='bbox 887 5239 995 5344; x_wconf 85' lang='lat' dir='ltr'>qaod</span> <span class='ocrx_word' id='word_1_363' title='bbox 1028 5239 1155 5340; x_wconf 82' lang='lat' dir='ltr'>dicis,</span> <span class='ocrx_word' id='word_1_364' title='bbox 1182 5237 1279 5345; x_wconf 82' lang='lat' dir='ltr'>qaia</span> <span class='ocrx_word' id='word_1_365' title='bbox 1316 5235 1410 5322; x_wconf 80' lang='lat' dir='ltr'>uolo</span> <span class='ocrx_word' id='word_1_366' title='bbox 1446 5237 1651 5340; x_wconf 76' lang='lat' dir='ltr'>acccipere</span> 
     </span>
    </p>
   </div>
   <div class='ocr_carea' id='block_1_25' title="bbox 0 0 2006 5792">
    <p class='ocr_par' dir='ltr' id='par_1_25' title="bbox 0 0 2006 5792">
     <span class='ocr_line' id='line_1_39' title="bbox 0 0 2006 5792; baseline 0 2"><span class='ocrx_word' id='word_1_367' title='bbox 0 0 2006 5792; x_wconf 95' lang='lat' dir='ltr'> </span> 
     </span>
    </p>
   </div>
  </div>
 </body>
</html>
