4334 5750
931 241 1102 335 Caulv.
1274 257 1277 260 ’
1481 329 1483 356 Ι
1670 252 1745 335 149
1797 297 1813 320 a

327 465 488 555 recidero
517 461 679 546 Caesari
717 487 884 544 ccusuur
922 487 974 545 un
1013 465 1130 544 riori?
1174 462 1270 571 quia
1297 458 1501 572 pharisaei
1531 465 1742 550 dicebant:
1856 473 1859 480 ’

332 626 410 682 uou
443 594 550 696 licet,
583 591 806 676 Herodiaui
837 589 1049 675 dicebaut:
1092 589 1199 676 licet.
1257 589 1344 677 Neo
1371 593 1432 677 illi
1460 600 1577 682 erant
1605 593 1744 681 Chris·
1777 601 1783 610 '

227 773 229 778 ·
330 727 441 829 turni,
472 754 545 809 uec
576 721 813 807 Heracliani.
871 721 991 807 Jesus
1020 724 1157 805 autem
1187 720 1293 806 dixit
1320 724 1396 808 eis:
1429 709 1612 829 Reddite,
1642 753 1745 833 qaae

328 864 419 942 sum
453 854 655 954 Caesaris,
691 852 880 957 Caesari,
910 858 946 937 cl
973 877 1075 959 arrae
1103 849 1204 954 Dei,
1245 851 1346 952 lico,
1376 857 1485 940 acsi
1516 857 1670 942 diceret
1697 858 1739 960 iu

324 993 398 1074 hoc
440 1015 574 1091 seusu,
604 1013 696 1070 ocum
722 984 842 1069 dicit:
872 983 1060 1082 Reddite,
1092 1011 1196 1093 quae
1219 981 1400 1069 Caesaris
1434 993 1543 1089 suut,
1566 983 1740 1097 Caesari,

326 1121 350 1208 i.
379 1149 414 1206 e.
443 1117 614 1220 reddite,
644 1145 748 1229 quae
777 1116 958 1226 eorporis
986 1120 1097 1216 sunt,
1125 1115 1298 1226 corpori,
1328 1120 1371 1200 et
1396 1146 1500 1228 quae
1520 1117 1609 1223 Dei,
1639 1118 1739 1222 Deo,

323 1251 349 1338 i.
380 1278 411 1334 e.
438 1276 546 1358 quae
575 1249 735 1332 animae
763 1253 874 1351 snut,
903 1245 1075 1334 auiurae.

333 1435 339 1448 ·
430 1377 643 1488 Sequitur:
674 1377 859 1466 Delicias
880 1405 959 1464 scau
982 1376 1178 1482 arrmlecli.
1236 1375 1343 1463 Vide
1368 1379 1503 1483 merda,
1533 1381 1736 1492 quianon

320 1511 438 1597 dixit:
483 1509 652 1596 delicias
679 1536 756 1596 aaa
787 1513 1045 1609 erearedacurc,
1074 1507 1144 1592 sed
1173 1534 1253 1593 recu
1281 1505 1488 1614 acurrlccli,
1530 1512 1557 1600 i.
1587 1542 1621 1600 e.
1650 1541 1737 1599 uou

319 1671 473 1741 animm
516 1641 550 1726 si
590 1642 700 1727 euim
741 1641 842 1728 milri
882 1641 1051 1728 deliciae
1092 1639 1305 1748 apposItue
1348 1639 1527 1748 fuerint,
1572 1673 1735 1753 possum
1868 1667 1869 1670 ‘
1987 1626 1990 1634 ’
2030 1710 2039 1728 .

324 1773 568 1857 ruauducare
596 1801 718 1856 cuasa
746 1771 1040 1883 hospitalitatis
1070 1770 1135 1853 vel
1164 1770 1418 1855 necessitatis
1447 1777 1622 1878 tautum,
1652 1779 1679 1862 i.
1700 1808 1734 1865 c.

318 1931 398 1986 uon
425 1931 546 1986 causa
566 1903 863 2004 delectationis,
892 1930 941 1986 co
965 1900 1074 2009 quod
1097 1929 1183 1985 uon
1204 1899 1334 1987 debeo
1357 1901 1448 1988 illus
1473 1907 1732 1998 manducare.

195 2095 198 2102 .
318 2033 607 2118 Verumtamen
636 2037 679 2118 et
718 2063 811 2120 cnm
852 2009 1052 2116 manduco
1092 2058 1214 2116 causa
1254 2033 1528 2140 necessitatis,
1570 2039 1735 2147 quenti·

317 2169 441 2256 tutem
473 2165 572 2251 inibi
602 2166 732 2272 debeo
761 2192 942 2274 servare,
985 2191 1022 2248 v.
1052 2191 1115 2275 gr.
1157 2157 1192 2247 si
1222 2162 1371 2248 decem.
1390 2166 1492 2252 mihi
1522 2167 1734 2280 pulmenta

314 2296 501 2406 apposita
531 2295 696 2402 fuerint,
727 2301 890 2384 tacitum
915 2295 1047 2380 ‘debeo
1077 2293 1325 2381 manducare
1345 2296 1395 2381 de
1419 2299 1572 2403 decem,
1600 2329 1732 2410 qnan-
1869 2383 1872 2388 ,
1987 2387 1992 2399 ,

314 2433 398 2511 tum
429 2456 478 2511 cx
507 2428 680 2516 duobus.
737 2427 794 2514 Et
821 2428 900 2514 hoo
928 2426 1135 2516 sciendum
1177 2433 1259 2531 est,
1301 2429 1398 2541 quia
1432 2457 1517 2514 uou
1547 2436 1610 2515 est
1637 2460 1730 2542 pec·

313 2563 446 2642 cutum
477 2558 519 2642 iu
548 2560 665 2662 cibo,
706 2559 776 2645 sed
806 2559 849 2642 in
879 2557 1103 2659 desiderio;
1144 2587 1237 2645 nam
1281 2561 1399 2646 multi
1429 2561 1616 2663 luerunt,
1658 2564 1729 2672 qui
1889 2621 1898 2637 ·

231 2747 235 2758 ·
311 2691 566 2776 solummodo
596 2691 716 2775 vilem
747 2690 884 2776 cibum
913 2690 1249 2800 coricupiscentes
1278 2699 1561 2800 peccaverunt,
1579 2693 1726 2779 'veluti
1762 2785 1770 2800 ,

314 2823 474 2905 scierunt
493 2821 567 2906 tilii
586 2819 712 2906 Israel
728 2822 771 2904 iu
785 2821 960 2926 deserto,
982 2820 1053 2930 qui
1067 2821 1510 2932 concupieruutcepas,
1534 2813 1769 2935 pepones,²·

312 2952 335 3034 i.
366 2982 399 3039 e.
430 2953 610 3038 melones
640 2959 682 3036 ct
712 2953 848 3062 reliq.;
890 2951 1109 3036 etiterum
1141 2952 1310 3037 fuerunt
1336 2952 1428 3059 ulii,
1457 2955 1529 3064 qui
1557 2941 1735 3042 caruem

310 3083 593 3168 rrranducuudo
624 3112 706 3167 nou
747 3086 1041 3192 peccaverunt,
1084 3081 1210 3166 ueluti
1249 3083 1328 3167 suit
1360 3081 1469 3166 Elias
1507 3083 1721 3194 propheta,
1801 3073 1806 3083 ⁸
1860 3193 1861 3196 ,

309 3212 372 3296 cui
400 3215 510 3299 corvi
543 3214 839 3298 ministrabant
866 3238 1007 3296 corrues
1035 3238 1202 3322 vespero
1231 3217 1273 3296 ot
1301 3241 1433 3297 mauu

413 3344 630 3454 Sequitur:
650 3343 1031 3452 Jejeraiuruauraro.
1072 3342 1720 3451 Beuedixitzlcjaeeiuacaurarc,

306 3483 347 3560 et
376 3506 455 3562 uou
476 3477 691 3585 jcjruecr·c,·
726 3481 825 3564 surrt
852 3475 962 3559 euim
993 3471 1126 3577 multi,
1167 3472 1238 3582 qui
1262 3473 1468 3582 jejunant,
1496 3483 1538 3560 et
1566 3479 1718 3581 tamen,

305 3607 399 3718 quio
440 3636 522 3694 uon
561 3611 727 3712 aurunt,
767 3635 850 3692 nou
882 3603 1095 3715 jejunant3
1137 3615 1179 3687 et
1218 3601 1337 3686 multi
1374 3610 1492 3707 suut,
1534 3604 1717 3716 quinon

220 3810 224 3818 .
298 3737 499 3845 jejunant,
529 3744 682 3842 tamem
710 3736 806 3850 quia
832 3744 986 3841 acuant,
1020 3736 1234 3847 Jejumnu
1266 3734 1378 3820 verbi
1407 3735 1542 3848 gratia
1576 3736 1612 3822 si
1640 3766 1717 3849 pro

303 3866 461 3980 hospite
490 3899 571 3957 uou
598 3869 742 3982 jejuno
773 3874 815 3955 et
843 3896 936 3955 amo
972 3868 1181 3980 jejunare,
1221 3895 1297 3977 pro
1334 3866 1494 3979 jejunio
1523 3870 1715 3980 punitum

302 4001 532 4104 etiterum,
561 4005 595 4089 si
626 4003 755 4090 invite
779 4003 1034 4115 jejunavero,
1073 4004 1224 4104 tamem
1254 3999 1351 4111 quia
1380 4025 1465 4084 uon
1492 4029 1598 4105 amo,
1629 4029 1712 4088 nou

299 4129 453 4241 jejuno.
514 4133 583 4220 Bt
624 4135 702 4222 hoc
742 4133 970 4222 notandam
1013 4138 1092 4236 est,
1142 4131 1238 4243 quia
1274 4130 1373 4234 hoo,
1417 4132 1526 4242 quod
1565 4133 1716 4220 dicitur

290 4260 490 4364 jejuniam
528 4291 688 4368 aerearc,
733 4293 816 4350 uun
845 4270 908 4350 est
934 4265 1184 4350 contrarium
1213 4262 1273 4349 illi
1301 4261 1547 4366 sententiae,
1589 4293 1710 4374 quam

298 4393 479 4501 superius
508 4396 633 4505 dixit,
669 4403 735 4499 ut,
777 4423 868 4482 cum
899 4423 975 4506 pro
1003 4395 1167 4508 hospite
1194 4397 1284 4509 quis
1312 4395 1486 4481 dimittit
1507 4395 1709 4507 jejunium

298 4519 339 4604 iu
368 4525 565 4638 anteriore
595 4525 783 4632 homine,
823 4527 883 4612 ita
912 4527 1033 4613 etiam
1074 4527 1118 4612 in
1146 4527 1291 4630 corde;
1330 4525 1427 4640 quia
1464 4527 1497 4612 si
1536 4526 1711 4615 dimittit
1834 4583 1839 4598 ·

297 4659 463 4765 proptor
489 4655 754 4762 charitatem,
796 4663 934 4744 tornea
964 4657 1087 4744 debet
1113 4685 1251 4744 amare
1288 4662 1458 4770 proptor
1485 4656 1562 4744 hoc
1592 4685 1709 4770 pruc-

300 4789 474 4894 ceptum.
535 4787 648 4874 Dicit
675 4789 784 4874 euim
815 4787 1060 4902 Isidorusz¹)
1099 4787 1294 4902 laeseram
1321 4792 1445 4874 arcae
1461 4788 1706 4898 intestinum,

300 4915 403 5000 aude
437 4921 475 5017 cl
494 4916 683 5025 jejunam
712 4920 874 5009 dicitur.
931 4919 1134 5007 Intestina
1160 4919 1368 5023 daaular,
1406 4921 1583 5027 ecquod
1619 4941 1707 5008 cor·

298 5105 353 5118 m·-
368 5111 374 5118 .
388 5111 554 5123 ...ι-...μω

306 5275 323 5312 Ι,
379 5200 406 5292 ¹)
429 5199 634 5294 Etymolog.
657 5201 722 5276 lib.
746 5199 809 5277 XI.
832 5223 928 5280 num.
954 5203 1028 5277 131.
1054 5203 1129 5276 129.
1208 5309 1211 5318 .
