3994 5770
893 196 980 290 Cup.
1005 199 1065 274 lv.
1317 303 1321 312 Ι
1387 274 1394 286 ⁶
1609 210 1685 294 133

264 422 306 502 et
342 417 526 528 gladios,
568 416 640 502 alii
677 418 811 502 claves
854 422 897 503 et
934 423 1095 504 caetera
1134 420 1215 505 alia
1252 420 1424 508 diversa.
1484 423 1539 534 Et
1580 407 1717 536 bene]
1739 367 1771 491 ll
1792 379 1838 492 ,Β
1950 517 1952 521 ‚

111 655 114 660 Ι
262 547 379 648 dixit,
409 547 588 633 claustra
605 549 636 658 ¹)
667 551 906 636 uronastcrii
935 579 1022 635 esse
1051 549 1231 652 officina,
1261 553 1358 660 quia
1381 553 1488 638 sicut
1514 556 1557 638 iu
1587 557 1682 638 olii·
1849 582 1852 590 ·

260 682 364 768 ciuis
391 680 575 766 diversae
591 685 701 764 artes
723 679 933 765 adiversis
950 681 1173 792 magistris,
1201 687 1250 766 ut
1266 682 1454 790 diximus,
1484 693 1681 798 aguntur,

260 815 319 898 ita
357 817 400 895 et
426 811 469 896 iu
498 811 745 896 monasterio
788 811 970 898 diversae
999 813 1261 922 operationes
1299 817 1340 898 in
1370 815 1549 928 singulis
1578 819 1679 904 locis
1833 813 1837 822 ’

261 943 390 1042 liunt,
409 940 435 1029 i.
465 971 500 1026 e.
531 941 721 1026 cornelii
749 942 907 1050 legunt,
935 943 1006 1027 elii
1035 947 1222 1045 cautant,
1252 944 1321 1028 alii
1351 957 1575 1057 operantur
1603 950 1678 1034 oli·
1746 945 1749 950 ’
1902 977 1905 984 ·

200 1076 201 1080 ‘
260 1071 357 1182 quid
399 1071 609 1172 munibus,
641 1070 719 1158 ,alii
763 1072 956 1158 laborant
999 1076 1042 1158 iu
1084 1075 1286 1184 coquina,
1328 1079 1372 1159 et
1412 1085 1575 1164 caetera
1614 1080 1678 1163 lris

262 1195 421 1291 similia.
471 1204 666 1290 Clauso-a·
693 1205 802 1288 euim
832 1212 894 1290 est
923 1205 1111 1290 feminini
1141 1206 1305 1316 generis
1334 1210 1376 1289 et
1405 1211 1564 1295 numeri
1593 1211 1677 1295 siu-

260 1336 439 1448 gularis;
481 1337 696 1422 cilicinum
739 1365 837 1422 vere
878 1345 953 1442 est,
993 1336 1064 1421 ubi
1094 1338 1262 1447 aliquod
1292 1367 1395 1448 opus
1424 1341 1499 1425 Dei
1536 1345 1677 1453 agitur
1835 1391 1836 1396 Ν
1878 1425 1881 1432 ,
1956 1387 1960 1394 ·

260 1469 322 1552 vel
349 1468 524 1555 artificia
563 1469 701 1578 aliqua
729 1475 967 1580 operantur.
1025 1467 1080 1553 lit
1118 1470 1221 1556 beue
1262 1471 1367 1556 dixit
1402 1473 1605 1560 stabilitus
1632 1479 1674 1560 iu
1836 1495 1843 1506 '

259 1603 572 1712 coerprupctioua,
603 1599 701 1712 quia
729 1599 828 1685 haee
857 1599 998 1686 omnia
1027 1601 1202 1687 artificia
1233 1632 1316 1688 nou
1345 1609 1520 1715 possunt
1538 1634 1674 1717 ogere,

257 1733 337 1818 nisi
371 1734 528 1819 fuerint
569 1735 609 1818 iu
652 1736 988 1844 congregatione.
1047 1733 1172 1822 Forte
1214 1737 1316 1820 dicit
1356 1737 1527 1847 aliquis:
1566 1739 1674 1824 Volo

258 1863 356 1950 haec
372 1894 493 1977 agere
515 1867 775 1978 aliqualoris.
816 1867 1161 1978 ltespoudendum
1180 1871 1243 1952 est
1259 1868 1342 1956 illi:
1375 1869 1486 1956 Nou.
1510 1875 1673 1968 tiuare?

256 1997 359 2096 Quia
372 1998 414 2082 S.
430 1998 678 2085 Benedictus
694 1999 817 2084 dicit:
845 2000 916 2084 ubi
931 1999 1033 2086 haee
1053 2002 1192 2087 omniu
1206 2001 1430 2114 diligenter
1445 2031 1670 2115 operemur,
1714 2067 1717 2075 Δ
1740 2008 1744 2018 ’

254 2127 433 2212 elaeone
473 2139 566 2215 suaet
604 2131 840 2216 urorraslcrii
878 2137 915 2218 et
953 2131 1157 2218 stabilitae
1195 2133 1240 2219 iu
1281 2135 1602 2244 carpunt-tona
1630 2144 1672 2220 et
1758 2149 1760 2156 ’

252 2254 344 2343 ide'o
373 2258 472 2344 talio
500 2261 654 2347 debent
683 2264 769 2350 fieri
798 2261 975 2348 claustra
1005 2264 1301 2375 monasteriil)
1332 2263 1401 2347 ubi
1432 2263 1535 2366 istu,
1563 2294 1669 2375 qaue

252 2389 456 2493 diximus,
482 2393 570 2477 sine
610 2394 823 2480 decurione
863 2392 1022 2502 peccati
1064 2394 1153 2479 lieri
1191 2400 1376 2506 possunt.
1437 2393 1544 2479 Nem
1572 2401 1669 2480 suut

253 2523 374 2607 multi
416 2525 550 2608 suiuus
590 2524 871 2634 intelligentes
912 2525 1169 2610 occasionem
1198 2527 1368 2636 peceati,
1409 2529 1481 2608 aut
1510 2533 1668 2611 arctam

86 2709 90 2720 ·
171 2643 174 2650 ’
252 2654 472 2739 claustram
502 2655 659 2742 fuciunt
687 2657 837 2758 miuus,
867 2683 987 2764 quam
1019 2657 1183 2759 debent,
1213 2661 1286 2740 aut
1314 2661 1424 2741 certe
1454 2657 1664 2766 mojorem,
1811 2657 1813 2662 ’

249 2813 374 2895 quam
404 2792 592 2896 oportet:
625 2787 696 2871 sed
725 2787 848 2871 taleni
879 2785 1003 2871 debet
1024 2787 1154 2871 abbas
1178 2785 1426 2872 constituere
1445 2788 1666 2872 elurrstram

248 2921 291 3004 et
333 2917 390 3002 sie
426 2917 669 3028 grandem,
690 2917 759 3000 ubi
804 2947 873 3017 eu,
903 2946 1009 3028 quac
1038 2918 1262 3004 morraclrus
1291 2916 1415 3001 debet
1443 2945 1591 3028 agere,
1620 2919 1662 3002 in
1849 3031 1852 3038 ⁴

247 3047 427 3132 claustra
455 3047 689 3133 monasterii
719 3055 924 3158 operetur,
953 3048 1025 3133 ubi
1055 3050 1178 3134 debet
1207 3076 1403 3134 consuere
1433 3050 1496 3133 vel
1528 3051 1665 3135 laesere
1804 3101 1809 3111 ·

249 3205 407 3288 pannos
435 3183 508 3263 aut
535 3161 703 3264 lectioni
733 3206 898 3282 vacare,
929 3185 1003 3264 aut
1030 3179 1175 3264 domus
1204 3208 1291 3263 esse
1320 3179 1593 3282 infirmorum,
1623 3185 1665 3264 et
1790 3201 1793 3210 ’

249 3313 409 3393 caetera
437 3307 500 3393 luis
529 3309 698 3407 riutilio,
728 3307 886 3418 quiesi
917 3309 1201 3420 majorluerit,
1230 3337 1353 3420 quem
1374 3313 1551 3420 oportet,
1571 3337 1662 3393 cum

249 3436 529 3538 vadit'lrater,
560 3437 719 3524 iuveuit
747 3437 897 3524 laicum
922 3445 995 3524 eut
1022 3444 1274 3547 extraneum,
1305 3467 1397 3526 cum
1426 3467 1509 3549 quo
1532 3438 1665 3549 loqui·
1901 3541 1904 3548 Δ

246 3574 334 3666 tur,
376 3573 451 3653 aut
491 3569 645 3682 aliquid
686 3569 758 3653 dat
794 3574 868 3654 aut
906 3571 1058 3681 accipit
1085 3571 1173 3656 siue
1208 3571 1376 3656 licentia
1403 3569 1576 3671 abbatis,
1621 3577 1663 3654 et
1720 3679 1724 3688 Ι
1801 3602 1818 3688 j
1863 3605 1865 3609 ·
1918 3625 1921 3634 Δ

245 3699 456 3783 invenitur
491 3702 648 3785 occasio
685 3700 896 3812 peccandi.
953 3701 1153 3787 Similiter
1181 3702 1215 3787 si
1244 3706 1358 3786 uretu
1388 3700 1532 3806 fuerit,
1570 3699 1596 3784 i.
1627 3731 1659 3784 e.
1705 3715 1732 3734 '‘

247 3857 376 3938 parve
403 3858 479 3940 pro
508 3829 752 3916 necessitate
780 3831 936 3944 aliquid
964 3831 1136 3944 agendi,
1166 3839 1263 3916 tune
1294 3833 1394 3917 l'ucit
1430 3838 1691 3942 transgres··
1790 3873 1792 3880 1

243 3959 399 4044 sionern
423 3959 617 4061 exiend03
647 3989 742 4046 uram
773 3969 888 4046 ortus
903 3963 938 4070 ³)
967 3989 1051 4045 uon
1083 3967 1145 4046 est
1172 3961 1216 4046 iu
1245 3962 1436 4066 cleustm,
1465 3963 1507 4047 iu
1537 3989 1659 4072 qnam
1726 3985 1728 3992 ’
1764 4033 1773 4057 ,

190 4135 193 4143 ·
242 4090 380 4175 nullus
418 4090 541 4176 debet
568 4090 749 4191 intrare,
793 4089 995 4193 uisi‘ille,
1026 4089 1092 4176 eui
1121 4094 1382 4178 commissum
1420 4095 1495 4178 est.
1531 4087 1655 4174 'Num

241 4217 311 4305 ille
349 4220 478 4307 abbas
519 4220 641 4306 debet
680 4221 930 4308 constituere
970 4222 1190 4307 claustram
1220 4223 1281 4309 ite
1309 4229 1474 4334 aptam,
1502 4219 1546 4304 iu
1575 4247 1656 4328 qua

241 4350 371 4461 possit
412 4381 497 4437 esso
537 4352 739 4437 stabilitus
768 4353 809 4437 in
849 4353 1171 4464 congregatione
1212 4357 1255 4438 et
1283 4351 1513 4462 vagationis
1543 4349 1656 4434 nulla
1697 4363 1707 4385 '

170 4583 173 4594 ¹
239 4509 324 4602 cere
353 4481 524 4570 occasio.
583 4479 738 4568 Dicunt
775 4485 884 4569 euim
915 4481 1048 4588 multi,
1089 4484 1185 4596 quia
1213 4487 1391 4570 claustra
1418 4477 1655 4566 monasterii

239 4597 402 4698 eentum
434 4614 558 4724 pedes
587 4614 712 4699 debet
739 4615 890 4700 habero
918 4613 962 4699 in
990 4613 1105 4699 omni
1121 4618 1253 4724 parte,
1280 4615 1414 4698 minus
1433 4639 1528 4710 non,
1558 4610 1656 4722 quia

238 4742 365 4854 parra
392 4749 481 4846 θεὲ)
509 4745 543 4830 si
571 4749 708 4831 autem
741 4745 839 4831 uelis
869 4745 973 4857 plus,
1005 4750 1142 4856 potest
1169 4743 1271 4834 fieri.
1328 4743 1519 4862 Claustra
1542 4741 1652 4825 enim
1766 4757 1769 4762 “
1840 4785 1844 4798 ·

325 5051 354 5140 ι)
375 4985 570 5144 claustram
592 5039 656 5142 (lt
1198 5073 1205 5098 ι
1507 5101 1511 5108 ,

268 5199 270 5204 ·
324 5163 352 5253 ²)
373 5155 473 5233 Talis
495 5159 602 5234 debet
625 5157 701 5233 lieri
724 5157 883 5234 claustra
906 5161 966 5253 (t).
1010 5160 1038 5251 1)
1060 5157 1194 5231 hortun
1362 5157 1366 5164 '
