4334 5750
922 217 1007 312 Cap.
1032 219 1098 292 111.
1457 327 1465 396 κ
1683 232 1761 320 133

346 451 561 561 propterea
601 439 877 549 cogitavimus
917 436 1026 524 istud
1068 445 1266 526 :rostram
1338 444 1490 542 Quodsi
1529 475 1613 532 uon
1652 449 1760 535 forte
1817 475 1821 482 ·

344 574 540 690 placuerit
577 570 793 674 iratribus,
838 578 937 657 tarro
978 571 1101 658 debet
1141 572 1304 658 illorum
1348 575 1518 660 corasitia
1560 583 1602 661 et
1639 607 1756 665 suum

342 703 551 794 consilium
583 701 792 786 discutere
819 731 910 786 cum
940 704 1221 815 congruentiis
1250 709 1293 787 et
1315 679 1687 841 coutrapictatibus,
1715 715 1758 794 ct

340 836 475 945 quale·
507 831 892 944 praeponderaverit
939 833 982 917 in
1029 831 1192 934 melius,
1244 833 1375 942 ipsum
1408 835 1572 947 'teneat
1638 839 1753 924 Istud

340 967 468 1064 enim,
508 963 617 1073 quod
658 960 778 1045 dicit:
820 965 925 1068 quaed
958 963 1098 1048 utitins
1118 963 1385 1068 judicaverit,
1427 957 1761 1054 subaudiendum

340 1101 424 1180 est:
455 1093 650 1204 quidquid
668 1092 935 1205 judicaverit:
963 1095 1104 1180 astitisse
1133 1093 1241 1179 enim
1271 1095 1446 1206 ponatur
1469 1124 1544 1202 pro
1572 1097 1751 1188 ntillinrc.

446 1223 659 1332 Sequitur:
690 1222 790 1309 Iden
818 1245 954 1306 manases
969 1226 1105 1308 vocari
1124 1225 1181 1309 cd
1199 1226 1410 1310 coaasitinm
1434 1225 1626 1328 dicimus,
1654 1229 1750 1336 qnia

335 1356 497 1462 serapiaca
527 1354 689 1460 juniori
721 1355 922 1439 Dominus
960 1353 1130 1460 revelat,
1170 1355 1276 1462 qnod
1314 1353 1458 1441 :arctina
1498 1361 1569 1442 est.
1627 1356 1750 1443 Nunc
1791 1465 1792 1468 p

306 1501 311 1544 ³
338 1517 431 1572 vcro
459 1485 574 1596 quasi
604 1485 901 1598 interrogasset
928 1486 1056 1572 abbas
1078 1485 1410 1572 S.Be11edictum
1437 1488 1597 1572 dicens:
1629 1486 1750 1574 Pater

336 1618 563 1719 Benedicta
597 1646 671 1701 cur
699 1616 819 1718 dicis,
860 1648 1022 1703 enarrem
1053 1619 1418 1730 congregationem
1449 1617 1500 1702 ud
1531 1618 1746 1704 consilinm

334 1749 498 1833 soceri?
548 1774 673 1858 grave
714 1756 777 1834 cst
819 1749 938 1853 mihi,
980 1777 1142 1834 onarrcna
1183 1750 1547 1859 congregationem
1589 1778 1770 1838 vocure„
1830 1845 1833 1850 Δ
1869 1849 1874 1858 ,
1966 1769 1969 1778 “

334 1879 404 1964 Ille
433 1909 528 1964 vero
557 1880 675 1990 quasi
706 1881 956 1992 respondens
985 1879 1105 1966 dicit:
1136 1879 1232 1966 Non
1262 1881 1340 1964 tibi
1368 1881 1516 1965 durum
1547 1881 1771 1985 videatur,¹

299 2109 301 2114 .
329 2012 435 2123 quod
450 2013 546 2115 «lixi,
577 2042 742 2100 ornnem
758 2013 1120 2125 corrgregatiouem
1139 2012 1295 2114 vocari:
1319 2012 1412 2098 ideo
1428 2009 1565 2096 vocari
1580 2041 1740 2098 omanem

328 2143 688 2254 congregationem
719 2145 771 2230 ad
800 2146 1015 2230 consilium
1046 2144 1241 2249 diximus,
1281 2144 1378 2255 quia
1406 2143 1567 2253 saepius
1594 2147 1743 2230 minori

332 2273 527 2359 Dominus
554 2276 718 2376 revelat,
749 2277 859 2386 qnod
890 2276 1033 2360 melius
1061 2281 1145 2380 est,
1173 2303 1221 2360 ac
1250 2275 1283 2358 si
1313 2274 1486 2360 diceret:
1527 2279 1595 2376 ut,
1632 2275 1742 2385 quod
1850 2311 1853 2320 ·

329 2435 406 2491 :rora
439 2414 553 2516 potes
581 2407 1006 2519 argumentationibus
1034 2433 1281 2518 cognoscere
1291 2469 1302 2511 ,
1345 2405 1493 2490 merito
1522 2406 1740 2493 discernas.

327 2539 374 2623 ln
403 2539 623 2640 hocloco,
654 2538 724 2622 abi
754 2537 876 2623 dicit:
906 2538 1003 2646 qccic
1036 2563 1156 2645 sccpc
1182 2536 1331 2624 :crisconi
1353 2536 1557 2622 Dominus
1581 2536 1739 2640 revelat,
1802 2523 1805 2583 Ῑ
1844 2627 1845 2631 Ν

288 2711 293 2721 v
325 2671 427 2779 qreod
453 2669 594 2756 :auctius
624 2675 695 2772 est,
730 2661 970 2755 concordari
998 2667 1161 2754 videtur
1190 2669 1324 2755 Paulo·
1346 2669 1535 2782 apostolo
1564 2667 1737 2754 dicenti:

326 2805 375 2889 δι’
401 2803 556 2887 sectanti
584 2799 801 2886 revelatum
826 2801 962 2906 leserit,
988 2802 1108 2907 prior
1135 2808 1275 2887 taccat.

433 2933 647 3043 Sequitur:
688 2933 760 3018 Sic
796 2941 928 3020 ontnn
964 2935 1060 3020 cen
1085 2935 1239 3038 tratres
1273 2933 1485 3020 oosrsitinm
1512 2947 1600 3018 cnm
1629 2933 1737 3014 cassani
1845 2929 1849 2936 ’

322 3062 559 3150 dresnddctis
587 3065 842 3171 saebjcctione,
883 3073 927 3150 nt
954 3080 1032 3152 :eota
1060 3072 1324 3173 praesamant
1350 3045 1574 3172 procacitor·
1601 3065 1736 3168 :tescu-

321 3194 431 3297 cera
472 3199 578 3306 qecod
605 3201 665 3282 cis
693 3197 824 3282 cissam
848 3199 994 3303 sarmit,
1035 3197 1108 3285 scd
1134 3199 1268 3316 :scapis
1306 3198 1350 3282 in
1378 3196 1536 3282 abbatis
1557 3194 1735 3300 pendent

319 3327 497 3414 arbitrio.
564 3329 774 3416 Hactenus
814 3330 1032 3417 admonuit
1070 3329 1112 3419 S.
1149 3327 1396 3415 Benedictus
1436 3327 1644 3428 abbatem,
1689 3333 1734 3410 ut

319 3470 559 3546 corrvooaret
588 3468 720 3548 totam
750 3463 1115 3574 congregationem
1146 3463 1199 3548 ad
1222 3459 1452 3560 consilium,
1482 3465 1525 3542 et
1552 3457 1732 3569 reddidit

318 3620 490 3699 cerussam,
520 3619 646 3704 qnare
676 3594 823 3680 debeat
852 3623 1017 3682 omnem
1046 3593 1414 3706 congregationem
1437 3591 1490 3676 ad
1514 3588 1727 3675 consilium

318 3747 478 3823 vocare:
521 3752 631 3810 rrauc
659 3732 796 3810 autem
828 3726 1025 3812 admonet
1061 3723 1304 3826 maniaches,
1346 3723 1524 3831 qualiter
1553 3721 1729 3805 debeant
1780 3809 1795 3836 θ
1904 3763 1907 3770 ·

317 3853 531 3939 aurisilium
562 3854 685 3961 clarc:
713 3858 773 3942 ait
801 3857 930 3944 euian:
962 3857 1034 3944 Sic
1060 3862 1190 3942 antean
1219 3857 1312 3942 derat
1337 3855 1491 3962 fratres
1520 3850 1729 3938 consilinm

315 4009 402 4065 cnara
430 3988 539 4070 ossesn‘
566 3987 807 4075 Iaaccnc'titutis
836 3990 1074 4097 subjectatae
1111 3993 1147 4074 ct
1186 4015 1265 4074 scon
1288 3990 1556 4095 praestituunt
1576 4009 1728 4090 prcca-

314 4113 408 4199 citer
436 4116 662 4223 dcltndcra
688 4120 795 4228 qnod
821 4125 881 4206 cis
909 4120 1039 4206 vistnn
1065 4119 1201 4226 feccrit.
1261 4119 1316 4204 Et
1342 4118 1446 4202 tecue
1475 4115 1599 4201 dixit:
1638 4141 1726 4200 cnm

316 4248 421 4330 ararad
448 4247 690 4334 Ieacnuitr'tatis
717 4251 969 4360 sntajcctionc,
1011 4251 1061 4336 de
1090 4251 1250 4336 darobus
1280 4248 1413 4334 serbis
1441 4276 1574 4350 carisa¹
1595 4245 1727 4330 brevi·
1844 4353 1848 4362 Δ

316 4377 408 4471 tatis
438 4381 590 4467 iaciens
621 4410 770 4483 aarum:
811 4409 905 4467 nam
933 4388 1071 4494 potest
1100 4410 1185 4468 csse
1214 4379 1414 4496 subjectio
1442 4379 1530 4464 sine
1559 4373 1736 4461 lrumili·'

312 4511 414 4614 tate,
454 4512 568 4597 verbi
596 4513 733 4624 gratia
772 4518 910 4624 potest
946 4515 1038 4625 quis
1077 4513 1285 4623 subjectas
1322 4541 1408 4598 esse
1451 4535 1641 4620 corpore,
1681 4516 1723 4592 et
1842 4626 1847 4637 .

313 4646 446 4729 carente
484 4645 666 4748 rebellis,
707 4644 926 4732 etiterum
956 4651 1095 4758 potest
1122 4647 1213 4757 quis
1242 4673 1328 4730 esse
1357 4641 1521 4729 humilis
1552 4647 1598 4748 *ct
1638 4656 1721 4724 n'on

255 4781 258 4787 ’
310 4775 525 4888 subjectus,
546 4777 574 4868 i.
593 4806 628 4866 e.
650 4781 787 4890 potest
805 4777 1106 4864 csselronestus
1123 4783 1320 4864 ettamen
1338 4776 1426 4862 sine
1446 4771 1720 4884 subjectione:
1821 4848 1826 4870 ‚
1871 4769 1874 4777 '

310 4912 352 4990 et
386 4908 487 5018 quia,
511 4915 730 5022 utrumqne
758 4910 883 4995 debet
920 4909 1145 5008 monachus
1174 4909 1343 5011 habere,
1366 4906 1426 4992 id
1454 4912 1516 4993 est
1551 4905 1737 4994 transiit·

310 5040 434 5122 tatem
465 5045 508 5125 et
535 5041 854 5151 subjectionem,
896 5039 989 5128 idco
1027 5041 1149 5128 dixit:
1191 5037 1431 5126 Isncnr'titctis
1466 5039 1750 5144 sceticctionc„
1825 5061 1828 5066 ·

309 5167 432 5254 vetuti
461 5199 554 5259 cum
584 5173 667 5262 duo
696 5170 868 5261 dicimus
896 5201 1023 5261 unum
1042 5201 1164 5261 causa
1183 5168 1409 5278 brevitatis,
1438 5170 1479 5258 id
1500 5185 1581 5256 eat:
1612 5173 1719 5259 somss
1779 5235 1781 5240 -
