<?xml version="1.0" encoding="UTF-8"?>
<!DOCTYPE html PUBLIC "-//W3C//DTD XHTML 1.0 Transitional//EN"
    "http://www.w3.org/TR/xhtml1/DTD/xhtml1-transitional.dtd">
<html xmlns="http://www.w3.org/1999/xhtml" xml:lang="en" lang="en">
 <head>
  <title>
</title>
<meta http-equiv="Content-Type" content="text/html;charset=utf-8" />
  <meta name='ocr-system' content='tesseract 3.04.00' />
  <meta name='ocr-capabilities' content='ocr_page ocr_carea ocr_par ocr_line ocrx_word'/>
</head>
<body>
  <div class='ocr_page' id='page_1' title='image "./vitaetregulassp01benegoog_0640.png"; bbox 0 0 4002 5792; ppageno 0'>
   <div class='ocr_carea' id='block_1_1' title="bbox 854 223 1751 392">
    <p class='ocr_par' dir='ltr' id='par_1_1' title="bbox 854 223 1751 392">
     <span class='ocr_line' id='line_1_1' title="bbox 854 223 1751 392; baseline 0 -32"><span class='ocrx_word' id='word_1_1' title='bbox 854 287 937 380; x_wconf 82' lang='lat' dir='ltr'><strong>Cap.</strong></span> <span class='ocrx_word' id='word_1_2' title='bbox 962 223 1104 364; x_wconf 74' lang='lat' dir='ltr'><strong>naun.</strong></span> <span class='ocrx_word' id='word_1_3' title='bbox 1475 331 1477 334; x_wconf 95' lang='lat'>·</span> <span class='ocrx_word' id='word_1_4' title='bbox 1556 289 1567 296; x_wconf 79' lang='grc'><strong>“’</strong></span> <span class='ocrx_word' id='word_1_5' title='bbox 1603 298 1712 392; x_wconf 76' lang='lat' dir='ltr'><strong>6le</strong></span> <span class='ocrx_word' id='word_1_6' title='bbox 1749 283 1751 290; x_wconf 69' lang='grc'>’</span> 
     </span>
    </p>
   </div>
   <div class='ocr_carea' id='block_1_2' title="bbox 279 505 1688 1136">
    <p class='ocr_par' dir='ltr' id='par_1_2' title="bbox 279 505 1688 1136">
     <span class='ocr_line' id='line_1_2' title="bbox 280 505 1686 620; baseline -0.001 -28"><span class='ocrx_word' id='word_1_7' title='bbox 280 511 430 594; x_wconf 76' lang='lat' dir='ltr'><strong>«iubent</strong></span> <span class='ocrx_word' id='word_1_8' title='bbox 457 506 508 590; x_wconf 84' lang='lat' dir='ltr'><strong>ad</strong></span> <span class='ocrx_word' id='word_1_9' title='bbox 539 505 764 588; x_wconf 88' lang='lat' dir='ltr'><strong>orationem</strong></span> <span class='ocrx_word' id='word_1_10' title='bbox 797 507 1012 614; x_wconf 85' lang='lat' dir='ltr'><strong>potandam</strong></span> <span class='ocrx_word' id='word_1_11' title='bbox 1043 536 1118 618; x_wconf 88' lang='lat' dir='ltr'><strong>pro</strong></span> <span class='ocrx_word' id='word_1_12' title='bbox 1146 539 1189 592; x_wconf 88' lang='lat' dir='ltr'><strong>se</strong></span> <span class='ocrx_word' id='word_1_13' title='bbox 1217 512 1313 620; x_wconf 90' lang='lat' dir='ltr'><strong>ipsis</strong></span> <span class='ocrx_word' id='word_1_14' title='bbox 1348 509 1542 596; x_wconf 88' lang='lat' dir='ltr'><strong>orandam</strong></span> <span class='ocrx_word' id='word_1_15' title='bbox 1566 511 1686 617; x_wconf 84' lang='lat' dir='ltr'><strong>justu</strong></span> 
     </span>
     <span class='ocr_line' id='line_1_3' title="bbox 280 635 1686 750; baseline -0.001 -27"><span class='ocrx_word' id='word_1_16' title='bbox 280 653 458 750; x_wconf 84' lang='lat' dir='ltr'><strong>tempus,</strong></span> <span class='ocrx_word' id='word_1_17' title='bbox 490 665 572 746; x_wconf 92' lang='lat' dir='ltr'><strong>quo</strong></span> <span class='ocrx_word' id='word_1_18' title='bbox 608 635 689 720; x_wconf 85' lang='lat' dir='ltr'><strong>dioi</strong></span> <span class='ocrx_word' id='word_1_19' title='bbox 705 637 736 744; x_wconf 84' lang='lat'><strong>¹)</strong></span> <span class='ocrx_word' id='word_1_20' title='bbox 765 635 887 720; x_wconf 90' lang='lat' dir='ltr'><strong>debet</strong></span> <span class='ocrx_word' id='word_1_21' title='bbox 927 637 1114 724; x_wconf 76' lang='lat' dir='ltr'><strong>sacerdos</strong></span> <span class='ocrx_word' id='word_1_22' title='bbox 1152 641 1376 725; x_wconf 87' lang='lat' dir='ltr'><strong>orationem</strong></span> <span class='ocrx_word' id='word_1_23' title='bbox 1407 640 1686 750; x_wconf 77' lang='lat' dir='ltr'><strong>completorii3</strong></span> 
     </span>
     <span class='ocr_line' id='line_1_4' title="bbox 279 765 1684 856; baseline -0.004 -1"><span class='ocrx_word' id='word_1_24' title='bbox 279 777 320 856; x_wconf 89' lang='lat' dir='ltr'><strong>et</strong></span> <span class='ocrx_word' id='word_1_25' title='bbox 347 776 445 853; x_wconf 90' lang='lat' dir='ltr'><strong>tanc</strong></span> <span class='ocrx_word' id='word_1_26' title='bbox 473 766 625 850; x_wconf 87' lang='lat' dir='ltr'><strong>debent</strong></span> <span class='ocrx_word' id='word_1_27' title='bbox 653 793 695 850; x_wconf 89' lang='lat' dir='ltr'><strong>se</strong></span> <span class='ocrx_word' id='word_1_28' title='bbox 724 765 925 852; x_wconf 85' lang='lat' dir='ltr'><strong>incurvari</strong></span> <span class='ocrx_word' id='word_1_29' title='bbox 955 766 998 848; x_wconf 92' lang='lat' dir='ltr'><strong>in</strong></span> <span class='ocrx_word' id='word_1_30' title='bbox 1028 768 1285 854; x_wconf 85' lang='lat' dir='ltr'><strong>medicante</strong></span> <span class='ocrx_word' id='word_1_31' title='bbox 1325 770 1466 854; x_wconf 89' lang='lat' dir='ltr'><strong>altaro.</strong></span> <span class='ocrx_word' id='word_1_32' title='bbox 1529 769 1684 854; x_wconf 80' lang='lat' dir='ltr'><strong>Deinde</strong></span> 
     </span>
     <span class='ocr_line' id='line_1_5' title="bbox 280 895 1687 1008; baseline -0.003 -24"><span class='ocrx_word' id='word_1_33' title='bbox 280 901 387 984; x_wconf 78' lang='lat' dir='ltr'><strong>&lt;iicet</strong></span> <span class='ocrx_word' id='word_1_34' title='bbox 414 895 500 1004; x_wconf 90' lang='lat' dir='ltr'><strong>ipse</strong></span> <span class='ocrx_word' id='word_1_35' title='bbox 528 895 743 982; x_wconf 72' lang='lat' dir='ltr'><strong>sacerdos:</strong></span> <span class='ocrx_word' id='word_1_36' title='bbox 786 895 929 980; x_wconf 80' lang='lat' dir='ltr'><strong>Salvos</strong></span> <span class='ocrx_word' id='word_1_37' title='bbox 954 897 1025 1000; x_wconf 74' lang='lat' dir='ltr'><strong>luo</strong></span> <span class='ocrx_word' id='word_1_38' title='bbox 1051 924 1186 986; x_wconf 79' lang='lat' dir='ltr'><strong>seruos</strong></span> <span class='ocrx_word' id='word_1_39' title='bbox 1214 907 1314 1000; x_wconf 83' lang='lat' dir='ltr'><strong>tuos,</strong></span> <span class='ocrx_word' id='word_1_40' title='bbox 1344 908 1386 984; x_wconf 89' lang='lat' dir='ltr'><strong>ot</strong></span> <span class='ocrx_word' id='word_1_41' title='bbox 1413 905 1549 996; x_wconf 85' lang='lat' dir='ltr'><strong>cetera</strong></span> <span class='ocrx_word' id='word_1_42' title='bbox 1578 900 1687 1008; x_wconf 86' lang='lat' dir='ltr'><strong>oapi·</strong></span> 
     </span>
     <span class='ocr_line' id='line_1_6' title="bbox 279 1025 1688 1136; baseline -0.006 -23"><span class='ocrx_word' id='word_1_43' title='bbox 279 1028 441 1115; x_wconf 90' lang='lat' dir='ltr'><strong>tuiaad</strong></span> <span class='ocrx_word' id='word_1_44' title='bbox 473 1025 573 1110; x_wconf 86' lang='lat' dir='ltr'><strong>iliud</strong></span> <span class='ocrx_word' id='word_1_45' title='bbox 604 1053 706 1136; x_wconf 83' lang='lat' dir='ltr'><strong>opus</strong></span> <span class='ocrx_word' id='word_1_46' title='bbox 737 1025 997 1136; x_wconf 86' lang='lat' dir='ltr'><strong>pertinentia,</strong></span> <span class='ocrx_word' id='word_1_47' title='bbox 1027 1027 1052 1114; x_wconf 91' lang='lat' dir='ltr'><strong>i.</strong></span> <span class='ocrx_word' id='word_1_48' title='bbox 1083 1057 1118 1117; x_wconf 90' lang='lat' dir='ltr'><strong>e.</strong></span> <span class='ocrx_word' id='word_1_49' title='bbox 1147 1029 1198 1116; x_wconf 89' lang='lat' dir='ltr'><strong>ad</strong></span> <span class='ocrx_word' id='word_1_50' title='bbox 1227 1029 1319 1112; x_wconf 85' lang='lat' dir='ltr'><strong>illos</strong></span> <span class='ocrx_word' id='word_1_51' title='bbox 1352 1029 1509 1126; x_wconf 77' lang='lat' dir='ltr'><strong>iustres,</strong></span> <span class='ocrx_word' id='word_1_52' title='bbox 1540 1029 1609 1136; x_wconf 87' lang='lat' dir='ltr'><strong>qui</strong></span> <span class='ocrx_word' id='word_1_53' title='bbox 1639 1029 1688 1110; x_wconf 85' lang='lat' dir='ltr'><strong>do.</strong></span> 
     </span>
    </p>
   </div>
   <div class='ocr_carea' id='block_1_3' title="bbox 280 1156 1820 1266">
    <p class='ocr_par' dir='ltr' id='par_1_3' title="bbox 280 1156 1820 1266">
     <span class='ocr_line' id='line_1_7' title="bbox 280 1156 1820 1266; baseline -0.003 -24"><span class='ocrx_word' id='word_1_54' title='bbox 280 1160 342 1242; x_wconf 85' lang='lat' dir='ltr'><strong>via</strong></span> <span class='ocrx_word' id='word_1_55' title='bbox 382 1156 572 1255; x_wconf 78' lang='lat' dir='ltr'><strong>venun,</strong></span> <span class='ocrx_word' id='word_1_56' title='bbox 603 1162 646 1238; x_wconf 91' lang='lat' dir='ltr'><strong>et</strong></span> <span class='ocrx_word' id='word_1_57' title='bbox 687 1165 827 1265; x_wconf 89' lang='lat' dir='ltr'><strong>postea</strong></span> <span class='ocrx_word' id='word_1_58' title='bbox 866 1158 1136 1266; x_wconf 75' lang='lat' dir='ltr'><strong>subsequatur</strong></span> <span class='ocrx_word' id='word_1_59' title='bbox 1176 1158 1404 1245; x_wconf 87' lang='lat' dir='ltr'><strong>orationem</strong></span> <span class='ocrx_word' id='word_1_60' title='bbox 1443 1163 1486 1240; x_wconf 81' lang='lat' dir='ltr'><strong>et</strong></span> <span class='ocrx_word' id='word_1_61' title='bbox 1514 1157 1686 1240; x_wconf 83' lang='lat' dir='ltr'><strong>iterum:</strong></span> <span class='ocrx_word' id='word_1_62' title='bbox 1812 1165 1820 1180; x_wconf 73' lang='grc'><strong>’“</strong></span> 
     </span>
    </p>
   </div>
   <div class='ocr_carea' id='block_1_4' title="bbox 191 1283 1725 2304">
    <p class='ocr_par' dir='ltr' id='par_1_4' title="bbox 191 1283 1725 2304">
     <span class='ocr_line' id='line_1_8' title="bbox 281 1283 1725 1398; baseline 0.001 -26"><span class='ocrx_word' id='word_1_63' title='bbox 281 1287 478 1372; x_wconf 75' lang='lat' dir='ltr'><strong>Iiorraeinns</strong></span> <span class='ocrx_word' id='word_1_64' title='bbox 504 1287 725 1387; x_wconf 79' lang='lat' dir='ltr'><strong>vobisne-m,</strong></span> <span class='ocrx_word' id='word_1_65' title='bbox 756 1293 797 1371; x_wconf 84' lang='lat' dir='ltr'><strong>et</strong></span> <span class='ocrx_word' id='word_1_66' title='bbox 826 1295 967 1398; x_wconf 89' lang='lat' dir='ltr'><strong>postea</strong></span> <span class='ocrx_word' id='word_1_67' title='bbox 996 1289 1128 1371; x_wconf 84' lang='lat' dir='ltr'><strong>dioere</strong></span> <span class='ocrx_word' id='word_1_68' title='bbox 1157 1287 1300 1372; x_wconf 84' lang='lat' dir='ltr'><strong>debet:</strong></span> <span class='ocrx_word' id='word_1_69' title='bbox 1341 1283 1577 1371; x_wconf 72' lang='lat' dir='ltr'><strong>Benedictio</strong></span> <span class='ocrx_word' id='word_1_70' title='bbox 1607 1283 1687 1368; x_wconf 72' lang='lat' dir='ltr'><strong>Dei</strong></span> <span class='ocrx_word' id='word_1_71' title='bbox 1720 1365 1725 1373; x_wconf 82' lang='grc'><strong>.</strong></span> 
     </span>
     <span class='ocr_line' id='line_1_9' title="bbox 281 1415 1688 1522; baseline -0.003 -20"><span class='ocrx_word' id='word_1_72' title='bbox 281 1419 421 1502; x_wconf 79' lang='lat' dir='ltr'><strong>Patris</strong></span> <span class='ocrx_word' id='word_1_73' title='bbox 446 1423 483 1500; x_wconf 84' lang='lat' dir='ltr'><strong>ct</strong></span> <span class='ocrx_word' id='word_1_74' title='bbox 505 1415 611 1500; x_wconf 77' lang='lat' dir='ltr'><strong>Filii</strong></span> <span class='ocrx_word' id='word_1_75' title='bbox 626 1423 662 1500; x_wconf 83' lang='lat' dir='ltr'><strong>ot</strong></span> <span class='ocrx_word' id='word_1_76' title='bbox 683 1419 866 1522; x_wconf 74' lang='lat' dir='ltr'><strong>Spiritus</strong></span> <span class='ocrx_word' id='word_1_77' title='bbox 886 1417 1027 1502; x_wconf 80' lang='lat' dir='ltr'><strong>Sancti</strong></span> <span class='ocrx_word' id='word_1_78' title='bbox 1045 1417 1259 1502; x_wconf 77' lang='lat' dir='ltr'><strong><em>descendat</em></strong></span> <span class='ocrx_word' id='word_1_79' title='bbox 1272 1442 1395 1522; x_wconf 83' lang='lat' dir='ltr'><strong>super</strong></span> <span class='ocrx_word' id='word_1_80' title='bbox 1410 1441 1496 1504; x_wconf 86' lang='lat' dir='ltr'><strong>uos.</strong></span> <span class='ocrx_word' id='word_1_81' title='bbox 1537 1419 1688 1515; x_wconf 81' lang='lat' dir='ltr'><strong>Quam·</strong></span> 
     </span>
     <span class='ocr_line' id='line_1_10' title="bbox 278 1547 1688 1641; baseline -0.001 -11"><span class='ocrx_word' id='word_1_82' title='bbox 278 1549 335 1633; x_wconf 85' lang='lat' dir='ltr'><strong>vis</strong></span> <span class='ocrx_word' id='word_1_83' title='bbox 373 1549 625 1632; x_wconf 87' lang='lat' dir='ltr'><strong>cousuetudo</strong></span> <span class='ocrx_word' id='word_1_84' title='bbox 664 1554 727 1631; x_wconf 88' lang='lat' dir='ltr'><strong>est</strong></span> <span class='ocrx_word' id='word_1_85' title='bbox 767 1549 1107 1633; x_wconf 71' lang='lat' dir='ltr'><strong>monasteriorum</strong></span> <span class='ocrx_word' id='word_1_86' title='bbox 1147 1547 1191 1633; x_wconf 90' lang='lat' dir='ltr'><strong>iu</strong></span> <span class='ocrx_word' id='word_1_87' title='bbox 1221 1548 1414 1632; x_wconf 81' lang='lat' dir='ltr'><strong>Francia:</strong></span> <span class='ocrx_word' id='word_1_88' title='bbox 1454 1548 1575 1632; x_wconf 89' lang='lat' dir='ltr'><strong>etiam</strong></span> <span class='ocrx_word' id='word_1_89' title='bbox 1607 1547 1688 1641; x_wconf 83' lang='lat' dir='ltr'><strong>iile,</strong></span> 
     </span>
     <span class='ocr_line' id='line_1_11' title="bbox 191 1677 1689 1788; baseline -0.002 -27"><span class='ocrx_word' id='word_1_90' title='bbox 191 1769 193 1773; x_wconf 58' lang='grc'>,</span> <span class='ocrx_word' id='word_1_91' title='bbox 278 1680 345 1788; x_wconf 84' lang='lat' dir='ltr'><strong>qui</strong></span> <span class='ocrx_word' id='word_1_92' title='bbox 371 1677 486 1777; x_wconf 70' lang='lat' dir='ltr'><strong>insilit,</strong></span> <span class='ocrx_word' id='word_1_93' title='bbox 517 1677 624 1761; x_wconf 87' lang='lat' dir='ltr'><strong>sicut</strong></span> <span class='ocrx_word' id='word_1_94' title='bbox 647 1678 733 1786; x_wconf 88' lang='lat' dir='ltr'><strong>jam</strong></span> <span class='ocrx_word' id='word_1_95' title='bbox 765 1679 952 1776; x_wconf 80' lang='lat' dir='ltr'><strong>diximus,</strong></span> <span class='ocrx_word' id='word_1_96' title='bbox 985 1677 1025 1761; x_wconf 92' lang='lat' dir='ltr'><strong>iu</strong></span> <span class='ocrx_word' id='word_1_97' title='bbox 1055 1677 1135 1761; x_wconf 88' lang='lat' dir='ltr'><strong>illis</strong></span> <span class='ocrx_word' id='word_1_98' title='bbox 1165 1678 1328 1778; x_wconf 81' lang='lat' dir='ltr'><strong>dicbus,</strong></span> <span class='ocrx_word' id='word_1_99' title='bbox 1360 1679 1523 1787; x_wconf 83' lang='lat' dir='ltr'><strong>quaudo</strong></span> <span class='ocrx_word' id='word_1_100' title='bbox 1554 1704 1689 1782; x_wconf 67' lang='lat' dir='ltr'><strong>ponam</strong></span> 
     </span>
     <span class='ocr_line' id='line_1_12' title="bbox 279 1805 1687 1917; baseline -0.002 -29"><span class='ocrx_word' id='word_1_101' title='bbox 279 1835 356 1890; x_wconf 91' lang='lat' dir='ltr'><strong>aon</strong></span> <span class='ocrx_word' id='word_1_102' title='bbox 389 1808 571 1908; x_wconf 80' lang='lat' dir='ltr'><strong>flectunt,</strong></span> <span class='ocrx_word' id='word_1_103' title='bbox 605 1815 766 1917; x_wconf 76' lang='lat' dir='ltr'><strong>pariunt</strong></span> <span class='ocrx_word' id='word_1_104' title='bbox 794 1836 930 1916; x_wconf 78' lang='lat' dir='ltr'><strong>garram</strong></span> <span class='ocrx_word' id='word_1_105' title='bbox 959 1807 1001 1891; x_wconf 93' lang='lat' dir='ltr'><strong>in</strong></span> <span class='ocrx_word' id='word_1_106' title='bbox 1031 1814 1140 1890; x_wconf 89' lang='lat' dir='ltr'><strong>torm</strong></span> <span class='ocrx_word' id='word_1_107' title='bbox 1171 1834 1252 1890; x_wconf 94' lang='lat' dir='ltr'><strong>nou</strong></span> <span class='ocrx_word' id='word_1_108' title='bbox 1283 1807 1491 1916; x_wconf 72' lang='lat' dir='ltr'><strong>prostrati.</strong></span> <span class='ocrx_word' id='word_1_109' title='bbox 1534 1806 1589 1890; x_wconf 76' lang='lat' dir='ltr'><strong>iit</strong></span> <span class='ocrx_word' id='word_1_110' title='bbox 1611 1805 1687 1904; x_wconf 84' lang='lat' dir='ltr'><strong>huo</strong></span> 
     </span>
     <span class='ocr_line' id='line_1_13' title="bbox 277 1935 1688 2047; baseline -0.001 -29"><span class='ocrx_word' id='word_1_111' title='bbox 277 1935 500 2019; x_wconf 89' lang='lat' dir='ltr'><strong>notandum</strong></span> <span class='ocrx_word' id='word_1_112' title='bbox 539 1941 626 2034; x_wconf 89' lang='lat' dir='ltr'><strong>est,</strong></span> <span class='ocrx_word' id='word_1_113' title='bbox 661 1938 758 2047; x_wconf 91' lang='lat' dir='ltr'><strong>quia</strong></span> <span class='ocrx_word' id='word_1_114' title='bbox 799 1965 885 2020; x_wconf 79' lang='lat' dir='ltr'><strong>rum</strong></span> <span class='ocrx_word' id='word_1_115' title='bbox 924 1936 1030 2020; x_wconf 81' lang='lat' dir='ltr'><strong>dixit</strong></span> <span class='ocrx_word' id='word_1_116' title='bbox 1057 1939 1098 2023; x_wconf 78' lang='lat' dir='ltr'><strong>S.</strong></span> <span class='ocrx_word' id='word_1_117' title='bbox 1130 1936 1398 2021; x_wconf 75' lang='lat' dir='ltr'><strong>lterredictns:</strong></span> <span class='ocrx_word' id='word_1_118' title='bbox 1436 1937 1530 2042; x_wconf 85' lang='lat' dir='ltr'><strong>ipsa</strong></span> <span class='ocrx_word' id='word_1_119' title='bbox 1568 1941 1688 2032; x_wconf 76' lang='lat' dir='ltr'><strong>nodo,</strong></span> 
     </span>
     <span class='ocr_line' id='line_1_14' title="bbox 275 2063 1687 2176; baseline -0.001 -32"><span class='ocrx_word' id='word_1_120' title='bbox 275 2064 556 2170; x_wconf 63' lang='lat' dir='ltr'><strong>poss-ednas,</strong></span> <span class='ocrx_word' id='word_1_121' title='bbox 586 2066 656 2150; x_wconf 86' lang='lat' dir='ltr'><strong>sed</strong></span> <span class='ocrx_word' id='word_1_122' title='bbox 686 2068 737 2150; x_wconf 89' lang='lat' dir='ltr'><strong>de</strong></span> <span class='ocrx_word' id='word_1_123' title='bbox 767 2067 845 2166; x_wconf 88' lang='lat' dir='ltr'><strong>die,</strong></span> <span class='ocrx_word' id='word_1_124' title='bbox 876 2065 1064 2176; x_wconf 88' lang='lat' dir='ltr'><strong>eoquod</strong></span> <span class='ocrx_word' id='word_1_125' title='bbox 1095 2064 1273 2148; x_wconf 87' lang='lat' dir='ltr'><strong>intentio</strong></span> <span class='ocrx_word' id='word_1_126' title='bbox 1303 2063 1343 2148; x_wconf 77' lang='lat' dir='ltr'><strong>S.</strong></span> <span class='ocrx_word' id='word_1_127' title='bbox 1364 2063 1574 2148; x_wconf 81' lang='lat' dir='ltr'><strong>Benedicti</strong></span> <span class='ocrx_word' id='word_1_128' title='bbox 1597 2064 1687 2162; x_wconf 86' lang='lat' dir='ltr'><strong>tuit,</strong></span> 
     </span>
     <span class='ocr_line' id='line_1_15' title="bbox 278 2193 1688 2304; baseline 0 -30"><span class='ocrx_word' id='word_1_129' title='bbox 278 2203 322 2276; x_wconf 91' lang='lat' dir='ltr'><strong>ut</strong></span> <span class='ocrx_word' id='word_1_130' title='bbox 357 2195 398 2276; x_wconf 93' lang='lat' dir='ltr'><strong>iu</strong></span> <span class='ocrx_word' id='word_1_131' title='bbox 429 2195 493 2279; x_wconf 90' lang='lat' dir='ltr'><strong>die</strong></span> <span class='ocrx_word' id='word_1_132' title='bbox 523 2193 662 2280; x_wconf 86' lang='lat' dir='ltr'><strong>veniet</strong></span> <span class='ocrx_word' id='word_1_133' title='bbox 690 2195 914 2280; x_wconf 83' lang='lat' dir='ltr'><strong>arouucbns</strong></span> <span class='ocrx_word' id='word_1_134' title='bbox 955 2204 998 2278; x_wconf 89' lang='lat' dir='ltr'><strong>et</strong></span> <span class='ocrx_word' id='word_1_135' title='bbox 1027 2222 1111 2280; x_wconf 78' lang='lat' dir='ltr'><strong>aron</strong></span> <span class='ocrx_word' id='word_1_136' title='bbox 1139 2195 1182 2278; x_wconf 91' lang='lat' dir='ltr'><strong>in</strong></span> <span class='ocrx_word' id='word_1_137' title='bbox 1212 2199 1355 2292; x_wconf 90' lang='lat' dir='ltr'><strong>nocte,</strong></span> <span class='ocrx_word' id='word_1_138' title='bbox 1386 2201 1587 2304; x_wconf 88' lang='lat' dir='ltr'><strong>qnatenus</strong></span> <span class='ocrx_word' id='word_1_139' title='bbox 1617 2220 1688 2300; x_wconf 89' lang='lat' dir='ltr'><strong>per</strong></span> 
     </span>
    </p>
   </div>
   <div class='ocr_carea' id='block_1_5' title="bbox 138 2315 1722 2435">
    <p class='ocr_par' dir='ltr' id='par_1_5' title="bbox 138 2315 1722 2435">
     <span class='ocr_line' id='line_1_16' title="bbox 138 2315 1722 2435; baseline 0.001 -31"><span class='ocrx_word' id='word_1_140' title='bbox 138 2315 140 2320; x_wconf 72' lang='grc'><strong>’</strong></span> <span class='ocrx_word' id='word_1_141' title='bbox 221 2325 222 2328; x_wconf 60' lang='lat'>‘</span> <span class='ocrx_word' id='word_1_142' title='bbox 277 2351 416 2406; x_wconf 85' lang='lat' dir='ltr'><strong>orrrnes</strong></span> <span class='ocrx_word' id='word_1_143' title='bbox 445 2324 663 2410; x_wconf 87' lang='lat' dir='ltr'><strong>canonicas</strong></span> <span class='ocrx_word' id='word_1_144' title='bbox 693 2323 826 2418; x_wconf 86' lang='lat' dir='ltr'><strong>boras,</strong></span> <span class='ocrx_word' id='word_1_145' title='bbox 856 2331 954 2410; x_wconf 90' lang='lat' dir='ltr'><strong>aute</strong></span> <span class='ocrx_word' id='word_1_146' title='bbox 983 2351 1084 2435; x_wconf 88' lang='lat' dir='ltr'><strong>qaas</strong></span> <span class='ocrx_word' id='word_1_147' title='bbox 1113 2324 1283 2424; x_wconf 85' lang='lat' dir='ltr'><strong>venerit,</strong></span> <span class='ocrx_word' id='word_1_148' title='bbox 1313 2323 1451 2407; x_wconf 70' lang='lat' dir='ltr'><strong>valeret</strong></span> <span class='ocrx_word' id='word_1_149' title='bbox 1472 2321 1687 2430; x_wconf 72' lang='lat' dir='ltr'><strong>negligen·</strong></span> <span class='ocrx_word' id='word_1_150' title='bbox 1717 2355 1722 2368; x_wconf 93' lang='lat'><strong>·</strong></span> 
     </span>
    </p>
   </div>
   <div class='ocr_carea' id='block_1_6' title="bbox 200 2452 1750 5050">
    <p class='ocr_par' dir='ltr' id='par_1_6' title="bbox 200 2452 1750 5050">
     <span class='ocr_line' id='line_1_17' title="bbox 277 2452 1721 2566; baseline -0.001 -29"><span class='ocrx_word' id='word_1_151' title='bbox 277 2452 351 2537; x_wconf 86' lang='lat' dir='ltr'><strong>tias</strong></span> <span class='ocrx_word' id='word_1_152' title='bbox 380 2481 471 2538; x_wconf 80' lang='lat' dir='ltr'><strong>suas</strong></span> <span class='ocrx_word' id='word_1_153' title='bbox 508 2455 756 2564; x_wconf 74' lang='lat' dir='ltr'><strong>abstergere.</strong></span> <span class='ocrx_word' id='word_1_154' title='bbox 818 2454 933 2542; x_wconf 89' lang='lat' dir='ltr'><strong>Unde</strong></span> <span class='ocrx_word' id='word_1_155' title='bbox 973 2481 1047 2566; x_wconf 90' lang='lat' dir='ltr'><strong>pro</strong></span> <span class='ocrx_word' id='word_1_156' title='bbox 1077 2455 1153 2540; x_wconf 86' lang='lat' dir='ltr'><strong>buc</strong></span> <span class='ocrx_word' id='word_1_157' title='bbox 1180 2481 1302 2540; x_wconf 82' lang='lat' dir='ltr'><strong>eausa</strong></span> <span class='ocrx_word' id='word_1_158' title='bbox 1329 2454 1372 2537; x_wconf 91' lang='lat' dir='ltr'><strong>in</strong></span> <span class='ocrx_word' id='word_1_159' title='bbox 1411 2459 1552 2538; x_wconf 81' lang='lat' dir='ltr'><strong>rroetra</strong></span> <span class='ocrx_word' id='word_1_160' title='bbox 1580 2458 1721 2537; x_wconf 88' lang='lat' dir='ltr'><strong>terra·</strong></span> 
     </span>
     <span class='ocr_line' id='line_1_18' title="bbox 274 2583 1739 2688; baseline 0.003 -26"><span class='ocrx_word' id='word_1_161' title='bbox 274 2585 523 2668; x_wconf 81' lang='lat' dir='ltr'><strong>aumuetudo</strong></span> <span class='ocrx_word' id='word_1_162' title='bbox 564 2589 649 2688; x_wconf 86' lang='lat' dir='ltr'><strong>est,</strong></span> <span class='ocrx_word' id='word_1_163' title='bbox 688 2591 732 2672; x_wconf 89' lang='lat' dir='ltr'><strong>et</strong></span> <span class='ocrx_word' id='word_1_164' title='bbox 771 2586 893 2671; x_wconf 81' lang='lat' dir='ltr'><strong>debet</strong></span> <span class='ocrx_word' id='word_1_165' title='bbox 933 2585 1056 2670; x_wconf 92' lang='lat' dir='ltr'><strong>otiam</strong></span> <span class='ocrx_word' id='word_1_166' title='bbox 1097 2585 1206 2685; x_wconf 85' lang='lat' dir='ltr'><strong>tisri,</strong></span> <span class='ocrx_word' id='word_1_167' title='bbox 1238 2591 1285 2669; x_wconf 90' lang='lat' dir='ltr'><strong>ut</strong></span> <span class='ocrx_word' id='word_1_168' title='bbox 1323 2584 1398 2670; x_wconf 89' lang='lat' dir='ltr'><strong>tali</strong></span> <span class='ocrx_word' id='word_1_169' title='bbox 1438 2584 1538 2668; x_wconf 87' lang='lat' dir='ltr'><strong>imm</strong></span> <span class='ocrx_word' id='word_1_170' title='bbox 1568 2583 1688 2666; x_wconf 84' lang='lat' dir='ltr'><strong>debet</strong></span> <span class='ocrx_word' id='word_1_171' title='bbox 1723 2609 1739 2670; x_wconf 81' lang='grc'><strong>’,</strong></span> 
     </span>
     <span class='ocr_line' id='line_1_19' title="bbox 275 2712 1684 2826; baseline 0 -31"><span class='ocrx_word' id='word_1_172' title='bbox 275 2712 428 2810; x_wconf 70' lang='lat' dir='ltr'><strong>vonas,</strong></span> <span class='ocrx_word' id='word_1_173' title='bbox 467 2719 515 2798; x_wconf 89' lang='lat' dir='ltr'><strong>ut</strong></span> <span class='ocrx_word' id='word_1_174' title='bbox 552 2715 674 2800; x_wconf 89' lang='lat' dir='ltr'><strong>etiam</strong></span> <span class='ocrx_word' id='word_1_175' title='bbox 714 2715 765 2802; x_wconf 87' lang='lat' dir='ltr'><strong>ad</strong></span> <span class='ocrx_word' id='word_1_176' title='bbox 795 2714 1107 2826; x_wconf 85' lang='lat' dir='ltr'><strong>completorium</strong></span> <span class='ocrx_word' id='word_1_177' title='bbox 1138 2721 1304 2826; x_wconf 80' lang='lat' dir='ltr'><strong>paratus</strong></span> <span class='ocrx_word' id='word_1_178' title='bbox 1345 2715 1472 2823; x_wconf 71' lang='lat' dir='ltr'><strong>possit</strong></span> <span class='ocrx_word' id='word_1_179' title='bbox 1511 2741 1621 2814; x_wconf 78' lang='lat' dir='ltr'><strong>ossa,</strong></span> <span class='ocrx_word' id='word_1_180' title='bbox 1651 2714 1684 2796; x_wconf 89' lang='lat' dir='ltr'><strong>si</strong></span> 
     </span>
     <span class='ocr_line' id='line_1_20' title="bbox 272 2842 1681 2958; baseline 0.001 -33"><span class='ocrx_word' id='word_1_181' title='bbox 272 2842 359 2926; x_wconf 88' lang='lat' dir='ltr'><strong>aiiis</strong></span> <span class='ocrx_word' id='word_1_182' title='bbox 388 2842 498 2926; x_wconf 89' lang='lat' dir='ltr'><strong>boris</strong></span> <span class='ocrx_word' id='word_1_183' title='bbox 527 2873 609 2928; x_wconf 93' lang='lat' dir='ltr'><strong>uon</strong></span> <span class='ocrx_word' id='word_1_184' title='bbox 639 2851 789 2958; x_wconf 89' lang='lat' dir='ltr'><strong>potest,</strong></span> <span class='ocrx_word' id='word_1_185' title='bbox 818 2851 866 2930; x_wconf 90' lang='lat' dir='ltr'><strong>ut</strong></span> <span class='ocrx_word' id='word_1_186' title='bbox 895 2845 974 2930; x_wconf 86' lang='lat' dir='ltr'><strong>boo</strong></span> <span class='ocrx_word' id='word_1_187' title='bbox 1001 2844 1227 2956; x_wconf 87' lang='lat' dir='ltr'><strong>capitulum</strong></span> <span class='ocrx_word' id='word_1_188' title='bbox 1259 2845 1392 2928; x_wconf 86' lang='lat' dir='ltr'><strong>valeat</strong></span> <span class='ocrx_word' id='word_1_189' title='bbox 1418 2843 1599 2953; x_wconf 82' lang='lat' dir='ltr'><strong>implere,</strong></span> <span class='ocrx_word' id='word_1_190' title='bbox 1631 2871 1681 2927; x_wconf 88' lang='lat' dir='ltr'><strong>ne</strong></span> 
     </span>
     <span class='ocr_line' id='line_1_21' title="bbox 200 2973 1681 3087; baseline 0.003 -36"><span class='ocrx_word' id='word_1_191' title='bbox 200 3073 202 3078; x_wconf 23' lang='grc' dir='ltr'>Ι</span> <span class='ocrx_word' id='word_1_192' title='bbox 272 2976 569 3084; x_wconf 84' lang='lat' dir='ltr'><strong>praevaricator</strong></span> <span class='ocrx_word' id='word_1_193' title='bbox 609 3004 705 3060; x_wconf 82' lang='lat' dir='ltr'><strong>enee</strong></span> <span class='ocrx_word' id='word_1_194' title='bbox 744 2976 1008 3087; x_wconf 80' lang='lat' dir='ltr'><strong>professionis</strong></span> <span class='ocrx_word' id='word_1_195' title='bbox 1049 2976 1220 3073; x_wconf 75' lang='lat' dir='ltr'><strong>existat3</strong></span> <span class='ocrx_word' id='word_1_196' title='bbox 1262 2981 1334 3058; x_wconf 89' lang='lat' dir='ltr'><strong>aut</strong></span> <span class='ocrx_word' id='word_1_197' title='bbox 1371 2980 1501 3075; x_wconf 88' lang='lat' dir='ltr'><strong>certe,</strong></span> <span class='ocrx_word' id='word_1_198' title='bbox 1538 2973 1571 3057; x_wconf 88' lang='lat' dir='ltr'><strong>si</strong></span> <span class='ocrx_word' id='word_1_199' title='bbox 1600 3002 1681 3056; x_wconf 81' lang='lat' dir='ltr'><strong>raon</strong></span> 
     </span>
     <span class='ocr_line' id='line_1_22' title="bbox 273 3103 1682 3220; baseline 0.001 -36"><span class='ocrx_word' id='word_1_200' title='bbox 273 3103 508 3209; x_wconf 84' lang='lat' dir='ltr'><strong>potesttali</strong></span> <span class='ocrx_word' id='word_1_201' title='bbox 539 3103 640 3189; x_wconf 88' lang='lat' dir='ltr'><strong>hora</strong></span> <span class='ocrx_word' id='word_1_202' title='bbox 667 3107 817 3206; x_wconf 81' lang='lat' dir='ltr'><strong>venire,</strong></span> <span class='ocrx_word' id='word_1_203' title='bbox 848 3115 922 3192; x_wconf 90' lang='lat' dir='ltr'><strong>out</strong></span> <span class='ocrx_word' id='word_1_204' title='bbox 942 3107 1062 3192; x_wconf 77' lang='lat' dir='ltr'><strong>uadit</strong></span> <span class='ocrx_word' id='word_1_205' title='bbox 1084 3108 1135 3192; x_wconf 85' lang='lat' dir='ltr'><strong>ad</strong></span> <span class='ocrx_word' id='word_1_206' title='bbox 1160 3105 1413 3191; x_wconf 78' lang='lat' dir='ltr'><strong>sarensionear</strong></span> <span class='ocrx_word' id='word_1_207' title='bbox 1441 3105 1484 3188; x_wconf 90' lang='lat' dir='ltr'><strong>in</strong></span> <span class='ocrx_word' id='word_1_208' title='bbox 1509 3107 1682 3220; x_wconf 90' lang='lat' dir='ltr'><strong>alterum</strong></span> 
     </span>
     <span class='ocr_line' id='line_1_23' title="bbox 272 3232 1682 3344; baseline 0.003 -30"><span class='ocrx_word' id='word_1_209' title='bbox 272 3232 403 3316; x_wconf 84' lang='lat' dir='ltr'><strong>locum</strong></span> <span class='ocrx_word' id='word_1_210' title='bbox 445 3242 653 3340; x_wconf 88' lang='lat' dir='ltr'><strong>nostrum,</strong></span> <span class='ocrx_word' id='word_1_211' title='bbox 683 3238 717 3321; x_wconf 86' lang='lat' dir='ltr'><strong>si</strong></span> <span class='ocrx_word' id='word_1_212' title='bbox 747 3239 970 3342; x_wconf 77' lang='lat' dir='ltr'><strong>trabernas,</strong></span> <span class='ocrx_word' id='word_1_213' title='bbox 998 3243 1070 3323; x_wconf 90' lang='lat' dir='ltr'><strong>aut</strong></span> <span class='ocrx_word' id='word_1_214' title='bbox 1100 3244 1211 3322; x_wconf 87' lang='lat' dir='ltr'><strong>certe</strong></span> <span class='ocrx_word' id='word_1_215' title='bbox 1238 3240 1272 3320; x_wconf 88' lang='lat' dir='ltr'><strong>si</strong></span> <span class='ocrx_word' id='word_1_216' title='bbox 1302 3237 1380 3320; x_wconf 88' lang='lat' dir='ltr'><strong>boc</strong></span> <span class='ocrx_word' id='word_1_217' title='bbox 1409 3263 1492 3319; x_wconf 91' lang='lat' dir='ltr'><strong>noa</strong></span> <span class='ocrx_word' id='word_1_218' title='bbox 1533 3241 1682 3344; x_wconf 88' lang='lat' dir='ltr'><strong>potest,</strong></span> 
     </span>
     <span class='ocr_line' id='line_1_24' title="bbox 272 3359 1682 3476; baseline 0.004 -33"><span class='ocrx_word' id='word_1_219' title='bbox 272 3368 369 3446; x_wconf 90' lang='lat' dir='ltr'><strong>tunc</strong></span> <span class='ocrx_word' id='word_1_220' title='bbox 399 3374 564 3449; x_wconf 87' lang='lat' dir='ltr'><strong>maneat</strong></span> <span class='ocrx_word' id='word_1_221' title='bbox 591 3367 644 3452; x_wconf 86' lang='lat' dir='ltr'><strong>ad</strong></span> <span class='ocrx_word' id='word_1_222' title='bbox 673 3373 833 3476; x_wconf 84' lang='lat' dir='ltr'><strong>portam</strong></span> <span class='ocrx_word' id='word_1_223' title='bbox 864 3371 1099 3453; x_wconf 88' lang='lat' dir='ltr'><strong>monasterii</strong></span> <span class='ocrx_word' id='word_1_224' title='bbox 1130 3369 1171 3453; x_wconf 92' lang='lat' dir='ltr'><strong>in</strong></span> <span class='ocrx_word' id='word_1_225' title='bbox 1204 3368 1275 3451; x_wconf 88' lang='lat' dir='ltr'><strong>ilia</strong></span> <span class='ocrx_word' id='word_1_226' title='bbox 1303 3374 1424 3450; x_wconf 89' lang='lat' dir='ltr'><strong>nocte</strong></span> <span class='ocrx_word' id='word_1_227' title='bbox 1452 3381 1495 3450; x_wconf 89' lang='lat' dir='ltr'><strong>et</strong></span> <span class='ocrx_word' id='word_1_228' title='bbox 1522 3367 1578 3450; x_wconf 94' lang='lat' dir='ltr'><strong>ibi</strong></span> <span class='ocrx_word' id='word_1_229' title='bbox 1608 3359 1682 3474; x_wconf 83' lang='lat' dir='ltr'><strong>pr&#39;o</strong></span> 
     </span>
     <span class='ocr_line' id='line_1_25' title="bbox 273 3493 1684 3612; baseline 0.003 -38"><span class='ocrx_word' id='word_1_230' title='bbox 273 3493 510 3577; x_wconf 86' lang='lat' dir='ltr'><strong>necessitate</strong></span> <span class='ocrx_word' id='word_1_231' title='bbox 549 3499 795 3583; x_wconf 79' lang='lat' dir='ltr'><strong>manducare</strong></span> <span class='ocrx_word' id='word_1_232' title='bbox 838 3499 898 3584; x_wconf 90' lang='lat' dir='ltr'><strong>ilii</strong></span> <span class='ocrx_word' id='word_1_233' title='bbox 939 3511 1231 3612; x_wconf 84' lang='lat' dir='ltr'><strong>praeparatur,</strong></span> <span class='ocrx_word' id='word_1_234' title='bbox 1262 3498 1368 3583; x_wconf 86' lang='lat' dir='ltr'><strong>sient</strong></span> <span class='ocrx_word' id='word_1_235' title='bbox 1406 3496 1583 3606; x_wconf 80' lang='lat' dir='ltr'><strong>hospiti,</strong></span> <span class='ocrx_word' id='word_1_236' title='bbox 1611 3505 1684 3578; x_wconf 84' lang='lat' dir='ltr'><strong>sut</strong></span> 
     </span>
     <span class='ocr_line' id='line_1_26' title="bbox 270 3622 1680 3740; baseline 0.004 -38"><span class='ocrx_word' id='word_1_237' title='bbox 270 3622 374 3708; x_wconf 87' lang='lat' dir='ltr'><strong>siout</strong></span> <span class='ocrx_word' id='word_1_238' title='bbox 414 3625 472 3709; x_wconf 88' lang='lat' dir='ltr'><strong>ilii</strong></span> <span class='ocrx_word' id='word_1_239' title='bbox 511 3635 649 3737; x_wconf 89' lang='lat' dir='ltr'><strong>potest</strong></span> <span class='ocrx_word' id='word_1_240' title='bbox 688 3631 944 3740; x_wconf 86' lang='lat' dir='ltr'><strong>praeparari,</strong></span> <span class='ocrx_word' id='word_1_241' title='bbox 979 3633 1037 3715; x_wconf 90' lang='lat' dir='ltr'><strong>ita</strong></span> <span class='ocrx_word' id='word_1_242' title='bbox 1077 3637 1239 3728; x_wconf 89' lang='lat' dir='ltr'><strong>tamen,</strong></span> <span class='ocrx_word' id='word_1_243' title='bbox 1279 3631 1312 3714; x_wconf 92' lang='lat' dir='ltr'><strong>si</strong></span> <span class='ocrx_word' id='word_1_244' title='bbox 1352 3657 1436 3712; x_wconf 91' lang='lat' dir='ltr'><strong>non</strong></span> <span class='ocrx_word' id='word_1_245' title='bbox 1473 3627 1604 3738; x_wconf 90' lang='lat' dir='ltr'><strong>possit</strong></span> <span class='ocrx_word' id='word_1_246' title='bbox 1641 3629 1680 3708; x_wconf 93' lang='lat' dir='ltr'><strong>iu</strong></span> 
     </span>
     <span class='ocr_line' id='line_1_27' title="bbox 271 3751 1734 3870; baseline 0.001 -34"><span class='ocrx_word' id='word_1_247' title='bbox 271 3751 394 3839; x_wconf 91' lang='lat' dir='ltr'><strong>alium</strong></span> <span class='ocrx_word' id='word_1_248' title='bbox 424 3756 556 3844; x_wconf 89' lang='lat' dir='ltr'><strong>laeum</strong></span> <span class='ocrx_word' id='word_1_249' title='bbox 588 3759 646 3843; x_wconf 83' lang='lat' dir='ltr'><strong>ire</strong></span> <span class='ocrx_word' id='word_1_250' title='bbox 675 3760 726 3843; x_wconf 89' lang='lat' dir='ltr'><strong>ud</strong></span> <span class='ocrx_word' id='word_1_251' title='bbox 757 3761 1098 3849; x_wconf 88' lang='lat' dir='ltr'><strong>ruaruluamniam.</strong></span> <span class='ocrx_word' id='word_1_252' title='bbox 1150 3762 1268 3862; x_wconf 79' lang='lat' dir='ltr'><strong>Quod</strong></span> <span class='ocrx_word' id='word_1_253' title='bbox 1296 3761 1329 3846; x_wconf 96' lang='lat' dir='ltr'><strong>si</strong></span> <span class='ocrx_word' id='word_1_254' title='bbox 1359 3759 1678 3870; x_wconf 88' lang='lat' dir='ltr'><strong>potueritaiium</strong></span> <span class='ocrx_word' id='word_1_255' title='bbox 1733 3811 1734 3816; x_wconf 11' lang='grc' dir='ltr'><strong><em>Ν</em></strong></span> 
     </span>
     <span class='ocr_line' id='line_1_28' title="bbox 271 3882 1679 4011; baseline 0.004 -46"><span class='ocrx_word' id='word_1_256' title='bbox 271 3882 400 3969; x_wconf 86' lang='lat' dir='ltr'><strong>locum</strong></span> <span class='ocrx_word' id='word_1_257' title='bbox 420 3887 581 3991; x_wconf 88' lang='lat' dir='ltr'><strong>babere,</strong></span> <span class='ocrx_word' id='word_1_258' title='bbox 611 3889 850 3976; x_wconf 85' lang='lat' dir='ltr'><strong>inhonestas</strong></span> <span class='ocrx_word' id='word_1_259' title='bbox 880 3897 954 3994; x_wconf 88' lang='lat' dir='ltr'><strong>est,</strong></span> <span class='ocrx_word' id='word_1_260' title='bbox 983 3892 1215 4002; x_wconf 79' lang='lat' dir='ltr'><strong>adportans</strong></span> <span class='ocrx_word' id='word_1_261' title='bbox 1243 3889 1478 4011; x_wconf 81' lang='lat' dir='ltr'><strong>monasterii</strong></span> <span class='ocrx_word' id='word_1_262' title='bbox 1507 3887 1679 3972; x_wconf 85' lang='lat' dir='ltr'><strong>maudu-</strong></span> 
     </span>
     <span class='ocr_line' id='line_1_29' title="bbox 270 4017 1678 4134; baseline 0.004 -39"><span class='ocrx_word' id='word_1_263' title='bbox 270 4041 370 4100; x_wconf 89' lang='lat' dir='ltr'><strong>cure.</strong></span> <span class='ocrx_word' id='word_1_264' title='bbox 429 4017 583 4104; x_wconf 89' lang='lat' dir='ltr'><strong>Verum</strong></span> <span class='ocrx_word' id='word_1_265' title='bbox 614 4025 711 4131; x_wconf 92' lang='lat' dir='ltr'><strong>quia</strong></span> <span class='ocrx_word' id='word_1_266' title='bbox 739 4021 839 4106; x_wconf 81' lang='lat' dir='ltr'><strong>dicit</strong></span> <span class='ocrx_word' id='word_1_267' title='bbox 868 4025 1012 4132; x_wconf 78' lang='lat' dir='ltr'><strong>regula</strong></span> <span class='ocrx_word' id='word_1_268' title='bbox 1053 4025 1105 4110; x_wconf 91' lang='lat' dir='ltr'><strong>de</strong></span> <span class='ocrx_word' id='word_1_269' title='bbox 1134 4023 1364 4134; x_wconf 82' lang='lat' dir='ltr'><strong>hospitibus</strong></span> <span class='ocrx_word' id='word_1_270' title='bbox 1393 4019 1678 4124; x_wconf 86' lang='lat' dir='ltr'><strong>suscipiendis:</strong></span> 
     </span>
     <span class='ocr_line' id='line_1_30' title="bbox 269 4147 1680 4259; baseline 0.009 -38"><span class='ocrx_word' id='word_1_271' title='bbox 269 4151 303 4226; x_wconf 80' lang='lat' dir='ltr'><strong>et</strong></span> <span class='ocrx_word' id='word_1_272' title='bbox 332 4149 473 4230; x_wconf 71' lang='lat' dir='ltr'><strong>decreras</strong></span> <span class='ocrx_word' id='word_1_273' title='bbox 504 4147 586 4233; x_wconf 86' lang='lat' dir='ltr'><strong>Dei</strong></span> <span class='ocrx_word' id='word_1_274' title='bbox 614 4153 819 4257; x_wconf 78' lang='lat' dir='ltr'><strong>supienter</strong></span> <span class='ocrx_word' id='word_1_275' title='bbox 842 4181 869 4236; x_wconf 89' lang='lat' dir='ltr'><strong>a</strong></span> <span class='ocrx_word' id='word_1_276' title='bbox 897 4155 1150 4259; x_wconf 73' lang='lat' dir='ltr'><strong>sapientibus</strong></span> <span class='ocrx_word' id='word_1_277' title='bbox 1178 4152 1496 4251; x_wconf 72' lang='lat' dir='ltr'><strong>ardiatinistretnr,</strong></span> <span class='ocrx_word' id='word_1_278' title='bbox 1526 4148 1680 4233; x_wconf 89' lang='lat' dir='ltr'><strong>intelli-</strong></span> 
     </span>
     <span class='ocr_line' id='line_1_31' title="bbox 269 4271 1731 4391; baseline 0.001 -33"><span class='ocrx_word' id='word_1_279' title='bbox 269 4285 387 4383; x_wconf 79' lang='lat' dir='ltr'><strong>gunt,</strong></span> <span class='ocrx_word' id='word_1_280' title='bbox 410 4278 507 4389; x_wconf 85' lang='lat' dir='ltr'><strong>quio</strong></span> <span class='ocrx_word' id='word_1_281' title='bbox 523 4279 822 4383; x_wconf 87' lang='lat' dir='ltr'><strong>dormitorium,</strong></span> <span class='ocrx_word' id='word_1_282' title='bbox 849 4285 920 4370; x_wconf 92' lang='lat' dir='ltr'><strong>ubi</strong></span> <span class='ocrx_word' id='word_1_283' title='bbox 937 4283 1126 4368; x_wconf 89' lang='lat' dir='ltr'><strong>monachi</strong></span> <span class='ocrx_word' id='word_1_284' title='bbox 1150 4281 1299 4391; x_wconf 88' lang='lat' dir='ltr'><strong>suseipi</strong></span> <span class='ocrx_word' id='word_1_285' title='bbox 1317 4281 1480 4382; x_wconf 88' lang='lat' dir='ltr'><strong>debent,</strong></span> <span class='ocrx_word' id='word_1_286' title='bbox 1507 4277 1681 4362; x_wconf 81' lang='lat' dir='ltr'><strong>hebetur</strong></span> <span class='ocrx_word' id='word_1_287' title='bbox 1730 4271 1731 4276; x_wconf 47' lang='lat'>‘</span> 
     </span>
     <span class='ocr_line' id='line_1_32' title="bbox 268 4397 1750 4520; baseline 0.004 -34"><span class='ocrx_word' id='word_1_288' title='bbox 268 4397 496 4516; x_wconf 80' lang='lat' dir='ltr'><strong>separatura</strong></span> <span class='ocrx_word' id='word_1_289' title='bbox 527 4439 553 4494; x_wconf 90' lang='lat' dir='ltr'><strong>a</strong></span> <span class='ocrx_word' id='word_1_290' title='bbox 582 4412 778 4497; x_wconf 86' lang='lat' dir='ltr'><strong>laicorum</strong></span> <span class='ocrx_word' id='word_1_291' title='bbox 809 4414 1018 4520; x_wconf 84' lang='lat' dir='ltr'><strong>cubiculo,</strong></span> <span class='ocrx_word' id='word_1_292' title='bbox 1058 4413 1085 4501; x_wconf 91' lang='lat' dir='ltr'><strong>i.</strong></span> <span class='ocrx_word' id='word_1_293' title='bbox 1116 4441 1150 4500; x_wconf 90' lang='lat' dir='ltr'><strong>e.</strong></span> <span class='ocrx_word' id='word_1_294' title='bbox 1189 4412 1260 4496; x_wconf 89' lang='lat' dir='ltr'><strong>ubi</strong></span> <span class='ocrx_word' id='word_1_295' title='bbox 1299 4409 1394 4494; x_wconf 84' lang='lat' dir='ltr'><strong>lniei</strong></span> <span class='ocrx_word' id='word_1_296' title='bbox 1426 4409 1587 4518; x_wconf 78' lang='lat' dir='ltr'><strong>jacent,</strong></span> <span class='ocrx_word' id='word_1_297' title='bbox 1632 4439 1679 4505; x_wconf 84' lang='lat' dir='ltr'><strong>oo</strong></span> <span class='ocrx_word' id='word_1_298' title='bbox 1746 4502 1750 4509; x_wconf 22' lang='lat'>¹</span> 
     </span>
     <span class='ocr_line' id='line_1_33' title="bbox 269 4537 1680 4655; baseline 0.002 -36"><span class='ocrx_word' id='word_1_299' title='bbox 269 4537 376 4643; x_wconf 89' lang='lat' dir='ltr'><strong>qaod</strong></span> <span class='ocrx_word' id='word_1_300' title='bbox 403 4537 497 4624; x_wconf 88' lang='lat' dir='ltr'><strong>laici</strong></span> <span class='ocrx_word' id='word_1_301' title='bbox 527 4561 700 4652; x_wconf 81' lang='lat' dir='ltr'><strong>possunt</strong></span> <span class='ocrx_word' id='word_1_302' title='bbox 726 4550 836 4630; x_wconf 89' lang='lat' dir='ltr'><strong>stare</strong></span> <span class='ocrx_word' id='word_1_303' title='bbox 864 4573 993 4655; x_wconf 84' lang='lat' dir='ltr'><strong>nsque</strong></span> <span class='ocrx_word' id='word_1_304' title='bbox 1023 4543 1195 4629; x_wconf 89' lang='lat' dir='ltr'><strong>mediam</strong></span> <span class='ocrx_word' id='word_1_305' title='bbox 1233 4547 1395 4626; x_wconf 88' lang='lat' dir='ltr'><strong>noctem</strong></span> <span class='ocrx_word' id='word_1_306' title='bbox 1425 4545 1465 4622; x_wconf 92' lang='lat' dir='ltr'><strong>et</strong></span> <span class='ocrx_word' id='word_1_307' title='bbox 1496 4537 1609 4648; x_wconf 87' lang='lat' dir='ltr'><strong>ioqui</strong></span> <span class='ocrx_word' id='word_1_308' title='bbox 1638 4545 1680 4622; x_wconf 88' lang='lat' dir='ltr'><strong>et</strong></span> 
     </span>
     <span class='ocr_line' id='line_1_34' title="bbox 263 4665 1678 4786; baseline 0.003 -36"><span class='ocrx_word' id='word_1_309' title='bbox 263 4665 403 4772; x_wconf 83' lang='lat' dir='ltr'><strong>jocari,</strong></span> <span class='ocrx_word' id='word_1_310' title='bbox 434 4675 476 4756; x_wconf 92' lang='lat' dir='ltr'><strong>et</strong></span> <span class='ocrx_word' id='word_1_311' title='bbox 506 4675 699 4760; x_wconf 90' lang='lat' dir='ltr'><strong>monachi</strong></span> <span class='ocrx_word' id='word_1_312' title='bbox 727 4705 811 4760; x_wconf 93' lang='lat' dir='ltr'><strong>uon</strong></span> <span class='ocrx_word' id='word_1_313' title='bbox 843 4678 1007 4781; x_wconf 88' lang='lat' dir='ltr'><strong>debeat,</strong></span> <span class='ocrx_word' id='word_1_314' title='bbox 1037 4675 1108 4764; x_wconf 89' lang='lat' dir='ltr'><strong>sed</strong></span> <span class='ocrx_word' id='word_1_315' title='bbox 1137 4675 1269 4785; x_wconf 79' lang='lat' dir='ltr'><strong>magis</strong></span> <span class='ocrx_word' id='word_1_316' title='bbox 1290 4670 1499 4758; x_wconf 88' lang='lat' dir='ltr'><strong>silentium</strong></span> <span class='ocrx_word' id='word_1_317' title='bbox 1529 4669 1678 4786; x_wconf 82' lang='lat' dir='ltr'><strong>habere</strong></span> 
     </span>
     <span class='ocr_line' id='line_1_35' title="bbox 268 4801 1677 4916; baseline 0.004 -36"><span class='ocrx_word' id='word_1_318' title='bbox 268 4804 310 4881; x_wconf 88' lang='lat' dir='ltr'><strong>et</strong></span> <span class='ocrx_word' id='word_1_319' title='bbox 324 4826 450 4889; x_wconf 85' lang='lat' dir='ltr'><strong>orare.</strong></span> <span class='ocrx_word' id='word_1_320' title='bbox 490 4801 720 4916; x_wconf 84' lang='lat' dir='ltr'><strong>Ideojuxta</strong></span> <span class='ocrx_word' id='word_1_321' title='bbox 735 4809 961 4894; x_wconf 88' lang='lat' dir='ltr'><strong>oratorium</strong></span> <span class='ocrx_word' id='word_1_322' title='bbox 979 4809 1143 4893; x_wconf 85' lang='lat' dir='ltr'><strong>illorum</strong></span> <span class='ocrx_word' id='word_1_323' title='bbox 1158 4803 1452 4890; x_wconf 88' lang='lat' dir='ltr'><strong>monachorum</strong></span> <span class='ocrx_word' id='word_1_324' title='bbox 1469 4802 1677 4912; x_wconf 76' lang='lat' dir='ltr'><strong>hospitum</strong></span> 
     </span>
     <span class='ocr_line' id='line_1_36' title="bbox 267 4915 1682 5050; baseline 0.004 -40"><span class='ocrx_word' id='word_1_325' title='bbox 267 4939 329 5012; x_wconf 88' lang='lat' dir='ltr'><strong>est</strong></span> <span class='ocrx_word' id='word_1_326' title='bbox 356 4934 655 5043; x_wconf 76' lang='lat' dir='ltr'><strong>(tarantasiam,</strong></span> <span class='ocrx_word' id='word_1_327' title='bbox 684 4941 755 5024; x_wconf 93' lang='lat' dir='ltr'><strong>ubi</strong></span> <span class='ocrx_word' id='word_1_328' title='bbox 786 4939 864 5050; x_wconf 90' lang='lat' dir='ltr'><strong>ipsi</strong></span> <span class='ocrx_word' id='word_1_329' title='bbox 889 4939 1054 5048; x_wconf 82' lang='lat' dir='ltr'><strong>jaceant</strong></span> <span class='ocrx_word' id='word_1_330' title='bbox 1075 4938 1152 5022; x_wconf 90' lang='lat' dir='ltr'><strong>soii</strong></span> <span class='ocrx_word' id='word_1_331' title='bbox 1170 4915 1491 5036; x_wconf 56' lang='lat' dir='ltr'><strong>reverenter,&#39;et</strong></span> <span class='ocrx_word' id='word_1_332' title='bbox 1519 4934 1682 5043; x_wconf 89' lang='lat' dir='ltr'><strong>possint·</strong></span> 
     </span>
    </p>
   </div>
   <div class='ocr_carea' id='block_1_7' title="bbox 275 5121 533 5138">
    <p class='ocr_par' dir='ltr' id='par_1_7' title="bbox 275 5121 533 5138">
     <span class='ocr_line' id='line_1_37' title="bbox 275 5121 533 5138; baseline 0 0"><span class='ocrx_word' id='word_1_333' title='bbox 275 5121 533 5138; x_wconf 56' lang='grc' dir='ltr'><em>Ἣ</em></span> 
     </span>
    </p>
   </div>
   <div class='ocr_carea' id='block_1_8' title="bbox 353 5219 709 5319">
    <p class='ocr_par' dir='ltr' id='par_1_8' title="bbox 353 5219 709 5319">
     <span class='ocr_line' id='line_1_38' title="bbox 353 5219 709 5319; baseline 0.014 -28"><span class='ocrx_word' id='word_1_334' title='bbox 353 5220 381 5308; x_wconf 80' lang='grc'><strong>1)</strong></span> <span class='ocrx_word' id='word_1_335' title='bbox 404 5219 521 5294; x_wconf 84' lang='lat' dir='ltr'><strong>dicere</strong></span> <span class='ocrx_word' id='word_1_336' title='bbox 544 5225 601 5319; x_wconf 74' lang='lat' dir='ltr'><strong>(t).</strong></span> <span class='ocrx_word' id='word_1_337' title='bbox 708 5299 709 5302; x_wconf 64' lang='grc'>,</span> 
     </span>
    </p>
   </div>
   <div class='ocr_carea' id='block_1_9' title="bbox 1354 5340 1453 5455">
    <p class='ocr_par' dir='ltr' id='par_1_9' title="bbox 1354 5340 1453 5455">
     <span class='ocr_line' id='line_1_39' title="bbox 1354 5340 1453 5455; baseline 0.02 -31"><span class='ocrx_word' id='word_1_338' title='bbox 1354 5340 1453 5455; x_wconf 60' lang='grc' dir='ltr'><strong>ω*</strong></span> 
     </span>
    </p>
   </div>
   <div class='ocr_carea' id='block_1_10' title="bbox 0 0 2006 5792">
    <p class='ocr_par' dir='ltr' id='par_1_10' title="bbox 0 0 2006 5792">
     <span class='ocr_line' id='line_1_40' title="bbox 0 0 2006 5792; baseline 0 4"><span class='ocrx_word' id='word_1_339' title='bbox 0 0 2006 5792; x_wconf 95' lang='lat' dir='ltr'><strong> </strong></span> 
     </span>
    </p>
   </div>
  </div>
 </body>
</html>
