<?xml version="1.0" encoding="UTF-8"?>
<!DOCTYPE html PUBLIC "-//W3C//DTD XHTML 1.0 Transitional//EN"
    "http://www.w3.org/TR/xhtml1/DTD/xhtml1-transitional.dtd">
<html xmlns="http://www.w3.org/1999/xhtml" xml:lang="en" lang="en">
 <head>
  <title>
</title>
<meta http-equiv="Content-Type" content="text/html;charset=utf-8" />
  <meta name='ocr-system' content='tesseract 3.04.00' />
  <meta name='ocr-capabilities' content='ocr_page ocr_carea ocr_par ocr_line ocrx_word'/>
</head>
<body>
  <div class='ocr_page' id='page_1' title='image "./vitaetregulassp01benegoog_0366.png"; bbox 0 0 3974 5778; ppageno 0'>
   <div class='ocr_carea' id='block_1_1' title="bbox 816 137 1763 286">
    <p class='ocr_par' dir='ltr' id='par_1_1' title="bbox 769 137 1763 286">
     <span class='ocr_line' id='line_1_1' title="bbox 816 137 1763 286; baseline 0 -22"><span class='ocrx_word' id='word_1_1' title='bbox 816 187 1060 286; x_wconf 61' lang='lat' dir='ltr'><strong>oapxxm.</strong></span> <span class='ocrx_word' id='word_1_2' title='bbox 1251 271 1254 278; x_wconf 11' lang='grc' dir='ltr'><strong>Α</strong></span> <span class='ocrx_word' id='word_1_3' title='bbox 1486 193 1643 284; x_wconf 78' lang='lat'><strong>‚337</strong></span> <span class='ocrx_word' id='word_1_4' title='bbox 1759 137 1763 147; x_wconf 40' lang='lat'><em>¹</em></span> 
     </span>
    </p>
   </div>
   <div class='ocr_carea' id='block_1_2' title="bbox 238 361 1916 525">
    <p class='ocr_par' dir='ltr' id='par_1_2' title="bbox 238 361 1916 525">
     <span class='ocr_line' id='line_1_2' title="bbox 238 361 1916 525; baseline -0.011 -17"><span class='ocrx_word' id='word_1_5' title='bbox 238 422 422 509; x_wconf 84' lang='lat' dir='ltr'><strong>debeant.</strong></span> <span class='ocrx_word' id='word_1_6' title='bbox 462 361 604 525; x_wconf 45' lang='grc' dir='ltr'>ἷζΓοιιιι</span> <span class='ocrx_word' id='word_1_7' title='bbox 634 411 734 498; x_wconf 89' lang='lat' dir='ltr'><strong>dicit</strong></span> <span class='ocrx_word' id='word_1_8' title='bbox 761 413 928 524; x_wconf 90' lang='lat' dir='ltr'><strong>aliquis:</strong></span> <span class='ocrx_word' id='word_1_9' title='bbox 971 411 1067 498; x_wconf 90' lang='lat' dir='ltr'><strong>Non</strong></span> <span class='ocrx_word' id='word_1_10' title='bbox 1096 413 1174 498; x_wconf 92' lang='lat' dir='ltr'><strong>boc</strong></span> <span class='ocrx_word' id='word_1_11' title='bbox 1204 417 1346 524; x_wconf 89' lang='lat' dir='ltr'><strong>regula</strong></span> <span class='ocrx_word' id='word_1_12' title='bbox 1376 415 1487 520; x_wconf 86' lang='lat' dir='ltr'><strong>dicit,</strong></span> <span class='ocrx_word' id='word_1_13' title='bbox 1529 421 1575 496; x_wconf 94' lang='lat' dir='ltr'><strong>nt</strong></span> <span class='ocrx_word' id='word_1_14' title='bbox 1605 413 1645 494; x_wconf 90' lang='lat' dir='ltr'><strong>in</strong></span> <span class='ocrx_word' id='word_1_15' title='bbox 1796 429 1798 434; x_wconf 69' lang='lat'><em>&#39;</em></span> <span class='ocrx_word' id='word_1_16' title='bbox 1876 445 1916 481; x_wconf 85' lang='lat'><strong>··</strong></span> 
     </span>
    </p>
   </div>
   <div class='ocr_carea' id='block_1_3' title="bbox 237 543 1710 916">
    <p class='ocr_par' dir='ltr' id='par_1_3' title="bbox 237 543 1710 916">
     <span class='ocr_line' id='line_1_3' title="bbox 240 543 1710 655; baseline -0.007 -18"><span class='ocrx_word' id='word_1_17' title='bbox 240 550 425 638; x_wconf 85' lang='lat' dir='ltr'><strong>oarrribus</strong></span> <span class='ocrx_word' id='word_1_18' title='bbox 453 547 536 629; x_wconf 90' lang='lat' dir='ltr'><strong>sint</strong></span> <span class='ocrx_word' id='word_1_19' title='bbox 565 543 754 650; x_wconf 75' lang='lat' dir='ltr'><strong>magistri</strong></span> <span class='ocrx_word' id='word_1_20' title='bbox 782 570 873 627; x_wconf 92' lang='lat' dir='ltr'><strong>cum</strong></span> <span class='ocrx_word' id='word_1_21' title='bbox 903 545 1142 630; x_wconf 82' lang='lat' dir='ltr'><strong>infantibus.</strong></span> <span class='ocrx_word' id='word_1_22' title='bbox 1204 543 1296 648; x_wconf 89' lang='lat' dir='ltr'><strong>lste,</strong></span> <span class='ocrx_word' id='word_1_23' title='bbox 1326 547 1395 655; x_wconf 90' lang='lat' dir='ltr'><strong>qui</strong></span> <span class='ocrx_word' id='word_1_24' title='bbox 1426 546 1503 629; x_wconf 92' lang='lat' dir='ltr'><strong>hoc</strong></span> <span class='ocrx_word' id='word_1_25' title='bbox 1534 544 1645 646; x_wconf 88' lang='lat' dir='ltr'><strong>dicit,</strong></span> <span class='ocrx_word' id='word_1_26' title='bbox 1709 587 1710 590; x_wconf 17' lang='grc' dir='ltr'>ι</span> 
     </span>
     <span class='ocr_line' id='line_1_4' title="bbox 239 671 1645 802; baseline -0.007 -34"><span class='ocrx_word' id='word_1_27' title='bbox 239 713 317 768; x_wconf 84' lang='lat' dir='ltr'><strong>aron</strong></span> <span class='ocrx_word' id='word_1_28' title='bbox 337 676 534 786; x_wconf 81' lang='lat' dir='ltr'><strong>intelligit</strong></span> <span class='ocrx_word' id='word_1_29' title='bbox 561 671 758 782; x_wconf 87' lang='lat' dir='ltr'><strong>regulum,</strong></span> <span class='ocrx_word' id='word_1_30' title='bbox 789 702 893 784; x_wconf 72' lang='lat' dir='ltr'><strong>(praue</strong></span> <span class='ocrx_word' id='word_1_31' title='bbox 921 674 999 756; x_wconf 87' lang='lat' dir='ltr'><strong>ait:</strong></span> <span class='ocrx_word' id='word_1_32' title='bbox 1030 674 1099 758; x_wconf 84' lang='lat' dir='ltr'><strong>abi</strong></span> <span class='ocrx_word' id='word_1_33' title='bbox 1120 681 1155 757; x_wconf 86' lang='lat' dir='ltr'><strong>ct</strong></span> <span class='ocrx_word' id='word_1_34' title='bbox 1176 676 1242 757; x_wconf 79' lang='lat' dir='ltr'><strong>rabi</strong></span> <span class='ocrx_word' id='word_1_35' title='bbox 1260 678 1525 802; x_wconf 78' lang='lat' dir='ltr'><strong>arratadiasil,</strong></span> <span class='ocrx_word' id='word_1_36' title='bbox 1555 703 1645 758; x_wconf 91' lang='lat' dir='ltr'><strong>curn</strong></span> 
     </span>
     <span class='ocr_line' id='line_1_5' title="bbox 237 802 1649 916; baseline -0.006 -19"><span class='ocrx_word' id='word_1_37' title='bbox 237 809 459 898; x_wconf 79' lang='lat' dir='ltr'><strong>satietati</strong></span> <span class='ocrx_word' id='word_1_38' title='bbox 489 802 739 912; x_wconf 75' lang='lat' dir='ltr'><strong>intelligitur</strong></span> <span class='ocrx_word' id='word_1_39' title='bbox 766 805 810 887; x_wconf 82' lang='lat' dir='ltr'><strong>iu</strong></span> <span class='ocrx_word' id='word_1_40' title='bbox 839 803 949 888; x_wconf 76' lang='lat' dir='ltr'><strong>orum</strong></span> <span class='ocrx_word' id='word_1_41' title='bbox 973 803 1067 908; x_wconf 86' lang='lat' dir='ltr'><strong>laco,</strong></span> <span class='ocrx_word' id='word_1_42' title='bbox 1098 809 1140 888; x_wconf 90' lang='lat' dir='ltr'><strong>et</strong></span> <span class='ocrx_word' id='word_1_43' title='bbox 1169 806 1321 888; x_wconf 89' lang='lat' dir='ltr'><strong>nullom</strong></span> <span class='ocrx_word' id='word_1_44' title='bbox 1356 806 1649 916; x_wconf 74' lang='lat' dir='ltr'><strong>praetermittit</strong></span> 
     </span>
    </p>
   </div>
   <div class='ocr_carea' id='block_1_4' title="bbox 240 931 1881 1042">
    <p class='ocr_par' dir='ltr' id='par_1_4' title="bbox 240 931 1881 1042">
     <span class='ocr_line' id='line_1_6' title="bbox 240 931 1881 1042; baseline -0.009 -13"><span class='ocrx_word' id='word_1_45' title='bbox 240 947 265 1032; x_wconf 88' lang='lat' dir='ltr'><strong>i.</strong></span> <span class='ocrx_word' id='word_1_46' title='bbox 294 973 327 1026; x_wconf 89' lang='lat' dir='ltr'><strong>c.</strong></span> <span class='ocrx_word' id='word_1_47' title='bbox 358 941 441 1024; x_wconf 86' lang='lat' dir='ltr'><strong>sive</strong></span> <span class='ocrx_word' id='word_1_48' title='bbox 471 931 618 1018; x_wconf 90' lang='lat' dir='ltr'><strong>stando</strong></span> <span class='ocrx_word' id='word_1_49' title='bbox 658 937 730 1017; x_wconf 90' lang='lat' dir='ltr'><strong>ant</strong></span> <span class='ocrx_word' id='word_1_50' title='bbox 769 933 1019 1018; x_wconf 84' lang='lat' dir='ltr'><strong>arrabulando</strong></span> <span class='ocrx_word' id='word_1_51' title='bbox 1059 939 1133 1017; x_wconf 90' lang='lat' dir='ltr'><strong>aut</strong></span> <span class='ocrx_word' id='word_1_52' title='bbox 1170 935 1349 1019; x_wconf 88' lang='lat' dir='ltr'><strong>sedendo</strong></span> <span class='ocrx_word' id='word_1_53' title='bbox 1384 943 1457 1019; x_wconf 76' lang='lat' dir='ltr'><strong>aaut</strong></span> <span class='ocrx_word' id='word_1_54' title='bbox 1492 935 1646 1042; x_wconf 89' lang='lat' dir='ltr'><strong>aliquid</strong></span> <span class='ocrx_word' id='word_1_55' title='bbox 1792 997 1795 1002; x_wconf 83' lang='lat'><em>.</em></span> <span class='ocrx_word' id='word_1_56' title='bbox 1859 979 1881 1035; x_wconf 82' lang='lat'><strong>·.</strong></span> 
     </span>
    </p>
   </div>
   <div class='ocr_carea' id='block_1_5' title="bbox 131 1063 1649 1452">
    <p class='ocr_par' dir='ltr' id='par_1_5' title="bbox 131 1063 1649 1452">
     <span class='ocr_line' id='line_1_7' title="bbox 238 1063 1648 1182; baseline -0.008 -23"><span class='ocrx_word' id='word_1_57' title='bbox 238 1071 407 1182; x_wconf 84' lang='lat' dir='ltr'><strong>agendo.</strong></span> <span class='ocrx_word' id='word_1_58' title='bbox 456 1067 544 1152; x_wconf 90' lang='lat' dir='ltr'><strong>Nos</strong></span> <span class='ocrx_word' id='word_1_59' title='bbox 560 1093 655 1149; x_wconf 87' lang='lat' dir='ltr'><strong>vcro</strong></span> <span class='ocrx_word' id='word_1_60' title='bbox 673 1095 754 1150; x_wconf 81' lang='lat' dir='ltr'><strong>nora</strong></span> <span class='ocrx_word' id='word_1_61' title='bbox 775 1063 946 1149; x_wconf 78' lang='lat' dir='ltr'><strong>dicimus</strong></span> <span class='ocrx_word' id='word_1_62' title='bbox 963 1093 1080 1164; x_wconf 87' lang='lat' dir='ltr'><strong>nova,</strong></span> <span class='ocrx_word' id='word_1_63' title='bbox 1107 1063 1176 1146; x_wconf 88' lang='lat' dir='ltr'><strong>ssd</strong></span> <span class='ocrx_word' id='word_1_64' title='bbox 1193 1063 1461 1173; x_wconf 78' lang='lat' dir='ltr'><strong>intelligimus</strong></span> <span class='ocrx_word' id='word_1_65' title='bbox 1483 1065 1648 1173; x_wconf 85' lang='lat' dir='ltr'><strong>regulae</strong></span> 
     </span>
     <span class='ocr_line' id='line_1_8' title="bbox 131 1195 1648 1314; baseline -0.008 -26"><span class='ocrx_word' id='word_1_66' title='bbox 131 1195 155 1304; x_wconf 52' lang='lat' dir='ltr'>J</span> <span class='ocrx_word' id='word_1_67' title='bbox 234 1206 355 1314; x_wconf 87' lang='lat' dir='ltr'><strong>jussa,</strong></span> <span class='ocrx_word' id='word_1_68' title='bbox 386 1227 490 1308; x_wconf 83' lang='lat' dir='ltr'><strong>qnae</strong></span> <span class='ocrx_word' id='word_1_69' title='bbox 519 1196 639 1280; x_wconf 87' lang='lat' dir='ltr'><strong>etiam</strong></span> <span class='ocrx_word' id='word_1_70' title='bbox 666 1195 841 1279; x_wconf 81' lang='lat' dir='ltr'><strong>virlimus</strong></span> <span class='ocrx_word' id='word_1_71' title='bbox 871 1195 989 1280; x_wconf 86' lang='lat' dir='ltr'><strong>facta.</strong></span> <span class='ocrx_word' id='word_1_72' title='bbox 1049 1195 1154 1293; x_wconf 83' lang='lat' dir='ltr'><strong>Quia</strong></span> <span class='ocrx_word' id='word_1_73' title='bbox 1174 1195 1281 1278; x_wconf 87' lang='lat' dir='ltr'><strong>istud</strong></span> <span class='ocrx_word' id='word_1_74' title='bbox 1301 1196 1369 1278; x_wconf 88' lang='lat' dir='ltr'><strong>ubi</strong></span> <span class='ocrx_word' id='word_1_75' title='bbox 1387 1199 1423 1280; x_wconf 86' lang='lat' dir='ltr'><strong>ct</strong></span> <span class='ocrx_word' id='word_1_76' title='bbox 1450 1197 1518 1279; x_wconf 87' lang='lat' dir='ltr'><strong>nbi</strong></span> <span class='ocrx_word' id='word_1_77' title='bbox 1547 1195 1648 1278; x_wconf 88' lang='lat' dir='ltr'><strong>nibil</strong></span> 
     </span>
     <span class='ocr_line' id='line_1_9' title="bbox 149 1323 1649 1452; baseline -0.003 -42"><span class='ocrx_word' id='word_1_78' title='bbox 149 1437 153 1452; x_wconf 91' lang='lat'>.</span> <span class='ocrx_word' id='word_1_79' title='bbox 240 1325 546 1446; x_wconf 77' lang='lat' dir='ltr'><strong>praetermittit,</strong></span> <span class='ocrx_word' id='word_1_80' title='bbox 588 1326 657 1408; x_wconf 88' lang='lat' dir='ltr'><strong>sed</strong></span> <span class='ocrx_word' id='word_1_81' title='bbox 699 1329 837 1410; x_wconf 82' lang='lat' dir='ltr'><strong>anarriu</strong></span> <span class='ocrx_word' id='word_1_82' title='bbox 880 1325 969 1407; x_wconf 90' lang='lat' dir='ltr'><strong>loca</strong></span> <span class='ocrx_word' id='word_1_83' title='bbox 1010 1323 1338 1434; x_wconf 84' lang='lat' dir='ltr'><strong>noruprelrendit,</strong></span> <span class='ocrx_word' id='word_1_84' title='bbox 1382 1323 1472 1407; x_wconf 88' lang='lat' dir='ltr'><strong>ideo</strong></span> <span class='ocrx_word' id='word_1_85' title='bbox 1511 1324 1649 1406; x_wconf 85' lang='lat' dir='ltr'><strong>taliter</strong></span> 
     </span>
    </p>
   </div>
   <div class='ocr_carea' id='block_1_6' title="bbox 240 1455 1803 1565">
    <p class='ocr_par' dir='ltr' id='par_1_6' title="bbox 240 1455 1803 1565">
     <span class='ocr_line' id='line_1_10' title="bbox 240 1455 1803 1565; baseline -0.003 -24"><span class='ocrx_word' id='word_1_86' title='bbox 240 1456 516 1564; x_wconf 81' lang='lat' dir='ltr'><strong>intelligimus,</strong></span> <span class='ocrx_word' id='word_1_87' title='bbox 542 1455 719 1564; x_wconf 88' lang='lat' dir='ltr'><strong>qualiter</strong></span> <span class='ocrx_word' id='word_1_88' title='bbox 736 1455 954 1565; x_wconf 88' lang='lat' dir='ltr'><strong>impleatur</strong></span> <span class='ocrx_word' id='word_1_89' title='bbox 970 1459 1245 1564; x_wconf 88' lang='lat' dir='ltr'><strong>praeceptum,</strong></span> <span class='ocrx_word' id='word_1_90' title='bbox 1265 1482 1317 1537; x_wconf 90' lang='lat' dir='ltr'><strong>ue</strong></span> <span class='ocrx_word' id='word_1_91' title='bbox 1331 1460 1648 1564; x_wconf 78' lang='lat' dir='ltr'><strong>transgressores</strong></span> <span class='ocrx_word' id='word_1_92' title='bbox 1795 1463 1803 1472; x_wconf 81' lang='lat'><strong><em>‘</em></strong></span> 
     </span>
    </p>
   </div>
   <div class='ocr_carea' id='block_1_7' title="bbox 239 1565 1647 1696">
    <p class='ocr_par' dir='ltr' id='par_1_7' title="bbox 239 1565 1647 1696">
     <span class='ocr_line' id='line_1_11' title="bbox 239 1565 1647 1696; baseline -0.001 -26"><span class='ocrx_word' id='word_1_93' title='bbox 239 1587 414 1692; x_wconf 76' lang='lat' dir='ltr'><strong>eiusdem</strong></span> <span class='ocrx_word' id='word_1_94' title='bbox 441 1577 644 1696; x_wconf 84' lang='lat' dir='ltr'><strong>praecepti</strong></span> <span class='ocrx_word' id='word_1_95' title='bbox 671 1565 930 1675; x_wconf 80' lang='lat' dir='ltr'><strong>existamusl</strong></span> <span class='ocrx_word' id='word_1_96' title='bbox 962 1586 1115 1686; x_wconf 82' lang='lat' dir='ltr'><strong>Quodsi</strong></span> <span class='ocrx_word' id='word_1_97' title='bbox 1139 1587 1208 1669; x_wconf 90' lang='lat' dir='ltr'><strong>ille</strong></span> <span class='ocrx_word' id='word_1_98' title='bbox 1233 1583 1394 1686; x_wconf 81' lang='lat' dir='ltr'><strong>dixerit,</strong></span> <span class='ocrx_word' id='word_1_99' title='bbox 1421 1587 1515 1695; x_wconf 88' lang='lat' dir='ltr'><strong>quia</strong></span> <span class='ocrx_word' id='word_1_100' title='bbox 1536 1585 1647 1684; x_wconf 85' lang='lat' dir='ltr'><strong>lmen,</strong></span> 
     </span>
    </p>
   </div>
   <div class='ocr_carea' id='block_1_8' title="bbox 239 1689 1835 1866">
    <p class='ocr_par' dir='ltr' id='par_1_8' title="bbox 239 1689 1835 1866">
     <span class='ocr_line' id='line_1_12' title="bbox 239 1689 1835 1866; baseline -0.003 -64"><span class='ocrx_word' id='word_1_101' title='bbox 239 1747 340 1828; x_wconf 74' lang='lat' dir='ltr'><strong>(puae</strong></span> <span class='ocrx_word' id='word_1_102' title='bbox 369 1717 623 1834; x_wconf 84' lang='lat' dir='ltr'><strong>dictasunt,</strong></span> <span class='ocrx_word' id='word_1_103' title='bbox 665 1742 748 1798; x_wconf 91' lang='lat' dir='ltr'><strong>non</strong></span> <span class='ocrx_word' id='word_1_104' title='bbox 790 1715 975 1866; x_wconf 81' lang='lat' dir='ltr'><strong>deberi¹)</strong></span> <span class='ocrx_word' id='word_1_105' title='bbox 1014 1723 1199 1800; x_wconf 87' lang='lat' dir='ltr'><strong>autnon</strong></span> <span class='ocrx_word' id='word_1_106' title='bbox 1230 1724 1401 1824; x_wconf 89' lang='lat' dir='ltr'><strong>possunt</strong></span> <span class='ocrx_word' id='word_1_107' title='bbox 1431 1703 1538 1817; x_wconf 82' lang='lat' dir='ltr'><strong>lieri,</strong></span> <span class='ocrx_word' id='word_1_108' title='bbox 1579 1715 1650 1798; x_wconf 90' lang='lat' dir='ltr'><strong>illc</strong></span> <span class='ocrx_word' id='word_1_109' title='bbox 1812 1689 1835 1726; x_wconf 19' lang='grc' dir='ltr'>Ἰ</span> 
     </span>
    </p>
   </div>
   <div class='ocr_carea' id='block_1_9' title="bbox 238 1844 1671 2087">
    <p class='ocr_par' dir='ltr' id='par_1_9' title="bbox 238 1844 1671 2087">
     <span class='ocr_line' id='line_1_13' title="bbox 240 1844 1671 1974; baseline 0.001 -45"><span class='ocrx_word' id='word_1_110' title='bbox 240 1849 383 1946; x_wconf 86' lang='lat' dir='ltr'><strong>rideat,</strong></span> <span class='ocrx_word' id='word_1_111' title='bbox 415 1845 483 1954; x_wconf 88' lang='lat' dir='ltr'><strong>qni</strong></span> <span class='ocrx_word' id='word_1_112' title='bbox 515 1845 592 1928; x_wconf 91' lang='lat' dir='ltr'><strong>hoc</strong></span> <span class='ocrx_word' id='word_1_113' title='bbox 622 1844 741 1945; x_wconf 88' lang='lat' dir='ltr'><strong>dicit,</strong></span> <span class='ocrx_word' id='word_1_114' title='bbox 706 1847 879 1931; x_wconf 88' lang='lat' dir='ltr'><strong>tet&#39;t</strong></span> <span class='ocrx_word' id='word_1_115' title='bbox 844 1854 904 1933; x_wconf 83' lang='lat' dir='ltr'><strong>uta</strong></span> <span class='ocrx_word' id='word_1_116' title='bbox 934 1847 1164 1958; x_wconf 88' lang='lat' dir='ltr'><strong>intelligat,</strong></span> <span class='ocrx_word' id='word_1_117' title='bbox 1126 1853 1247 1928; x_wconf 92' lang='lat' dir='ltr'><strong>tut</strong></span> <span class='ocrx_word' id='word_1_118' title='bbox 1274 1847 1411 1930; x_wconf 83' lang='lat' dir='ltr'><strong>rudlus</strong></span> <span class='ocrx_word' id='word_1_119' title='bbox 1441 1847 1636 1930; x_wconf 84' lang='lat' dir='ltr'><strong>lncnst</strong></span> <span class='ocrx_word' id='word_1_120' title='bbox 1582 1855 1649 1946; x_wconf 86' lang='lat' dir='ltr'><strong>srt,</strong></span> <span class='ocrx_word' id='word_1_121' title='bbox 1639 1912 1671 1974; x_wconf 64' lang='lat' dir='ltr'><strong>’a</strong></span> 
     </span>
     <span class='ocr_line' id='line_1_14' title="bbox 238 1955 1650 2087; baseline -0.001 -27"><span class='ocrx_word' id='word_1_122' title='bbox 238 1979 279 2061; x_wconf 94' lang='lat' dir='ltr'><strong>in</strong></span> <span class='ocrx_word' id='word_1_123' title='bbox 309 2005 390 2087; x_wconf 90' lang='lat' dir='ltr'><strong>qno</strong></span> <span class='ocrx_word' id='word_1_124' title='bbox 418 1955 598 2060; x_wconf 77' lang='lat' dir='ltr'><strong>iulantds</strong></span> <span class='ocrx_word' id='word_1_125' title='bbox 627 1983 699 2059; x_wconf 88' lang='lat' dir='ltr'><strong>ant</strong></span> <span class='ocrx_word' id='word_1_126' title='bbox 729 1977 1069 2063; x_wconf 79' lang='lat' dir='ltr'><strong>adolescentiores</strong></span> <span class='ocrx_word' id='word_1_127' title='bbox 1098 1984 1172 2061; x_wconf 90' lang='lat' dir='ltr'><strong>aut</strong></span> <span class='ocrx_word' id='word_1_128' title='bbox 1200 1977 1284 2082; x_wconf 87' lang='lat' dir='ltr'><strong>illi,</strong></span> <span class='ocrx_word' id='word_1_129' title='bbox 1324 1979 1392 2085; x_wconf 90' lang='lat' dir='ltr'><strong>qui</strong></span> <span class='ocrx_word' id='word_1_130' title='bbox 1423 1977 1557 2060; x_wconf 91' lang='lat' dir='ltr'><strong>minus</strong></span> <span class='ocrx_word' id='word_1_131' title='bbox 1586 1979 1650 2059; x_wconf 93' lang='lat' dir='ltr'><strong>in·</strong></span> 
     </span>
    </p>
   </div>
   <div class='ocr_carea' id='block_1_10' title="bbox 239 2107 1844 2219">
    <p class='ocr_par' dir='ltr' id='par_1_10' title="bbox 239 2107 1844 2219">
     <span class='ocr_line' id='line_1_15' title="bbox 239 2107 1844 2219; baseline -0.005 -28"><span class='ocrx_word' id='word_1_132' title='bbox 239 2109 421 2218; x_wconf 85' lang='lat' dir='ltr'><strong>telligere</strong></span> <span class='ocrx_word' id='word_1_133' title='bbox 453 2113 635 2216; x_wconf 87' lang='lat' dir='ltr'><strong>possunt,</strong></span> <span class='ocrx_word' id='word_1_134' title='bbox 673 2136 754 2191; x_wconf 91' lang='lat' dir='ltr'><strong>nou</strong></span> <span class='ocrx_word' id='word_1_135' title='bbox 786 2109 967 2192; x_wconf 84' lang='lat' dir='ltr'><strong>babeant</strong></span> <span class='ocrx_word' id='word_1_136' title='bbox 994 2109 1246 2204; x_wconf 87' lang='lat' dir='ltr'><strong>custodiam·</strong></span> <span class='ocrx_word' id='word_1_137' title='bbox 1289 2107 1385 2216; x_wconf 87' lang='lat' dir='ltr'><strong>qnia</strong></span> <span class='ocrx_word' id='word_1_138' title='bbox 1413 2107 1446 2190; x_wconf 89' lang='lat' dir='ltr'><strong>si</strong></span> <span class='ocrx_word' id='word_1_139' title='bbox 1476 2107 1650 2216; x_wconf 84' lang='lat' dir='ltr'><strong>quilibet</strong></span> <span class='ocrx_word' id='word_1_140' title='bbox 1774 2142 1844 2219; x_wconf 20' lang='grc' dir='ltr'><strong>,χι</strong></span> 
     </span>
    </p>
   </div>
   <div class='ocr_carea' id='block_1_11' title="bbox 239 2236 1712 2476">
    <p class='ocr_par' dir='ltr' id='par_1_11' title="bbox 239 2236 1712 2476">
     <span class='ocr_line' id='line_1_16' title="bbox 241 2236 1712 2348; baseline 0 -30"><span class='ocrx_word' id='word_1_141' title='bbox 241 2237 346 2320; x_wconf 90' lang='lat' dir='ltr'><strong>locus</strong></span> <span class='ocrx_word' id='word_1_142' title='bbox 388 2236 580 2338; x_wconf 81' lang='lat' dir='ltr'><strong>inerit,</strong></span> <span class='ocrx_word' id='word_1_143' title='bbox 571 2266 611 2320; x_wconf 91' lang='lat' dir='ltr'><strong>m</strong></span> <span class='ocrx_word' id='word_1_144' title='bbox 653 2267 735 2346; x_wconf 88' lang='lat' dir='ltr'><strong>quo</strong></span> <span class='ocrx_word' id='word_1_145' title='bbox 775 2269 857 2323; x_wconf 90' lang='lat' dir='ltr'><strong>uon</strong></span> <span class='ocrx_word' id='word_1_146' title='bbox 887 2239 942 2320; x_wconf 87' lang='lat' dir='ltr'><strong>sit·</strong></span> <span class='ocrx_word' id='word_1_147' title='bbox 982 2238 1240 2338; x_wconf 87' lang='lat' dir='ltr'><strong>custodia,</strong></span> <span class='ocrx_word' id='word_1_148' title='bbox 1222 2267 1307 2348; x_wconf 81' lang='lat' dir='ltr'><strong>Jaur</strong></span> <span class='ocrx_word' id='word_1_149' title='bbox 1350 2237 1651 2346; x_wconf 80' lang='lat' dir='ltr'><strong>praevaricator</strong></span> <span class='ocrx_word' id='word_1_150' title='bbox 1711 2271 1712 2274; x_wconf 16' lang='grc' dir='ltr'>ι</span> 
     </span>
     <span class='ocr_line' id='line_1_17' title="bbox 239 2365 1644 2476; baseline -0.001 -26"><span class='ocrx_word' id='word_1_151' title='bbox 239 2365 352 2450; x_wconf 86' lang='lat' dir='ltr'><strong>istius</strong></span> <span class='ocrx_word' id='word_1_152' title='bbox 380 2367 597 2476; x_wconf 87' lang='lat' dir='ltr'><strong>praecepti,</strong></span> <span class='ocrx_word' id='word_1_153' title='bbox 628 2365 704 2452; x_wconf 93' lang='lat' dir='ltr'><strong>boc</strong></span> <span class='ocrx_word' id='word_1_154' title='bbox 733 2375 795 2452; x_wconf 87' lang='lat' dir='ltr'><strong>est</strong></span> <span class='ocrx_word' id='word_1_155' title='bbox 824 2369 891 2451; x_wconf 86' lang='lat' dir='ltr'><strong>ubi</strong></span> <span class='ocrx_word' id='word_1_156' title='bbox 918 2375 954 2452; x_wconf 87' lang='lat' dir='ltr'><strong>cl</strong></span> <span class='ocrx_word' id='word_1_157' title='bbox 980 2367 1058 2470; x_wconf 84' lang='lat' dir='ltr'><strong>abi,</strong></span> <span class='ocrx_word' id='word_1_158' title='bbox 1088 2369 1237 2472; x_wconf 85' lang='lat' dir='ltr'><strong>existit,</strong></span> <span class='ocrx_word' id='word_1_159' title='bbox 1268 2396 1357 2451; x_wconf 84' lang='lat' dir='ltr'><strong>curn</strong></span> <span class='ocrx_word' id='word_1_160' title='bbox 1387 2366 1544 2450; x_wconf 86' lang='lat' dir='ltr'><strong>inisto</strong></span> <span class='ocrx_word' id='word_1_161' title='bbox 1576 2366 1644 2448; x_wconf 84' lang='lat' dir='ltr'><strong>abi</strong></span> 
     </span>
    </p>
   </div>
   <div class='ocr_carea' id='block_1_12' title="bbox 42 2495 1945 2742">
    <p class='ocr_par' dir='ltr' id='par_1_12' title="bbox 42 2495 1945 2742">
     <span class='ocr_line' id='line_1_18' title="bbox 240 2495 1945 2616; baseline -0.002 -36"><span class='ocrx_word' id='word_1_162' title='bbox 240 2501 275 2580; x_wconf 81' lang='lat' dir='ltr'><strong>u</strong></span> <span class='ocrx_word' id='word_1_163' title='bbox 303 2496 370 2578; x_wconf 75' lang='lat' dir='ltr'><strong>alu</strong></span> <span class='ocrx_word' id='word_1_164' title='bbox 399 2499 535 2580; x_wconf 81' lang='grc' dir='ltr'>οιιιιιίιι</span> <span class='ocrx_word' id='word_1_165' title='bbox 565 2499 653 2582; x_wconf 87' lang='lat' dir='ltr'><strong>locu</strong></span> <span class='ocrx_word' id='word_1_166' title='bbox 682 2501 994 2602; x_wconf 89' lang='lat' dir='ltr'><strong>contineantur,</strong></span> <span class='ocrx_word' id='word_1_167' title='bbox 1033 2507 1077 2582; x_wconf 91' lang='lat' dir='ltr'><strong>et</strong></span> <span class='ocrx_word' id='word_1_168' title='bbox 1104 2498 1242 2583; x_wconf 86' lang='lat' dir='ltr'><strong>nullas</strong></span> <span class='ocrx_word' id='word_1_169' title='bbox 1269 2499 1382 2581; x_wconf 92' lang='lat' dir='ltr'><strong>locus</strong></span> <span class='ocrx_word' id='word_1_170' title='bbox 1410 2497 1649 2606; x_wconf 87' lang='lat' dir='ltr'><strong>excipiatur.</strong></span> <span class='ocrx_word' id='word_1_171' title='bbox 1707 2554 1710 2560; x_wconf 82' lang='lat'>·</span> <span class='ocrx_word' id='word_1_172' title='bbox 1784 2495 1786 2500; x_wconf 76' lang='grc'><strong>’</strong></span> <span class='ocrx_word' id='word_1_173' title='bbox 1900 2599 1945 2616; x_wconf 63' lang='lat'><strong>„.</strong></span> 
     </span>
     <span class='ocr_line' id='line_1_19' title="bbox 42 2626 1647 2742; baseline -0.001 -33"><span class='ocrx_word' id='word_1_174' title='bbox 42 2651 43 2668; x_wconf 57' lang='lat'>¹</span> <span class='ocrx_word' id='word_1_175' title='bbox 105 2675 109 2685; x_wconf 96' lang='lat'>·</span> <span class='ocrx_word' id='word_1_176' title='bbox 240 2626 412 2709; x_wconf 86' lang='lat' dir='ltr'><strong>Maxime</strong></span> <span class='ocrx_word' id='word_1_177' title='bbox 441 2626 518 2710; x_wconf 91' lang='lat' dir='ltr'><strong>boc</strong></span> <span class='ocrx_word' id='word_1_178' title='bbox 539 2627 684 2712; x_wconf 88' lang='lat' dir='ltr'><strong>tiureat</strong></span> <span class='ocrx_word' id='word_1_179' title='bbox 711 2628 793 2730; x_wconf 88' lang='lat' dir='ltr'><strong>ille,</strong></span> <span class='ocrx_word' id='word_1_180' title='bbox 825 2629 895 2738; x_wconf 92' lang='lat' dir='ltr'><strong>qni</strong></span> <span class='ocrx_word' id='word_1_181' title='bbox 913 2630 1207 2742; x_wconf 79' lang='lat' dir='ltr'><strong>itaintelligit,</strong></span> <span class='ocrx_word' id='word_1_182' title='bbox 1238 2629 1345 2740; x_wconf 80' lang='lat' dir='ltr'><strong>q&#39;niri,</strong></span> <span class='ocrx_word' id='word_1_183' title='bbox 1376 2630 1502 2738; x_wconf 88' lang='lat' dir='ltr'><strong>siper</strong></span> <span class='ocrx_word' id='word_1_184' title='bbox 1530 2655 1647 2709; x_wconf 88' lang='lat' dir='ltr'><strong>sunm</strong></span> 
     </span>
    </p>
   </div>
   <div class='ocr_carea' id='block_1_13' title="bbox 242 2751 1651 2871">
    <p class='ocr_par' dir='ltr' id='par_1_13' title="bbox 242 2751 1651 2871">
     <span class='ocr_line' id='line_1_20' title="bbox 242 2751 1651 2871; baseline 0 -31"><span class='ocrx_word' id='word_1_185' title='bbox 242 2757 489 2840; x_wconf 88' lang='lat' dir='ltr'><strong>intellectum</strong></span> <span class='ocrx_word' id='word_1_186' title='bbox 521 2751 760 2842; x_wconf 85' lang='lat' dir='ltr'><strong>remanserit</strong></span> <span class='ocrx_word' id='word_1_187' title='bbox 788 2761 936 2871; x_wconf 87' lang='lat' dir='ltr'><strong>aliquis</strong></span> <span class='ocrx_word' id='word_1_188' title='bbox 959 2763 1072 2845; x_wconf 90' lang='lat' dir='ltr'><strong>locus</strong></span> <span class='ocrx_word' id='word_1_189' title='bbox 1096 2763 1184 2844; x_wconf 91' lang='lat' dir='ltr'><strong>sine</strong></span> <span class='ocrx_word' id='word_1_190' title='bbox 1203 2763 1387 2844; x_wconf 87' lang='lat' dir='ltr'><strong>custodia</strong></span> <span class='ocrx_word' id='word_1_191' title='bbox 1412 2767 1454 2842; x_wconf 91' lang='lat' dir='ltr'><strong>et</strong></span> <span class='ocrx_word' id='word_1_192' title='bbox 1475 2757 1651 2867; x_wconf 91' lang='lat' dir='ltr'><strong>quilibet</strong></span> 
     </span>
    </p>
   </div>
   <div class='ocr_carea' id='block_1_14' title="bbox 240 2873 1857 3000">
    <p class='ocr_par' dir='ltr' id='par_1_14' title="bbox 240 2873 1857 3000">
     <span class='ocr_line' id='line_1_21' title="bbox 240 2873 1857 3000; baseline 0.001 -31"><span class='ocrx_word' id='word_1_193' title='bbox 240 2887 413 2990; x_wconf 89' lang='lat' dir='ltr'><strong>illorum,</strong></span> <span class='ocrx_word' id='word_1_194' title='bbox 455 2887 523 2998; x_wconf 87' lang='lat' dir='ltr'><strong>qui</strong></span> <span class='ocrx_word' id='word_1_195' title='bbox 554 2891 629 2971; x_wconf 88' lang='lat' dir='ltr'><strong>sub</strong></span> <span class='ocrx_word' id='word_1_196' title='bbox 659 2891 844 2974; x_wconf 74' lang='lat' dir='ltr'><strong>aristodia</strong></span> <span class='ocrx_word' id='word_1_197' title='bbox 873 2899 992 2993; x_wconf 83' lang='lat' dir='ltr'><strong>suut,</strong></span> <span class='ocrx_word' id='word_1_198' title='bbox 1032 2892 1182 2976; x_wconf 88' lang='lat' dir='ltr'><strong>ibidem</strong></span> <span class='ocrx_word' id='word_1_199' title='bbox 1213 2893 1466 2977; x_wconf 83' lang='lat' dir='ltr'><strong>occasionem</strong></span> <span class='ocrx_word' id='word_1_200' title='bbox 1495 2889 1651 3000; x_wconf 89' lang='lat' dir='ltr'><strong>peccati</strong></span> <span class='ocrx_word' id='word_1_201' title='bbox 1703 2931 1707 2943; x_wconf 93' lang='lat'>·</span> <span class='ocrx_word' id='word_1_202' title='bbox 1748 2873 1752 2882; x_wconf 44' lang='lat'>¹</span> <span class='ocrx_word' id='word_1_203' title='bbox 1854 2905 1857 2912; x_wconf 89' lang='lat'>&#39;</span> 
     </span>
    </p>
   </div>
   <div class='ocr_carea' id='block_1_15' title="bbox 131 3018 1653 3266">
    <p class='ocr_par' dir='ltr' id='par_1_15' title="bbox 131 3018 1653 3266">
     <span class='ocr_line' id='line_1_22' title="bbox 239 3018 1653 3135; baseline 0.001 -35"><span class='ocrx_word' id='word_1_204' title='bbox 239 3018 441 3102; x_wconf 82' lang='lat' dir='ltr'><strong>invenerit</strong></span> <span class='ocrx_word' id='word_1_205' title='bbox 480 3029 522 3102; x_wconf 89' lang='lat' dir='ltr'><strong>et</strong></span> <span class='ocrx_word' id='word_1_206' title='bbox 566 3021 816 3128; x_wconf 79' lang='lat' dir='ltr'><strong>peccaverit,</strong></span> <span class='ocrx_word' id='word_1_207' title='bbox 863 3024 914 3106; x_wconf 89' lang='lat' dir='ltr'><strong>ad</strong></span> <span class='ocrx_word' id='word_1_208' title='bbox 958 3023 1091 3135; x_wconf 91' lang='lat' dir='ltr'><strong>ipsum</strong></span> <span class='ocrx_word' id='word_1_209' title='bbox 1137 3023 1310 3106; x_wconf 77' lang='lat' dir='ltr'><strong>niaxime</strong></span> <span class='ocrx_word' id='word_1_210' title='bbox 1352 3021 1452 3104; x_wconf 91' lang='lat' dir='ltr'><strong>illud</strong></span> <span class='ocrx_word' id='word_1_211' title='bbox 1501 3021 1653 3104; x_wconf 91' lang='lat' dir='ltr'><strong>malum</strong></span> 
     </span>
     <span class='ocr_line' id='line_1_23' title="bbox 131 3149 1651 3266; baseline 0.005 -36"><span class='ocrx_word' id='word_1_212' title='bbox 131 3193 136 3208; x_wconf 87' lang='lat'><strong>·</strong></span> <span class='ocrx_word' id='word_1_213' title='bbox 240 3149 425 3256; x_wconf 88' lang='lat' dir='ltr'><strong>respicit,</strong></span> <span class='ocrx_word' id='word_1_214' title='bbox 473 3149 692 3259; x_wconf 86' lang='lat' dir='ltr'><strong>quibujus</strong></span> <span class='ocrx_word' id='word_1_215' title='bbox 720 3151 797 3236; x_wconf 92' lang='lat' dir='ltr'><strong>loci</strong></span> <span class='ocrx_word' id='word_1_216' title='bbox 814 3155 848 3266; x_wconf 86' lang='lat'><strong>²)</strong></span> <span class='ocrx_word' id='word_1_217' title='bbox 886 3155 990 3237; x_wconf 85' lang='lat' dir='ltr'><strong>nude</strong></span> <span class='ocrx_word' id='word_1_218' title='bbox 1030 3152 1302 3262; x_wconf 86' lang='lat' dir='ltr'><strong>intelligendo</strong></span> <span class='ocrx_word' id='word_1_219' title='bbox 1329 3160 1474 3236; x_wconf 88' lang='lat' dir='ltr'><strong>auctor</strong></span> <span class='ocrx_word' id='word_1_220' title='bbox 1501 3152 1651 3238; x_wconf 86' lang='lat' dir='ltr'><strong>existit.</strong></span> 
     </span>
    </p>
   </div>
   <div class='ocr_carea' id='block_1_16' title="bbox 372 3393 1426 3699">
    <p class='ocr_par' dir='ltr' id='par_1_16' title="bbox 372 3393 1426 3699">
     <span class='ocr_line' id='line_1_24' title="bbox 579 3393 1105 3502; baseline 0.011 -30"><span class='ocrx_word' id='word_1_221' title='bbox 579 3493 584 3502; x_wconf 39' lang='grc'><strong><em>,</em></strong></span> <span class='ocrx_word' id='word_1_222' title='bbox 787 3393 887 3498; x_wconf 69' lang='lat' dir='ltr'><strong>rap.</strong></span> <span class='ocrx_word' id='word_1_223' title='bbox 920 3393 1105 3480; x_wconf 79' lang='grc' dir='ltr'>Χιιιιι.</span> 
     </span>
     <span class='ocr_line' id='line_1_25' title="bbox 372 3595 1426 3699; baseline 0.009 -30"><span class='ocrx_word' id='word_1_224' title='bbox 372 3693 375 3699; x_wconf 14' lang='grc' dir='ltr'>λ</span> <span class='ocrx_word' id='word_1_225' title='bbox 462 3595 530 3670; x_wconf 77' lang='lat' dir='ltr'><strong>Db</strong></span> <span class='ocrx_word' id='word_1_226' title='bbox 561 3595 1102 3676; x_wconf 75' lang='lat' dir='ltr'>EXCOMMUNICATIONE</span> <span class='ocrx_word' id='word_1_227' title='bbox 1131 3595 1426 3678; x_wconf 69' lang='lat' dir='ltr'><strong>Cumauam.</strong></span> 
     </span>
    </p>
   </div>
   <div class='ocr_carea' id='block_1_17' title="bbox 351 3751 1777 3874">
    <p class='ocr_par' dir='ltr' id='par_1_17' title="bbox 351 3751 1777 3874">
     <span class='ocr_line' id='line_1_26' title="bbox 351 3751 1777 3874; baseline 0.004 -32"><span class='ocrx_word' id='word_1_228' title='bbox 351 3760 505 3868; x_wconf 81' lang='lat' dir='ltr'><strong>Aptum</strong></span> <span class='ocrx_word' id='word_1_229' title='bbox 537 3761 723 3846; x_wconf 86' lang='lat' dir='ltr'><strong>ordinem</strong></span> <span class='ocrx_word' id='word_1_230' title='bbox 754 3763 951 3850; x_wconf 84' lang='lat' dir='ltr'><strong>tenuitll.</strong></span> <span class='ocrx_word' id='word_1_231' title='bbox 975 3763 1221 3847; x_wconf 85' lang='lat' dir='ltr'><strong>llcuedictus</strong></span> <span class='ocrx_word' id='word_1_232' title='bbox 1248 3765 1291 3846; x_wconf 91' lang='lat' dir='ltr'><strong>in</strong></span> <span class='ocrx_word' id='word_1_233' title='bbox 1322 3791 1370 3846; x_wconf 92' lang='lat' dir='ltr'><strong>eo</strong></span> <span class='ocrx_word' id='word_1_234' title='bbox 1400 3765 1510 3873; x_wconf 89' lang='lat' dir='ltr'><strong>qnod</strong></span> <span class='ocrx_word' id='word_1_235' title='bbox 1541 3764 1652 3874; x_wconf 88' lang='lat' dir='ltr'><strong>prim</strong></span> <span class='ocrx_word' id='word_1_236' title='bbox 1772 3751 1777 3764; x_wconf 51' lang='grc'>’</span> 
     </span>
    </p>
   </div>
   <div class='ocr_carea' id='block_1_18' title="bbox 43 3883 1789 4148">
    <p class='ocr_par' dir='ltr' id='par_1_18' title="bbox 43 3883 1789 4148">
     <span class='ocr_line' id='line_1_27' title="bbox 43 3883 1653 3992; baseline 0.005 -24"><span class='ocrx_word' id='word_1_237' title='bbox 43 3883 46 3898; x_wconf 82' lang='grc'><strong>’</strong></span> <span class='ocrx_word' id='word_1_238' title='bbox 78 3953 84 3964; x_wconf 94' lang='grc'>.</span> <span class='ocrx_word' id='word_1_239' title='bbox 240 3886 338 3970; x_wconf 91' lang='lat' dir='ltr'><strong>dicit</strong></span> <span class='ocrx_word' id='word_1_240' title='bbox 366 3891 415 3973; x_wconf 90' lang='lat' dir='ltr'><strong>de</strong></span> <span class='ocrx_word' id='word_1_241' title='bbox 438 3891 636 3992; x_wconf 87' lang='lat' dir='ltr'><strong>custodia,</strong></span> <span class='ocrx_word' id='word_1_242' title='bbox 668 3921 777 3976; x_wconf 83' lang='lat' dir='ltr'><strong>narnc</strong></span> <span class='ocrx_word' id='word_1_243' title='bbox 800 3921 894 3976; x_wconf 87' lang='lat' dir='ltr'><strong>vero</strong></span> <span class='ocrx_word' id='word_1_244' title='bbox 925 3893 1027 3976; x_wconf 88' lang='lat' dir='ltr'><strong>dicit</strong></span> <span class='ocrx_word' id='word_1_245' title='bbox 1045 3891 1095 3974; x_wconf 83' lang='lat' dir='ltr'><strong>‹le</strong></span> <span class='ocrx_word' id='word_1_246' title='bbox 1116 3894 1536 3979; x_wconf 88' lang='lat' dir='ltr'><strong>excommunicatione</strong></span> <span class='ocrx_word' id='word_1_247' title='bbox 1565 3895 1653 3977; x_wconf 90' lang='lat' dir='ltr'><strong>cul·</strong></span> 
     </span>
     <span class='ocr_line' id='line_1_28' title="bbox 240 4023 1789 4148; baseline 0.006 -47"><span class='ocrx_word' id='word_1_248' title='bbox 240 4046 394 4127; x_wconf 85' lang='lat' dir='ltr'><strong>parum.</strong></span> <span class='ocrx_word' id='word_1_249' title='bbox 451 4023 574 4122; x_wconf 81' lang='lat' dir='ltr'><strong>Quasi</strong></span> <span class='ocrx_word' id='word_1_250' title='bbox 605 4026 819 4138; x_wconf 88' lang='lat' dir='ltr'><strong>praevenit</strong></span> <span class='ocrx_word' id='word_1_251' title='bbox 848 4030 1085 4132; x_wconf 88' lang='lat' dir='ltr'><strong>peccatum,</strong></span> <span class='ocrx_word' id='word_1_252' title='bbox 1125 4049 1216 4106; x_wconf 87' lang='lat' dir='ltr'><strong>curn</strong></span> <span class='ocrx_word' id='word_1_253' title='bbox 1246 4025 1365 4148; x_wconf 78' lang='lat' dir='ltr'><strong>prinp.</strong></span> <span class='ocrx_word' id='word_1_254' title='bbox 1388 4025 1438 4106; x_wconf 89' lang='lat' dir='ltr'><strong>de</strong></span> <span class='ocrx_word' id='word_1_255' title='bbox 1468 4023 1654 4109; x_wconf 88' lang='lat' dir='ltr'><strong>custodia</strong></span> <span class='ocrx_word' id='word_1_256' title='bbox 1788 4123 1789 4128; x_wconf 8' lang='grc' dir='ltr'><strong><em>Ν</em></strong></span> 
     </span>
    </p>
   </div>
   <div class='ocr_carea' id='block_1_19' title="bbox 231 4149 1655 4795">
    <p class='ocr_par' dir='ltr' id='par_1_19' title="bbox 231 4149 1655 4795">
     <span class='ocr_line' id='line_1_29' title="bbox 240 4149 1653 4270; baseline 0.006 -40"><span class='ocrx_word' id='word_1_257' title='bbox 240 4149 359 4250; x_wconf 82' lang='lat' dir='ltr'><strong>dixit;</strong></span> <span class='ocrx_word' id='word_1_258' title='bbox 389 4159 483 4262; x_wconf 88' lang='lat' dir='ltr'><strong>post</strong></span> <span class='ocrx_word' id='word_1_259' title='bbox 513 4183 609 4238; x_wconf 89' lang='lat' dir='ltr'><strong>vero</strong></span> <span class='ocrx_word' id='word_1_260' title='bbox 638 4183 732 4238; x_wconf 90' lang='lat' dir='ltr'><strong>cnm</strong></span> <span class='ocrx_word' id='word_1_261' title='bbox 753 4155 802 4236; x_wconf 89' lang='lat' dir='ltr'><strong>de</strong></span> <span class='ocrx_word' id='word_1_262' title='bbox 824 4154 1246 4240; x_wconf 86' lang='lat' dir='ltr'><strong>excommunicatione</strong></span> <span class='ocrx_word' id='word_1_263' title='bbox 1265 4155 1379 4270; x_wconf 79' lang='lat' dir='ltr'><strong>dicit,</strong></span> <span class='ocrx_word' id='word_1_264' title='bbox 1409 4155 1653 4238; x_wconf 87' lang='lat' dir='ltr'><strong>medicinam</strong></span> 
     </span>
     <span class='ocr_line' id='line_1_30' title="bbox 240 4282 1655 4394; baseline 0.006 -34"><span class='ocrx_word' id='word_1_265' title='bbox 240 4282 393 4386; x_wconf 88' lang='lat' dir='ltr'><strong>peccati</strong></span> <span class='ocrx_word' id='word_1_266' title='bbox 423 4283 540 4386; x_wconf 87' lang='lat' dir='ltr'><strong>dixit,</strong></span> <span class='ocrx_word' id='word_1_267' title='bbox 569 4287 696 4370; x_wconf 85' lang='lat' dir='ltr'><strong>veluti</strong></span> <span class='ocrx_word' id='word_1_268' title='bbox 722 4285 902 4370; x_wconf 90' lang='lat' dir='ltr'><strong>medicus</strong></span> <span class='ocrx_word' id='word_1_269' title='bbox 922 4285 1102 4394; x_wconf 86' lang='lat' dir='ltr'><strong>sapiens,</strong></span> <span class='ocrx_word' id='word_1_270' title='bbox 1133 4287 1202 4394; x_wconf 89' lang='lat' dir='ltr'><strong>qui</strong></span> <span class='ocrx_word' id='word_1_271' title='bbox 1223 4286 1334 4394; x_wconf 89' lang='lat' dir='ltr'><strong>prins</strong></span> <span class='ocrx_word' id='word_1_272' title='bbox 1352 4313 1478 4394; x_wconf 44' lang='lat' dir='ltr'><strong>*qnam</strong></span> <span class='ocrx_word' id='word_1_273' title='bbox 1502 4286 1655 4370; x_wconf 89' lang='lat' dir='ltr'><strong>incidat</strong></span> 
     </span>
     <span class='ocr_line' id='line_1_31' title="bbox 240 4411 1655 4628; baseline 0.006 -138"><span class='ocrx_word' id='word_1_274' title='bbox 240 4411 280 4491; x_wconf 91' lang='lat' dir='ltr'><strong>in</strong></span> <span class='ocrx_word' id='word_1_275' title='bbox 309 4411 569 4520; x_wconf 77' lang='lat' dir='ltr'><strong>languorem,</strong></span> <span class='ocrx_word' id='word_1_276' title='bbox 607 4416 822 4498; x_wconf 89' lang='lat' dir='ltr'><strong>consilium</strong></span> <span class='ocrx_word' id='word_1_277' title='bbox 852 4413 1055 4498; x_wconf 87' lang='lat' dir='ltr'><strong>datad</strong></span> <span class='ocrx_word' id='word_1_278' title='bbox 1033 4415 1440 4628; x_wconf 65' lang='lat' dir='ltr'><strong>custodiendnnp,</strong></span> <span class='ocrx_word' id='word_1_279' title='bbox 1377 4447 1440 4514; x_wconf 88' lang='lat' dir='ltr'><strong>se,</strong></span> <span class='ocrx_word' id='word_1_280' title='bbox 1485 4445 1534 4500; x_wconf 92' lang='lat' dir='ltr'><strong>ue</strong></span> <span class='ocrx_word' id='word_1_281' title='bbox 1562 4417 1655 4526; x_wconf 91' lang='lat' dir='ltr'><strong>quis</strong></span> 
     </span>
     <span class='ocr_line' id='line_1_32' title="bbox 231 4538 1653 4699; baseline 0.005 -78"><span class='ocrx_word' id='word_1_282' title='bbox 231 4538 443 4625; x_wconf 89' lang='lat' dir='ltr'><strong>incidat</strong></span> <span class='ocrx_word' id='word_1_283' title='bbox 432 4571 473 4626; x_wconf 93' lang='lat' dir='ltr'><strong>m</strong></span> <span class='ocrx_word' id='word_1_284' title='bbox 515 4546 773 4654; x_wconf 89' lang='lat' dir='ltr'><strong>languorem,</strong></span> <span class='ocrx_word' id='word_1_285' title='bbox 817 4573 910 4630; x_wconf 92' lang='lat' dir='ltr'><strong>cum</strong></span> <span class='ocrx_word' id='word_1_286' title='bbox 947 4571 1044 4628; x_wconf 87' lang='lat' dir='ltr'><strong>uero</strong></span> <span class='ocrx_word' id='word_1_287' title='bbox 1083 4543 1275 4630; x_wconf 90' lang='lat' dir='ltr'><strong>inciderit</strong></span> <span class='ocrx_word' id='word_1_288' title='bbox 1315 4573 1328 4626; x_wconf 87' lang='grc' dir='ltr'><strong>ι</strong></span> <span class='ocrx_word' id='word_1_289' title='bbox 1400 4547 1653 4699; x_wconf 78' lang='lat' dir='ltr'><strong>languorem,</strong></span> 
     </span>
     <span class='ocr_line' id='line_1_33' title="bbox 241 4671 1583 4795; baseline 0.005 -44"><span class='ocrx_word' id='word_1_290' title='bbox 241 4671 482 4757; x_wconf 88' lang='lat' dir='ltr'><strong>medicinam</strong></span> <span class='ocrx_word' id='word_1_291' title='bbox 510 4677 681 4761; x_wconf 84' lang='lat' dir='ltr'><strong>alteram</strong></span> <span class='ocrx_word' id='word_1_292' title='bbox 710 4677 868 4776; x_wconf 88' lang='lat' dir='ltr'><strong>tribuit,</strong></span> <span class='ocrx_word' id='word_1_293' title='bbox 898 4685 947 4761; x_wconf 91' lang='lat' dir='ltr'><strong>ut</strong></span> <span class='ocrx_word' id='word_1_294' title='bbox 972 4682 1152 4760; x_wconf 88' lang='lat' dir='ltr'><strong>sanetur.</strong></span> <span class='ocrx_word' id='word_1_295' title='bbox 1349 4704 1354 4795; x_wconf 65' lang='lat' dir='ltr'><strong>p</strong></span> <span class='ocrx_word' id='word_1_296' title='bbox 1457 4755 1458 4760; x_wconf 8' lang='lat' dir='ltr'><strong>a</strong></span> <span class='ocrx_word' id='word_1_297' title='bbox 1578 4747 1583 4758; x_wconf 92' lang='lat'>.</span> 
     </span>
    </p>
   </div>
   <div class='ocr_carea' id='block_1_20' title="bbox 244 4893 505 4912">
    <p class='ocr_par' dir='ltr' id='par_1_20' title="bbox 244 4893 505 4912">
     <span class='ocr_line' id='line_1_34' title="bbox 244 4893 505 4912; baseline 0.019 -4"><span class='ocrx_word' id='word_1_298' title='bbox 244 4893 505 4912; x_wconf 52' lang='lat' dir='ltr'><strong>-u--u-</strong></span> 
     </span>
    </p>
   </div>
   <div class='ocr_carea' id='block_1_21' title="bbox 121 5026 807 5344">
    <p class='ocr_par' dir='ltr' id='par_1_21' title="bbox 121 5026 807 5344">
     <span class='ocr_line' id='line_1_35' title="bbox 121 5026 586 5118; baseline 0.015 -25"><span class='ocrx_word' id='word_1_299' title='bbox 121 5097 127 5116; x_wconf 54' lang='grc'><strong>,</strong></span> <span class='ocrx_word' id='word_1_300' title='bbox 256 5096 260 5105; x_wconf 70' lang='grc'>,</span> <span class='ocrx_word' id='word_1_301' title='bbox 327 5029 354 5114; x_wconf 86' lang='lat'><strong>¹)</strong></span> <span class='ocrx_word' id='word_1_302' title='bbox 376 5026 509 5099; x_wconf 88' lang='lat' dir='ltr'><strong>debent</strong></span> <span class='ocrx_word' id='word_1_303' title='bbox 530 5027 586 5118; x_wconf 76' lang='lat' dir='ltr'><strong>(i).</strong></span> 
     </span>
     <span class='ocr_line' id='line_1_36' title="bbox 140 5137 532 5246; baseline 0.013 -43"><span class='ocrx_word' id='word_1_304' title='bbox 140 5239 142 5246; x_wconf 17' lang='grc' dir='ltr'><strong><em>Α</em></strong></span> <span class='ocrx_word' id='word_1_305' title='bbox 201 5147 205 5156; x_wconf 91' lang='grc'><strong>“</strong></span> <span class='ocrx_word' id='word_1_306' title='bbox 326 5137 355 5225; x_wconf 81' lang='lat'><strong>²)</strong></span> <span class='ocrx_word' id='word_1_307' title='bbox 378 5137 464 5206; x_wconf 88' lang='lat' dir='ltr'><strong>mali</strong></span> <span class='ocrx_word' id='word_1_308' title='bbox 486 5137 532 5228; x_wconf 79' lang='lat' dir='ltr'><strong>(l)</strong></span> 
     </span>
     <span class='ocr_line' id='line_1_37' title="bbox 305 5255 807 5344; baseline 0.008 -35"><span class='ocrx_word' id='word_1_309' title='bbox 305 5255 499 5344; x_wconf 63' lang='lat' dir='ltr'><strong>ultumam,</strong></span> <span class='ocrx_word' id='word_1_310' title='bbox 516 5259 668 5328; x_wconf 72' lang='lat' dir='ltr'><strong>Expoaltlc</strong></span> <span class='ocrx_word' id='word_1_311' title='bbox 684 5259 807 5329; x_wconf 73' lang='lat' dir='ltr'><strong>regule·-</strong></span> 
     </span>
    </p>
   </div>
   <div class='ocr_carea' id='block_1_22' title="bbox 0 0 2001 5778">
    <p class='ocr_par' dir='ltr' id='par_1_22' title="bbox 0 0 2001 5778">
     <span class='ocr_line' id='line_1_38' title="bbox 0 0 2001 5778; baseline 0 0"><span class='ocrx_word' id='word_1_312' title='bbox 0 0 2001 5778; x_wconf 95' lang='lat' dir='ltr'><strong> </strong></span> 
     </span>
    </p>
   </div>
  </div>
 </body>
</html>
