3930 5788
198 185 207 200 ”
266 171 282 186 ’
383 232 466 318 sos
926 193 1054 320 'nn
1074 223 1206 314 suu

305 467 308 472 ’
380 446 721 556 mesenensem
782 443 914 530 Procri
938 443 1062 552 parsi
1085 445 1150 532 oel
1174 443 1446 534 adolescentes
1465 444 1510 528 in
1538 443 1714 566 malnis
1738 446 1795 530 nel

384 579 442 664 od
467 603 630 664 mensas
656 602 745 662 cnm
785 575 1008 683 disciplina
1044 575 1211 664 ordines
1236 603 1332 664 snos
1357 583 1672 686 mnsepnnntnr3
1694 577 1795 682 loris

385 719 517 806 naen
535 711 597 797 cel
622 711 693 796 nli
717 717 756 796 ct
776 707 847 794 nli
868 702 1091 796 monadicon
1107 709 1282 796 doleant
1304 715 1341 796 el
1362 695 1638 818 disciplinam,
1656 733 1792 816 nepae

369 845 483 930 'dans
510 843 568 929 ad
600 841 891 951 intelligibilem
927 848 1095 928 aclalcm
1125 841 1379 948 perueniant.
1409 889 1462 908 -
1492 839 1711 928 Sciendum
1739 845 1796 923 est

387 977 521 1078 enim,
559 975 657 1086 qnia
696 972 822 1078 hacc,
862 1001 968 1084 qnae
1006 972 1056 1063 B.
1095 975 1342 1060 Benedictus
1383 974 1507 1058 dicit:
1546 969 1651 1055 nnlli
1687 968 1797 1053 liceat

309 1125 312 1131 “
381 1133 491 1214 puro
519 1107 680 1191 nomine
705 1105 834 1189 alicam
871 1130 1035 1205 nocere,
1063 1103 1137 1190 scd
1162 1105 1342 1210 nociores
1367 1102 1558 1210 juniores
1590 1127 1688 1188 snos
1710 1099 1796 1206 [ro-

387 1244 482 1322 tres·
508 1241 545 1320 cl
573 1235 763 1340 jnnriorcs
792 1234 958 1340 priores
990 1257 1086 1317 snos
1111 1259 1268 1318 simonias
1302 1239 1459 1337 manns,
1503 1237 1546 1317 et
1572 1238 1796 1330 transscensa

289 1403 291 1408 ·
346 1455 349 1460 ,
380 1364 525 1470 priore
544 1363 690 1469 joenicr
718 1368 860 1470 serpat
886 1369 923 1446 cl
950 1362 1082 1448 delei
1119 1362 1248 1448 meum
1285 1361 1466 1462 Mardi,
1492 1368 1530 1444 el
1569 1386 1650 1444 nono
1687 1359 1818 1460 liccat

231 1535 233 1540 ·
379 1494 541 1601 jassioni
587 1495 750 1595 sedne,
791 1493 876 1576 nisi
910 1495 1034 1598 prior
1063 1494 1259 1600 proserit,
1301 1493 1489 1602 quamvis
1530 1518 1659 1600 parra
1705 1489 1795 1587 siut,
1880 1581 1885 1596 ¹

305 1727 309 1742 ,.
391 1651 472 1707 sion
523 1630 621 1706 suut
662 1622 1019 1734 parvipendendo,
1059 1625 1132 1708 sed
1171 1651 1333 1708 summo
1372 1621 1512 1706 studio
1551 1619 1797 1708 observando

99 1869 118 1887 .
227 1776 229 1782 ’
388 1762 433 1840 et
469 1755 764 1870 custodienda,
804 1752 901 1862 quia
941 1782 992 1837 ex
1035 1753 1114 1840 hoe
1143 1753 1326 1838 nutritur
1359 1751 1561 1854 charitas,
1606 1750 1799 1835 retinetur
1858 1809 1866 1828 .

141 1899 146 1909 ¹
323 1914 327 1924 ’
389 1915 469 1996 1³³¹
498 1891 541 1969 ei
568 1885 797 1970 ⁰⁰¹¹⁰⁰rdi⁸·
855 1885 975 1982 Quod
1018 1891 1158 1970 autem
1198 1885 1300 1968 dicit
1329 1885 1479 1992 moesis
1505 1911 1597 1968 acro
1616 1909 1697 1990 pen
1723 1908 1799 1965 ons·
1865 1881 1870 1890 '

387 2018 460 2104 nia
503 2017 557 2101 al
600 2015 785 2100 omnibns
835 2015 1057 2123 disciplina
1099 2024 1303 2117 insonter,
1344 2015 1673 2099 subaudiendum
1719 2018 1798 2096 est:

389 2152 444 2234 ab
474 2150 561 2255 his,
601 2150 672 2261 qui
702 2176 785 2231 uon
822 2149 1013 2258 indigent
1051 2147 1268 2258 disciplina
1293 2153 1337 2231 et
1364 2147 1434 2256 qui
1465 2147 1657 2230 noverint
1685 2143 1830 2228 disci·'

219 2337 245 2392 ·,
324 2345 334 2362 „
392 2271 563 2394 plinum.
634 2279 748 2364 Beue
790 2279 892 2363 dicit
926 2282 1072 2383 poneris
1112 2303 1203 2362 uero
1238 2307 1316 2386 per
1352 2280 1491 2363 moceria
1528 2277 1587 2361 ab·
1623 2277 1798 2362 moriribus

174 2509 181 2524 f
293 2440 294 2446 ‘
390 2413 611 2518 disciplina
644 2417 835 2514 moneatur,
866 2413 965 2520 qnia
992 2411 1062 2495 illa
1090 2409 1391 2495 uetas'intirma
1415 2415 1480 2494 est
1496 2413 1539 2494 et
1561 2437 1647 2492 nou
1670 2413 1798 2518 potest

276 2585 309 2646 ¹,
391 2573 464 2654 per
478 2571 522 2628 oe
545 2545 744 2653 adjurari,
768 2543 1038 2626 ideonecesse
1052 2547 1127 2642 est,
1150 2548 1199 2625 nt
1223 2540 1382 2624 abaliis
1406 2540 1638 2649 adjuretur,
1661 2540 1756 2651 quin
1768 2541 1798 2622 si

192 2655 196 2668 ¹
230 2709 236 2722 ·
262 2771 264 2774 ,
287 2747 302 2766 ,.
392 2675 488 2757 dum
515 2674 593 2758 ista
613 2681 726 2757 aetas
750 2673 914 2757 infirma
931 2679 995 2758 est
1021 2672 1176 2779 adjutu,
1200 2671 1462 2784 postmodum
1481 2671 1626 2756 melius
1654 2672 1800 2780 valebit

391 2806 435 2888 iu
464 2804 634 2887 fortiore
673 2809 810 2888 aetate
845 2802 915 2886 ille
951 2803 1077 2886 homo
1103 2831 1148 2886 se
1175 2831 1363 2888 exercere
1391 2809 1436 2886 et
1463 2805 1506 2886 iu
1536 2801 1613 2887 Dei
1641 2803 1800 2886 servitio

91 3017 95 3025 ,
273 2933 274 2936 ¹
393 2937 485 3045 plns
512 2936 714 3020 sollicitus
741 2963 841 3022 esse.
899 2931 1006 3019 Nam
1034 2936 1069 3018 si
1097 2941 1197 3018 tnnc
1226 2962 1307 3018 non
1337 2933 1464 3018 inerit
1499 2932 1684 3041 adjutus,
1712 2961 1797 3014 eam

390 3068 578 3152 infirmus
619 3074 682 3151 est
695 3129 707 3168 ,
746 3072 842 3177 post
884 3066 964 3150 erit
1001 3091 1163 3176 semper
1202 3066 1423 3177 negligens
1463 3069 1590 3172 atque
1631 3063 1798 3173 lepidus.

393 3197 500 3284 Nam
529 3199 583 3282 ob
611 3197 690 3282 hoo
717 3197 841 3280 debet
868 3197 999 3281 abbas
1026 3203 1190 3305 praeter
1215 3196 1309 3280 illos
1337 3196 1571 3307 nrugistros,
1600 3195 1629 3283 i.
1656 3223 1692 3279 e.
1723 3201 1799 3276 tres

394 3330 457 3413 rel
498 3335 696 3440 quatuor,
726 3358 830 3439 quos
865 3331 953 3438 jam
992 3327 1169 3410 diximus
1204 3329 1411 3439 superius,
1440 3326 1672 3438 specialiter
1708 3354 1801 3408 cou-

324 3543 326 3550 ,
392 3460 575 3574 stimate,
604 3461 674 3568 qui
694 3487 763 3546 eos
779 3460 941 3578 jugiter
967 3466 1010 3545 et
1030 3462 1182 3570 ubique
1210 3489 1337 3571 usque
1358 3461 1412 3544 ud
1436 3467 1599 3570 tempus
1626 3459 1799 3543 debeant

244 3588 247 3598 '
394 3591 612 3693 custodire,
643 3591 765 3676 etiem
795 3593 899 3678 alios
928 3593 1075 3677 iratres
1099 3591 1256 3700 jubere,
1287 3593 1358 3702 qui
1386 3591 1480 3674 illos
1501 3618 1650 3700 pueros
1671 3595 1800 3676 cuso-

394 3723 523 3808 diuut.
584 3722 691 3808 Nam
720 3725 753 3808 si
782 3725 842 3810 illi
872 3754 976 3836 opus
1003 3724 1154 3826 inerit,
1181 3724 1401 3834 coquinam
1431 3722 1565 3806 iacere.
1606 3725 1669 3808 vel
1695 3723 1800 3808 aliud

394 3883 536 3964 agere,
567 3883 659 3939 oum
696 3857 785 3966 ipso
826 3856 984 3940 infante
1020 3862 1160 3967 potest
1193 3883 1329 3968 agere.
1386 3853 1679 3938 Verumtamen
1707 3854 1803 3938 tales

394 3987 548 4072 debeut
585 3979 652 4070 isti
695 4014 803 4088 esse,
842 3987 991 4097 quibus
1032 3989 1161 4072 abbas
1200 3984 1383 4095 injungit
1421 4013 1561 4070 curam
1603 3986 1801 4071 inlautum

276 4225 280 4234 ι
394 4119 605 4204 custodiae
636 4145 728 4203 curu
758 4118 840 4201 illis
870 4119 1001 4204 tribus
1044 4120 1107 4203 vel
1144 4123 1345 4230 quatuor,
1374 4117 1426 4200 de
1460 4118 1611 4226 quibus
1644 4145 1803 4201 securm

394 4252 450 4336 sit
484 4251 634 4349 abbam
675 4252 892 4353 namatii,
921 4253 992 4362 qni
1034 4251 1222 4335 nesciunt
1262 4248 1541 4358 disciplinam,
1569 4250 1640 4334 sed
1680 4250 1803 4360 magis

381 4380 607 4490 indigent,
636 4381 824 4489 permitti
853 4410 936 4490 uon
964 4381 1119 4467 debent
1146 4381 1325 4465 inientes
1352 4407 1525 4490 arguere
1552 4380 1618 4463 vel
1646 4408 1803 4464 excom·

236 4529 244 4622 ἰ
396 4513 603 4597 mnuioure
631 4519 705 4595 ant
732 4505 954 4622 flagellare,
984 4513 1134 4623 quiesi
1155 4512 1235 4596 illis
1258 4510 1398 4594 stultis
1421 4511 1661 4620 permissum
1684 4512 1804 4596 inerit

328 4651 330 4656 ’
396 4648 439 4725 et
477 4642 811 4753 negligentibus,
855 4672 929 4752 per
959 4648 1166 4729 terrorem
1214 4646 1414 4753 poterunt
1458 4641 1637 4726 infantes
1680 4643 1805 4752 magis

395 4775 557 4885 pejores
584 4774 718 4858 iaoere
756 4804 880 4888 quam
910 4778 1054 4863 bonos.
1112 4773 1354 4861 Notandum
1382 4779 1445 4858 est
1476 4782 1519 4859 et
1549 4777 1806 4862 manifestari·

251 4917 252 4922 ‘
356 4909 517 5008 dum,
555 4908 734 5018 qualiter
772 4909 927 4993 debent
960 4909 1147 5017 juniores
1184 4906 1341 5018 priores
1383 4936 1479 4992 suos
1519 4909 1741 5013 honorare,
1769 4916 1806 4990 ct

73 5143 77 5150 ἢ
116 5047 120 5060 “
164 5073 168 5080 ’
226 5055 229 5062 “
345 5094 347 5098 1
397 5039 575 5123 minores
603 5041 760 5150 priores
781 5067 877 5124 suos
899 5042 1098 5145 venerari,
1125 5041 1224 5151 quia
1240 5042 1344 5126 nihil
1364 5041 1485 5143 valet,
1516 5043 1639 5127 rerba
1658 5045 1805 5128 solum·

93 5193 97 5200 '
272 5245 274 5250 .
399 5169 712 5272 mododicese',
749 5179 793 5260 et
832 5172 1009 5282 qualitor
1045 5173 1251 5280 agendum
1292 5175 1368 5274 sit,
1397 5202 1481 5257 non
1523 5174 1804 5268 manifestuum
