3994 5770
874 282 960 372 cap.
984 281 1063 353 vn.
1227 283 1231 294 ·
1594 291 1669 372 etr
1753 219 1758 228 ¹

253 523 393 614 ‘rugare
467 501 625 585 tteimlc
665 501 787 585 «irritet
825 503 981 612 gratias
1021 529 1144 612 agore
1187 503 1274 588 tica
1313 506 1472 590 dicens:
1514 507 1675 590 (iratius
1713 581 1716 589 .

262 635 353 721 'tibi
384 658 489 744 erga,
520 631 652 732 linus,
691 632 788 740 qnia
820 663 883 717 mc
914 639 1029 717 trnrm
1054 634 1288 741 jumentum
1320 637 1450 722 timere
1479 638 1674 744 dipsadas

262 799 316 867 es,
346 797 393 848 eo
423 765 531 876 qrrod
562 763 620 849 'l'e
649 765 780 852 habeo
810 794 1004 852 sessorem
1037 772 1078 850 ct
1107 771 1304 850 rectorem
1336 775 1378 850 et
1406 767 1448 852 ia
1471 768 1559 852 'sira
1589 770 1674 852 vice

263 897 390 983 haimo
408 923 531 1006 stater
550 925 614 979 me
634 895 841 998 abbatem,
871 895 1163 1006 praepositum,
1193 895 1391 982 decanum
1417 905 1459 982 ct
1483 899 1672 1009 reliquas.
1753 881 1757 894 ⁸

261 1027 317 1112 Et
344 1051 413 1132 epo
441 1051 600 1132 semper·
627 1031 774 1130 teman,
820 1025 1146 1112 subaudiendum
1184 1031 1246 1110 est
1287 1053 1402 1128 sam
1438 1031 1671 1137 jumentam

262 1157 366 1256 eninr
396 1157 430 1238 si
460 1155 548 1242 sine
577 1165 735 1244 rectore
763 1159 889 1258 radit,
919 1165 961 1243 et
988 1158 1030 1242 ia
1060 1157 1220 1242 ruinam
1248 1163 1292 1241 et
1320 1160 1362 1242 io
1389 1160 1685 1270 praecipitium
1746 1211 1748 1220 ι
1783 1165 1790 1183 “

209 1403 212 1408 .
262 1287 383 1388 cadit,
415 1297 645 1396 egoautem
669 1289 701 1375 si
725 1289 784 1375 Te
808 1291 987 1376 habuero
1010 1297 1223 1390 rectorem,
1254 1317 1335 1373 noa
1361 1290 1466 1376 vado
1488 1291 1530 1374 ia
1552 1319 1672 1401 prac-
1786 1288 1787 1293 ‘
1858 1343 1863 1354 ·

260 1417 456 1526 cipitiam.
514 1419 621 1504 Vide
644 1420 780 1523 modo,
811 1423 955 1531 quarrti
980 1419 1171 1508 monachi
1201 1423 1300 1502 suat
1326 1419 1370 1503 in
1402 1420 1672 1519 monasterio3

261 1579 349 1636 cccc
386 1556 484 1635 sunt
520 1557 682 1635 eentum
726 1552 941 1652 rnonuehi,
984 1558 1028 1636 et
1064 1551 1114 1635 de
1157 1547 1220 1633 his
1253 1539 1421 1634 centum
1463 1553 1672 1651 monachis

261 1709 405 1791 ‹praracre
436 1681 526 1786 tibi,
556 1681 588 1767 si
621 1685 757 1789 potes,
790 1709 917 1766 rrurun
947 1683 1071 1767 tatem
1099 1679 1303 1780 invenire,
1334 1679 1404 1789 qui
1434 1707 1507 1790 per
1536 1683 1672 1764 urania

260 1812 308 1897 ml
338 1818 483 1895 uutmn
512 1812 675 1896 abbatis
704 1811 766 1895 sui
796 1809 945 1895 existet
986 1817 1029 1894 et
1064 1811 1170 1894 sieut
1202 1803 1435 1918 jumentum
1470 1810 1584 1895 vadit
1621 1811 1671 1894 ud
1762 1817 1764 1824 '

263 1947 404 2026 tautum
433 1943 598 2026 sessoris
626 1943 701 2028 sui.
759 1937 1443 2041 ln1100snamdverteuamuest,
1472 1941 1569 2050 quia
1598 1968 1672 2049 pro

260 2069 459 2172 carnibus,
483 2100 587 2180 qum
611 2070 654 2154 in
678 2071 767 2156 istis
789 2069 984 2182 gradibus
1005 2068 1279 2168 continentur,
1309 2067 1342 2151 si
1363 2067 1432 2154 ille
1448 2069 1671 2154 aroauclms
1706 2075 1712 2094 '

260 2230 338 2285 raon
369 2202 458 2285 vrrtt
484 2227 625 2310 agere,
665 2202 789 2286 debet
817 2199 1044 2308 constringi
1082 2205 1124 2282 et
1153 2197 1382 2306 regularem
1411 2198 1668 2309 disciplinam
1750 2309 1754 2317 ¹
1789 2203 1791 2206 ’

258 2332 459 2441 suscipere
487 2337 659 2442 propter
686 2332 810 2432 illud,
840 2332 965 2440 ,quod
994 2327 1165 2414 int'erius
1194 2327 1294 2412 dicit
1323 2329 1370 2412 u.
1402 2323 1670 2415 Benedictus:

257 2461 461 2546 crastin
490 2459 624 2570 stipam
652 2462 881 2548 contrarias
909 2461 1085 2546 eeietcue
1112 2485 1257 2544 sacrae
1283 2445 1444 2568 repertae
1472 2464 1548 2547 etc.

555 2701 616 2774 Dlt
638 2665 837 2776 SEP'I'IMO
862 2657 1024 2774 annun
1047 2697 1364 2776 ssuurrm'rarrs.

367 2853 571 2961 Scprtirnus
599 2854 838 2942 teurnitdutis
862 2854 1021 2962 prodas
1049 2861 1119 2958 cst,
1148 2855 1186 2939 si
1214 2854 1396 2940 ostracitae
1424 2885 1467 2940 sc
1497 2855 1663 2960 traseric-

258 3013 340 3069 rem
368 2991 405 3068 et
433 2985 613 3070 viliorem
642 3011 722 3070 aron
751 2984 878 3069 sotrum
907 3012 984 3080 saxu
999 2985 1152 3102 slinpna
1175 2987 1419 3090 pronuntiet,
1447 2986 1520 3071 scd
1548 2991 1668 3068 ctiam

185 3187 187 3190 ,
259 3115 395 3198 isaiam
424 3115 559 3199 contis
586 3117 722 3200 eredat
750 3105 906 3219 affectu,
935 3115 1158 3199 derernilimm
1182 3142 1225 3200 sc
1253 3123 1288 3199 ct
1316 3116 1451 3199 uices·
1473 3139 1562 3198 carra
1573 3140 1672 3218 pro·
1777 3201 1778 3204 a

249 3245 397 3351 plecta:
444 3245 533 3354 Epo
571 3251 702 3330 eutem
741 3271 830 3328 sarra
871 3245 1019 3332 cernas
1055 3253 1093 3330 et
1119 3271 1199 3330 reon
1239 3245 1374 3344 trorum,
1413 3243 1693 3349 o1paudrimn-

257 3377 458 3461 lrorreiamn
486 3384 523 3462 ct
541 3377 708 3482 objectio
721 3373 866 3481 plebis.
911 3377 1014 3474 Quis
1044 3377 1092 3462 n.
1116 3375 1364 3462 Benedictus
1381 3373 1669 3484 jamsuperius
1905 3463 1909 3472 ,

257 3507 436 3610 dixerat,
465 3515 624 3594 sextum
656 3508 829 3614 gradum
860 3504 1104 3592 humititatis
1133 3537 1240 3608 esse,
1277 3505 1391 3591 onrni
1419 3504 1576 3588 vilitate
1607 3505 1666 3587 uei
1743 3605 1744 3608 p

258 3641 515 3724 extremitate
545 3647 784 3726 contentum
818 3639 965 3725 debere
996 3669 1081 3724 csse
1112 3638 1378 3739 arescebam,
1423 3644 1532 3722 recte
1560 3665 1670 3721 num
1790 3747 1795 3759 .

256 3772 472 3879 septimmu
503 3773 747 3858 lrumilitutis
777 3771 948 3882 gradum
979 3800 1085 3873 esse,
1127 3799 1170 3854 se
1208 3769 1397 3854 oarrribus
1434 3767 1669 3852 inferiorem
1734 3801 1736 3806 ·
1816 3795 1819 3800 ·

258 3902 319 3984 vel
348 3903 530 3988 vitiorem
565 3931 646 3986 acm
677 3902 809 3985 solum
839 3927 911 3985 sua
941 3902 1083 4010 lingua
1111 3901 1378 4012 pronuntiare
1407 3897 1570 3998 debere,
1599 3899 1668 3982 sed
1703 3885 1708 3894 ’

257 4030 377 4115 etiam
409 4031 556 4118 intimo
585 4032 719 4118 cordis
749 4033 897 4116 att'ectu
939 4031 1102 4116 erodere
1144 4031 1308 4130 debere,
1350 4030 1448 4139 quia
1484 4029 1590 4112 sicut
1628 4035 1667 4111 iu

257 4161 490 4248 ostensione
520 4164 653 4274 operis
682 4162 864 4247 ostemtit
890 4191 933 4245 se
963 4159 1084 4244 vilem
1114 4167 1158 4244 et
1186 4167 1425 4260 extremum,
1460 4158 1518 4242 ita
1546 4157 1666 4240 etium

258 4293 403 4378 intirao
442 4295 592 4379 affecta
629 4293 763 4378 cordis
791 4291 954 4393 eredat,
997 4319 1079 4376 aon
1119 4290 1263 4399 tingue
1302 4317 1375 4372 sua
1414 4287 1668 4410 sotuaauodo

259 4427 508 4533 pronuntiet,
533 4453 618 4510 esse
641 4423 874 4508 inferiorem
894 4431 936 4507 et
950 4423 1133 4508 vitiorem
1153 4427 1322 4531 propter
1338 4420 1481 4504 Dcunr.
1514 4419 1668 4524 Irascet-

257 4581 375 4656 orem,
405 4557 432 4640 i.
450 4585 485 4644 e.
515 4555 758 4642 deteriorem
780 4554 927 4640 merito
948 4583 1034 4640 sao
1078 4551 1192 4638 Bene
1211 4582 1258 4637 ac
1277 4551 1496 4662 vigilanter
1509 4547 1668 4634 addidit

257 4686 296 4769 ia
319 4687 406 4792 troc
433 4686 525 4772 loeo
554 4686 596 4770 S.
622 4683 868 4771 Benedictus
903 4685 1043 4788 tatiano
1071 4685 1207 4769 cordis
1234 4685 1390 4790 effecta,
1422 4687 1468 4762 ut
1496 4707 1548 4763 ne
1577 4677 1668 4786 quis
1784 4783 1787 4794 Ι

259 4844 332 4939 pro
361 4844 468 4901 verre
496 4812 630 4928 gioria
658 4817 861 4900 sefacere
890 4813 1011 4898 vilem
1049 4821 1092 4899 et
1119 4821 1345 4900 extremum
1377 4808 1488 4896 velit.
1545 4807 1668 4892 Naue

255 4945 476 5032 uidendum
506 4953 588 5048 cst,
630 4946 836 5056 quomodo
865 4943 995 5057 possit
1031 4945 1257 5032 monachus
1289 4970 1332 5028 se
1360 4937 1597 5025 inferiorem
1620 4931 1670 5021 'et

256 5075 438 5162 viliorem
469 5076 660 5165 omnibus
688 5077 866 5165 credere.
910 5077 1090 5164 Difficile
1118 5077 1197 5161 hoe
1225 5073 1387 5159 uidetur
1414 5073 1459 5157 in
1482 5098 1547 5171 eo,
1575 5097 1667 5154 cam

254 5211 356 5291 sunt
383 5208 453 5294 atii
483 5209 674 5295 monaehi
700 5209 937 5297 mortificati
961 5213 1004 5297 et
1022 5205 1207 5321 perfecti,
1237 5209 1280 5306 et
1302 5200 1551 5328 econtrario
1572 5209 1670 5287 sunt

1157 5539 1420 5738 'tt
