3994 5770
883 271 969 362 cap.
996 269 1080 344 vn.
1610 277 1690 362 247

256 495 575 614 'poetriteutium
629 499 792 580 uetuum
839 493 903 578 uel
958 491 1256 604 cogitationum
1307 501 1477 588 tuarum
1514 492 1691 579 Domino

278 631 519 730 rrnrniiostu‚
571 627 649 712 hoe
701 631 786 728 est,
840 623 1170 710 emendationem
1219 629 1495 732 parentorum·
1522 627 1689 709 tuorum

280 759 456 848 [amnuo
495 757 653 860 revela,
691 758 718 845 i.
747 786 784 848 e.
824 783 962 844 eoram
992 753 1173 839 Domino
1210 754 1432 863 praeterita
1467 756 1620 867 plunge
1649 762 1690 842 et

279 892 454 1005 lugenda
484 919 566 976 non
595 891 840 976 committas.
885 888 1047 988 Revela,
1077 886 1105 973 i.
1136 917 1170 974 e.
1201 885 1437 971 ‹lernonstra
1464 891 1536 971 aut
1563 889 1687 1002 aperi,

278 1023 391 1136 qumi
434 1022 608 1108 dieeret:
653 1027 701 1108 ut
737 1023 845 1107 sieut
880 1018 949 1146 iile
978 1017 1179 1128 cognorit
1206 1022 1424 1138 peceatum
1447 1023 1587 1120 tuum,
1629 1019 1689 1104 ita

276 1159 396 1244 utiam
426 1159 649 1266 cognoseat
679 1184 751 1266 per
780 1147 1077 1264 poenitentiam
1105 1147 1437 1238 emendationem
1466 1157 1592 1241 tuam.
1702 1167 1704 1174 '

383 1287 596 1398 Sequitur:
646 1293 682 1374 et
724 1313 846 1394 spera
891 1286 936 1368 iu
974 1309 1030 1369 eo.
1095 1280 1202 1382 Quid
1243 1283 1324 1364 est:
1373 1307 1496 1388 spero
1531 1282 1576 1367 iu
1616 1290 1688 1368 eo?
1775 1335 1776 1340 κ
1828 1291 1830 1298 ’

275 1418 606 1506 Subandiendum
646 1426 728 1504 est:
771 1414 1090 1502 misericordiam
1131 1413 1181 1497 de
1221 1412 1399 1522 peccatis
1438 1413 1541 1516 tuis,
1583 1444 1687 1525 quae
1794 1497 1796 1502 .
1843 1515 1851 1530 ι
1912 1501 1917 1513 ‚
1952 1399 1954 1406 ’

238 1623 240 1627 .
274 1551 497 1650 confiteris3
528 1549 612 1634 noii
641 1549 855 1662 desperare
884 1547 1085 1648 eontlteri,
1123 1545 1195 1631 sed
1223 1573 1342 1655 spera
1370 1546 1420 1630 de
1449 1539 1686 1631 remissione

273 1687 531 1794 peecatorum
578 1687 743 1795 tuorum
784 1681 842 1765 iu¹
868 1677 1059 1764 Domino.
1125 1678 1333 1789 Propheta
1369 1683 1520 1762 eutem·
1547 1681 1686 1764 subse·

225 1829 227 1834 ’
272 1815 411 1925 quitur
438 1813 599 1898 dicens:
628 1822 665 1900 et
693 1814 779 1922 ipse
804 1811 940 1918 jaciet,
973 1861 1026 1874 —
1053 1807 1379 1896 srrbendiendnm
1409 1816 1509 1898 estt'
1533 1810 1688 1896 miseri·

271 1946 448 2030 eordimn
477 1946 554 2032 tibi
583 1947 633 2032 de
662 1947 839 2056 peccatis
869 1939 964 2030 tuis.

274 2181 276 2184 Ι
379 2077 595 2187 Sequitur:
625 2075 948 2162 ereremum:
980 2073 1233 2179 Coufitemim'
1260 2073 1457 2178 Domino,
1498 2075 1685 2182 quoidam

271 2207 407 2304 demus,
436 2207 625 2313 euronium
653 2207 697 2290 tu·
725 2205 930 2292 saeculnm
957 2205 1239 2292 misericordie
1268 2207 1366 2310 ejus.
1412 2207 1543 2291 Nosse
1572 2207 1682 2290 enim

270 2337 474 2442 «letemus,
504 2337 602 2447 quin
631 2337 872 2444 coufitendo-i
899 2335 1168 2448 aequivocum
1198 2341 1271 2438 est,
1303 2337 1328 2426 i.
1362 2367 1396 2426 e.
1426 2343 1468 2422 et
1497 2337 1540 2421 in
1563 2339 1683 2423 laude

270 2476 311 2552 et
340 2498 415 2580 pro
446 2469 706 2554 confessione
735 2475 995 2578 peecatorum
1026 2467 1208 2574 ponitur.
1266 2467 1515 2570 Protendo,
1547 2475 1683 2554 otest

269 2601 394 2684 iliud:
443 2602 639 2706 t'oufiteor
667 2599 740 2686 titt
770 2599 916 2700 Pater,
956 2596 1134 2683 Domine
1167 2597 1263 2685 coeli
1290 2605 1327 2686 et
1355 2609 1489 2684 terrae
1518 2605 1560 2685 et
1587 2600 1682 2685 reli-

33 2749 34 2798 ³
114 2811 119 2820 ,
186 2823 189 2830 ‚
269 2762 358 2838 qua
417 2732 497 2816 Hie
525 2730 961 2842 eorrfiteorproiaude
991 2727 1180 2838 ponitur,
1215 2732 1323 2816 nesi
1353 2731 1527 2816 diceret:
1558 2731 1680 2816 laudo
1754 2731 1764 2762 ’·

192 2913 193 2916 ¹
269 2871 329 2966 te,
365 2859 514 2969 iuter,
545 2865 721 2952 Domine
759 2865 861 2950 coeii
889 2867 932 2948 et
969 2867 1116 2946 terrae.
1181 2859 1262 2946 Pro
1303 2864 1557 2950 confessione
1586 2891 1680 2947 vero

267 3003 524 3107 poematorum
556 2997 736 3108 ponitur,
767 2995 888 3082 sicuti
917 2997 979 3078 est
1007 2992 1129 3080 illud:
1166 2990 1415 3099 Gorditemiui
1443 2993 1707 3078 attenderem,

259 3135 425 3233 peccate
453 3133 597 3218 vestra.
656 3129 830 3214 Ponitur
858 3125 983 3209 etiam
1008 3152 1083 3234 pro
1104 3123 1357 3228 credulitate,
1388 3131 1436 3209 nt
1463 3129 1526 3210 est
1554 3123 1678 3207 illud:

269 3259 464 3366 Confiteor
501 3287 625 3344 aaaron
654 3261 881 3365 baptistam·
919 3261 962 3340 et
992 3254 1141 3340 Paulus
1179 3255 1302 3342 dicit:
1346 3255 1475 3344 Corde
1503 3255 1686 3340 ereditur·

264 3389 565 3495 adjustitiam,
609 3417 676 3476 ore
705 3395 835 3495 erstem
873 3386 1070 3494 confessio
1106 3389 1175 3494 fit,
1195 3389 1252 3473 ad
1280 3389 1462 3479 satutem.
1521 3387 1572 3471 I'n
1600 3386 1678 3470 hoe

264 3521 369 3606 onim
401 3522 490 3610 loeo
511 3551 585 3634 pro
608 3521 862 3628 confessione
879 3524 1139 3632 peecatorum
1158 3521 1339 3630 ponitur,
1368 3519 1484 3631 quusi
1504 3520 1677 3603 interro·

263 3659 399 3762 gasset
426 3653 670 3766 prophetam
700 3651 860 3739 dicens:
892 3654 1024 3752 tiuare
1042 3651 1171 3738 dobeo
1192 3651 1411 3736 confiteri?
1444 3647 1520 3733 ille
1537 3655 1674 3732 autem

264 3783 513 3892 respondem
556 3783 678 3869 dicit:
719 3785 908 3890 quonium
950 3783 1088 3870 borres.
1136 3783 1303 3868 iterum
1341 3775 1457 3894 qnasi
1498 3780 1675 3864 interre-

263 3939 396 4020 gusses
425 3912 562 3998 illum:
599 3914 814 4015 Quomodo
849 3921 911 3998 est
949 3915 1109 4000 bonus?
1154 3915 1229 4000 ille
1256 3921 1395 4000 entem
1424 3913 1674 4024 respondens
1768 3945 1773 3959 ·
1909 3903 1912 3910 ’

263 4041 385 4152 dieit:¹
421 4044 611 4151 quereiam
651 4043 696 4128 in
736 4043 938 4131 seeundum
979 4044 1262 4132 ruiserdeordie
1302 4043 1401 4150 ejus.
1459 4043 1674 4130 Saeculum

33 4213 35 4226 =
157 4233 160 4241 -
262 4174 371 4283 quod
401 4177 600 4278 nominat,
629 4176 680 4262 de
709 4176 913 4284 praesenti
942 4175 1241 4278 saeculorum,
1271 4173 1440 4286 qniain
1471 4175 1673 4284 praesenti

261 4307 422 4391 sneenlo
451 4305 731 4392 misericordia
759 4304 867 4414 ejus;
905 4305 948 4390 in
978 4305 1118 4394 futuro
1147 4335 1244 4392 uero
1273 4313 1436 4392 tontum
1459 4305 1671 4424 judicium,
1791 4337 1793 4344 ·
1890 4303 1893 4310 ’

220 4441 223 4448 ’
261 4437 366 4520 sieut
394 4437 493 4523 alibi
521 4437 607 4546 ipse
636 4435 840 4548 propheta
878 4435 997 4526 dicit:
1039 4438 1388 4551 Misericordiam,
1415 4443 1450 4524 et
1470 4438 1671 4546 judicium

259 4571 426 4654 ecaritate
457 4569 531 4654 titi
558 4567 745 4654 Domine.
874 4653 877 4660 .

321 4750 327 4762 ι
371 4699 585 4810 Sequitnrr
606 4698 664 4784 m
680 4699 773 4784 ilem
782 4698 984 4806 prandete
1003 4701 1084 4788 air.-
1104 4701 1309 4804 Delictum
1330 4727 1458 4788 memn
1476 4701 1672 4810 counitum
1696 4745 1700 4754 ⁴
1834 4819 1838 4832 .

259 4825 332 4912 tdn'
358 4827 436 4930 seri
462 4833 499 4914 et
521 4829 747 4938 iujrrstdias
774 4856 887 4916 ruem
905 4858 986 4915 non
1010 4834 1161 4940 operui.
1218 4833 1418 4920 Delietmn
1442 4840 1485 4918 et
1506 4834 1671 4940 trojusti-

258 4959 339 5044 ir'es
367 4986 444 5070 pro
464 4988 547 5048 uno
570 4961 751 5074 ponitur.
809 4959 906 5048 Neu
934 4964 1086 5070 operui,
1116 4965 1143 5053 i.
1165 4994 1201 5055 e.
1231 4993 1317 5050 non
1344 4963 1555 5068 abscondi,
1584 4994 1669 5050 uon

259 5089 407 5193 celeria
450 5119 546 5180 nem
585 5093 655 5182 ille
697 5093 917 5181 abscondit
954 5103 1188 5206 peceatum,
1232 5096 1303 5208 qni
1344 5125 1419 5185 nee
1456 5100 1670 5208 petentum

257 5246 373 5308 sunm
403 5219 540 5336 punit,
569 5224 775 5331 noeroit,
806 5233 853 5312 nt
882 5223 992 5328 Deus
1019 5227 1167 5340 puniet
1194 5225 1317 5341 illud:
1741 5227 1744 5232 ’
