3974 5778
894 177 977 271 Cap.
1002 181 1135 260 xxm.
1362 257 1367 269 ,
1633 192 1714 275 341

309 403 478 494 coruino
508 408 791 487 contumacem
823 400 963 510 regula
993 408 1124 488 noceat.
1170 403 1288 488 Unde
1317 412 1360 489 et
1387 406 1535 492 merito
1564 405 1717 518 impro-

310 541 384 622 bus
407 539 469 618 est
488 531 695 634 dicendus,
725 559 972 642 quamquam
997 540 1040 616 et
1060 534 1290 644 improbum
1313 536 1426 620 illum
1445 539 1566 622 etiam
1585 545 1718 640 uocat,

269 759 270 764 Ν
308 667 376 778 qui
405 665 502 749 licet
531 666 765 773 frequenter
806 663 1067 773 corripiatur,
1105 665 1343 777 disciplinae
1373 673 1510 752 tamen
1539 670 1716 778 regulari

268 825 272 834 ·
307 827 386 883 non
407 793 662 895 contradicit,
693 794 763 904 qui
792 794 1066 899 honestatem,
1091 825 1213 906 qnam
1232 786 1344 908 prins
1366 799 1499 906 [duur]
1516 827 1559 880 sc
1579 827 1717 884 ernen-

307 929 401 1013 darc
430 927 626 1036 profitens
668 923 819 1009 trabere
849 926 1085 1026 videbatur,
1126 927 1361 1038 relinquens
1397 928 1448 1012 ad
1486 930 1715 1038 improbum

305 1063 526 1171 duramque
556 1064 733 1142 rrrerrtem
777 1059 939 1145 transit.
1008 1058 1190 1168 improbi
1231 1059 1338 1142 cuim
1377 1085 1424 1142 ec
1463 1061 1553 1144 duri
1594 1071 1717 1174 atquc

305 1189 582 1274 inobedientes
602 1195 645 1274 et
661 1186 838 1298 superbi,
868 1183 919 1273 dc
942 1190 1100 1300 quibus,
1131 1190 1238 1272 sicut
1258 1189 1447 1292 diximus,
1475 1195 1716 1276 insecundo

303 1319 481 1428 capitulo
520 1321 663 1429 regulo
691 1321 813 1435 dicit,
835 1319 885 1404 “hi
916 1306 1231 1430 intelliguntur,
1261 1320 1350 1428 qui,
1389 1331 1604 1434 postquam
1644 1351 1717 1432 per

301 1481 369 1536 sex
398 1450 548 1561 gradus
578 1452 733 1538 fuerint
751 1451 985 1554 exerminati,
1015 1451 1346 1537 eurcrrdationcrn
1374 1481 1453 1536 oon
1474 1454 1714 1564 recoperint,

302 1610 403 1696 quos
430 1583 465 1667 si
495 1583 670 1667 uoluerit
698 1583 822 1682 abbas
852 1583 997 1692 ejicere
1025 1585 1067 1668 in
1098 1613 1173 1669 suo
1212 1583 1386 1668 arbitrio
1414 1585 1506 1674 erit.
1547 1585 1588 1668 Si
1620 1612 1715 1666 vero
1791 1641 1796 1650 -

303 1713 478 1800 noluerit
523 1743 594 1796 cos
633 1713 809 1822 aiijicere
855 1713 923 1797 scd
966 1713 1099 1797 adiruc
1150 1717 1192 1798 iu
1234 1717 1482 1801 monasterio
1524 1718 1713 1826 retinere,

301 1854 397 1944 tuuc
426 1842 470 1929 hi
499 1844 660 1956 ureae)
697 1845 802 1929 siin
833 1847 966 1954 ipsum
998 1860 1231 1954 peccatum,
1270 1847 1378 1930 uude
1406 1847 1522 1958 digni
1553 1847 1716 1932 fuerant

301 1974 461 2086 expetii,
491 1983 634 2084 postea
663 1975 883 2087 contigerit
912 1974 1073 2079 cudere,
1098 1976 1185 2083 jum
1215 2006 1295 2062 nou
1326 2005 1398 2086 per
1426 1978 1578 2088 gradus
1608 1977 1714 2062 sicut

301 2093 424 2216 prius,
452 2103 519 2186 scd
539 2106 692 2207 statim,
723 2111 769 2190 nt
790 2107 918 2217 ipsum
943 2111 1156 2216 peccatum
1180 2108 1517 2216 perpetraverint,
1550 2108 1714 2192 verbere

299 2243 369 2320 nut
409 2237 682 2346 castigatione
725 2238 929 2346 corporis,
972 2235 1012 2322 h.
1052 2265 1086 2324 e.
1129 2235 1265 2321 nimiis
1301 2237 1711 2347 jejuniis-[cosdem]

298 2374 492 2451 coerceat.
555 2365 648 2451 ideo
677 2363 854 2450 dixinrus
881 2367 1016 2471 ipsum
1033 2373 1253 2470 peccatum,
1283 2366 1380 2477 quia
1405 2367 1440 2451 si
1462 2367 1571 2452 atiud
1602 2374 1712 2478 poet·

257 2496 261 2506 '
297 2496 460 2579 modum
494 2495 783 2602 commiserint,
812 2523 884 2606 pcr
912 2495 1065 2605 gradus
1093 2525 1163 2580 sex
1191 2497 1365 2581 ducendi
1389 2507 1498 2602 surrt,
1528 2528 1576 2582 eo
1602 2499 1710 2607 quod

298 2629 346 2710 dc
375 2628 565 2713 omuibus
604 2627 857 2738 spiritalibus
899 2625 1074 2734 peccatis
1115 2625 1253 2710 taliter
1298 2657 1388 2713 curri
1419 2628 1476 2711 cis
1505 2628 1710 2737 agendum

297 2765 369 2842 est.
427 2757 544 2843 Unde
577 2759 665 2843 ideo
695 2761 838 2867 regulo
867 2785 935 2840 cos
964 2758 1161 2866 superbos
1200 2757 1482 2842 inobedientes
1511 2758 1708 2848 rrurninut,

296 2891 403 3000 quia,
433 2888 540 2973 sicut
569 2889 724 2973 dictum
756 2895 830 2991 est,
860 2887 910 2972 de
930 2887 1120 2973 onnribus
1143 2888 1324 2997 peccatis
1352 2888 1605 2998 spiritalibus
1634 2888 1708 2972 iur-

296 3021 411 3131 probi
442 3021 560 3122 iiunt,
591 3048 682 3103 omn
713 3049 785 3131 per
813 3047 882 3104 sex
906 3017 1058 3130 gradus
1083 3019 1196 3119 ducti
1220 3048 1303 3104 non
1325 3049 1368 3104 se
1388 3019 1708 3104 emendaverint.

240 3135 245 3148 ¹
299 3152 396 3236 l)m·i
425 3158 560 3236 autern
604 3161 718 3254 snut,
761 3153 830 3263 qui
874 3152 958 3236 sire
986 3151 1287 3236 admoneantur
1314 3149 1399 3235 sive
1431 3149 1710 3233 excommuni-

294 3289 459 3385 centur,
503 3313 585 3368 uon
615 3283 886 3368 emendantur
917 3311 1048 3394 ueqne
1076 3283 1199 3366 etiarn
1230 3281 1495 3376 crubescunt,
1536 3279 1607 3362 sed
1637 3279 1709 3364 ob·

294 3413 448 3496 stinata
478 3421 614 3500 mente
646 3444 727 3499 rron
758 3416 949 3498 timentes
972 3413 1255 3499 verecundiam
1276 3419 1400 3522 atque
1431 3409 1708 3493 cxcomumni·
1753 3499 1760 3522 ι

292 3546 495 3628 cntionem
524 3547 722 3657 impetum
753 3545 815 3628 sni
855 3545 989 3630 cordis
1026 3553 1266 3653 seqrurutur.
1323 3541 1475 3646 Quodsi
1506 3571 1575 3624 eos
1604 3541 1706 3647 reje-

293 3679 394 3760 cerit
421 3676 471 3759 de
501 3675 771 3777 nronestcrio,
808 3681 851 3760 ct
881 3682 1025 3786 postca
1053 3676 1204 3761 reversi
1231 3676 1316 3758 sive
1343 3675 1491 3786 ipsum,
1521 3700 1596 3782 pro
1624 3685 1725 3780 quo'

292 3807 431 3916 rejecti
462 3813 581 3910 eunt,
621 3807 707 3891 sive
735 3805 845 3890 aliud
875 3835 944 3890 cos
972 3804 1156 3916 spiritale
1187 3805 1409 3916 contigerit
1437 3803 1704 3902 committere,

291 3965 361 4046 per
390 3966 459 4021 sex
490 3938 641 4048 gradus
679 3929 908 4048 superiores
948 3935 1122 4020 ducendi
1164 3939 1283 4036 curat,
1324 3962 1372 4018 ac
1400 3930 1433 4018 si
1465 3933 1624 4017 noviter
1652 3934 1701 4016 art

292 4070 581 4153 rrrouasteriurn
612 4067 830 4153 venissent.
892 4066 1182 4152 Verumtamen
1206 4066 1417 4151 sciendum
1446 4071 1519 4164 est,
1550 4064 1702 4173 quiesi

290 4199 391 4284 iilud
422 4207 647 4311 peccatum,
689 4227 763 4309 pro
793 4226 875 4310 quo
903 4199 946 4283 in
975 4198 1113 4309 aliquo
1143 4200 1272 4309 gradu
1303 4206 1384 4301 est,
1425 4195 1540 4278 tarde
1569 4221 1702 4278 rever·
1747 4245 1749 4250 -

290 4337 413 4430 tatur,
442 4331 482 4418 h.
501 4361 536 4422 c.
568 4337 660 4442 post
678 4359 829 4416 urinum
852 4338 924 4414 ant
948 4330 1056 4415 forte
1081 4343 1174 4441 post
1197 4329 1370 4415 medium
1395 4325 1701 4438 perpetraverit,

289 4461 403 4570 qnasi
433 4493 644 4575 rrunquam
679 4462 908 4564 admiserit,
952 4461 1003 4546 ad
1044 4463 1219 4572 primurn
1257 4462 1430 4574 gradum
1461 4463 1701 4558 revertatur,

287 4589 327 4677 h.
343 4621 378 4706 e.
403 4593 454 4676 ad
475 4601 671 4678 secretam
695 4591 1032 4698 admonitionem,
1061 4591 1094 4676 si
1119 4599 1271 4677 secrete
1287 4593 1543 4676 conrmissum
1565 4587 1700 4674 inerit.

287 4707 432 4830 Nerine
461 4709 584 4828 enim,
614 4735 811 4838 utsupra
839 4726 990 4812 dictum
1022 4722 1316 4825 mucronibus
1345 4721 1529 4832 personis
1554 4747 1700 4806 omncs

286 4853 438 4964 gradus
480 4858 699 4945 convenire
740 4865 957 4970 poterunt,
1008 4853 1106 4966 quia
1149 4849 1339 4939 videlicet
1379 4851 1561 4937 diuersae
1604 4855 1700 4935 suut
1756 4843 1762 4859 ’

375 5143 402 5235 ¹)
424 5143 489 5216 uo·
511 5141 603 5217 aree
624 5141 682 5236 (n.
