<?xml version="1.0" encoding="UTF-8"?>
<!DOCTYPE html PUBLIC "-//W3C//DTD XHTML 1.0 Transitional//EN"
    "http://www.w3.org/TR/xhtml1/DTD/xhtml1-transitional.dtd">
<html xmlns="http://www.w3.org/1999/xhtml" xml:lang="en" lang="en">
 <head>
  <title>
</title>
<meta http-equiv="Content-Type" content="text/html;charset=utf-8" />
  <meta name='ocr-system' content='tesseract 3.04.00' />
  <meta name='ocr-capabilities' content='ocr_page ocr_carea ocr_par ocr_line ocrx_word'/>
</head>
<body>
  <div class='ocr_page' id='page_1' title='image "./vitaetregulassp01benegoog_0547.png"; bbox 0 0 3930 5788; ppageno 0'>
   <div class='ocr_carea' id='block_1_1' title="bbox 55 289 1017 386">
    <p class='ocr_par' dir='ltr' id='par_1_1' title="bbox 55 289 1017 386">
     <span class='ocr_line' id='line_1_1' title="bbox 55 289 1017 386; baseline 0.006 -28"><span class='ocrx_word' id='word_1_1' title='bbox 55 341 63 358; x_wconf 90' lang='lat'><strong><em>.</em></strong></span> <span class='ocrx_word' id='word_1_2' title='bbox 158 327 162 338; x_wconf 94' lang='lat'><em>·</em></span> <span class='ocrx_word' id='word_1_3' title='bbox 214 295 298 382; x_wconf 80' lang='grc'><strong>518</strong></span> <span class='ocrx_word' id='word_1_4' title='bbox 349 347 353 360; x_wconf 84' lang='grc'><em>·</em></span> <span class='ocrx_word' id='word_1_5' title='bbox 830 289 1017 386; x_wconf 61' lang='lat' dir='ltr'><strong>crum</strong></span> 
     </span>
    </p>
   </div>
   <div class='ocr_carea' id='block_1_2' title="bbox 14 507 1818 4680">
    <p class='ocr_par' dir='ltr' id='par_1_2' title="bbox 14 507 1685 3106">
     <span class='ocr_line' id='line_1_2' title="bbox 188 507 1683 623; baseline 0.001 -28"><span class='ocrx_word' id='word_1_6' title='bbox 188 507 388 623; x_wconf 83' lang='lat' dir='ltr'><strong>grandis</strong></span> <span class='ocrx_word' id='word_1_7' title='bbox 416 514 503 617; x_wconf 83' lang='lat' dir='ltr'><strong>est,</strong></span> <span class='ocrx_word' id='word_1_8' title='bbox 531 511 640 597; x_wconf 85' lang='lat' dir='ltr'><strong>sieut</strong></span> <span class='ocrx_word' id='word_1_9' title='bbox 669 511 758 621; x_wconf 84' lang='lat' dir='ltr'><strong>jam</strong></span> <span class='ocrx_word' id='word_1_10' title='bbox 785 509 984 613; x_wconf 83' lang='lat' dir='ltr'><strong>diximus,</strong></span> <span class='ocrx_word' id='word_1_11' title='bbox 1012 510 1039 600; x_wconf 89' lang='lat' dir='ltr'><strong>i.</strong></span> <span class='ocrx_word' id='word_1_12' title='bbox 1067 539 1107 598; x_wconf 73' lang='grc' dir='ltr'><strong>ο.</strong></span> <span class='ocrx_word' id='word_1_13' title='bbox 1133 513 1312 622; x_wconf 84' lang='lat' dir='ltr'><strong>quatuor</strong></span> <span class='ocrx_word' id='word_1_14' title='bbox 1336 511 1479 596; x_wconf 77' lang='lat' dir='ltr'><strong>valens</strong></span> <span class='ocrx_word' id='word_1_15' title='bbox 1503 510 1631 596; x_wconf 78' lang='lat' dir='ltr'><strong>dona·</strong></span> <span class='ocrx_word' id='word_1_16' title='bbox 1678 565 1683 576; x_wconf 90' lang='lat'><strong>·</strong></span> 
     </span>
     <span class='ocr_line' id='line_1_3' title="bbox 152 639 1629 752; baseline -0.001 -26"><span class='ocrx_word' id='word_1_17' title='bbox 152 739 158 749; x_wconf 28' lang='lat'>⁸</span> <span class='ocrx_word' id='word_1_18' title='bbox 216 641 308 746; x_wconf 86' lang='lat' dir='ltr'><strong>riis,</strong></span> <span class='ocrx_word' id='word_1_19' title='bbox 335 667 386 726; x_wconf 88' lang='lat' dir='ltr'><strong>eo</strong></span> <span class='ocrx_word' id='word_1_20' title='bbox 412 641 536 728; x_wconf 85' lang='lat' dir='ltr'><strong>modo</strong></span> <span class='ocrx_word' id='word_1_21' title='bbox 570 640 616 724; x_wconf 91' lang='lat' dir='ltr'><strong>in</strong></span> <span class='ocrx_word' id='word_1_22' title='bbox 653 640 805 725; x_wconf 87' lang='lat' dir='ltr'><strong>minori</strong></span> <span class='ocrx_word' id='word_1_23' title='bbox 845 639 967 750; x_wconf 87' lang='lat' dir='ltr'><strong>cnlpa</strong></span> <span class='ocrx_word' id='word_1_24' title='bbox 997 641 1246 752; x_wconf 79' lang='lat' dir='ltr'><strong>judicandus</strong></span> <span class='ocrx_word' id='word_1_25' title='bbox 1280 643 1354 728; x_wconf 82' lang='lat' dir='ltr'><strong>eat.</strong></span> <span class='ocrx_word' id='word_1_26' title='bbox 1412 639 1457 725; x_wconf 88' lang='lat' dir='ltr'><strong>Si</strong></span> <span class='ocrx_word' id='word_1_27' title='bbox 1491 645 1629 725; x_wconf 64' lang='lat' dir='ltr'><strong>anoenr</strong></span> 
     </span>
     <span class='ocr_line' id='line_1_4' title="bbox 191 767 1632 882; baseline -0.001 -28"><span class='ocrx_word' id='word_1_28' title='bbox 191 767 349 882; x_wconf 74' lang='lat' dir='ltr'><strong>&#39;maJor</strong></span> <span class='ocrx_word' id='word_1_29' title='bbox 376 775 450 870; x_wconf 85' lang='lat' dir='ltr'><strong>est,</strong></span> <span class='ocrx_word' id='word_1_30' title='bbox 479 776 581 855; x_wconf 89' lang='lat' dir='ltr'><strong>tuuc</strong></span> <span class='ocrx_word' id='word_1_31' title='bbox 609 769 732 854; x_wconf 91' lang='lat' dir='ltr'><strong>debet</strong></span> <span class='ocrx_word' id='word_1_32' title='bbox 759 797 825 855; x_wconf 87' lang='lat' dir='ltr'><strong>res</strong></span> <span class='ocrx_word' id='word_1_33' title='bbox 851 769 1029 872; x_wconf 86' lang='lat' dir='ltr'><strong>incendi,</strong></span> <span class='ocrx_word' id='word_1_34' title='bbox 1057 775 1102 854; x_wconf 85' lang='lat' dir='ltr'><strong>et</strong></span> <span class='ocrx_word' id='word_1_35' title='bbox 1120 771 1209 880; x_wconf 83' lang='lat' dir='ltr'><strong>ipse</strong></span> <span class='ocrx_word' id='word_1_36' title='bbox 1233 771 1278 854; x_wconf 93' lang='lat' dir='ltr'><strong>in</strong></span> <span class='ocrx_word' id='word_1_37' title='bbox 1305 769 1489 881; x_wconf 82' lang='lat' dir='ltr'><strong>graviori</strong></span> <span class='ocrx_word' id='word_1_38' title='bbox 1511 769 1632 878; x_wconf 81' lang='lat' dir='ltr'><strong>culpa</strong></span> 
     </span>
     <span class='ocr_line' id='line_1_5' title="bbox 212 897 1633 1010; baseline -0.003 -24"><span class='ocrx_word' id='word_1_39' title='bbox 212 899 461 1008; x_wconf 75' lang='lat' dir='ltr'><strong>judicandus</strong></span> <span class='ocrx_word' id='word_1_40' title='bbox 496 902 572 984; x_wconf 89' lang='lat' dir='ltr'><strong>est.</strong></span> <span class='ocrx_word' id='word_1_41' title='bbox 629 897 674 982; x_wconf 88' lang='lat' dir='ltr'><strong>Si</strong></span> <span class='ocrx_word' id='word_1_42' title='bbox 714 903 851 982; x_wconf 82' lang='lat' dir='ltr'><strong>autem</strong></span> <span class='ocrx_word' id='word_1_43' title='bbox 888 898 1037 1009; x_wconf 85' lang='lat' dir='ltr'><strong>aliquis</strong></span> <span class='ocrx_word' id='word_1_44' title='bbox 1075 904 1151 984; x_wconf 85' lang='lat' dir='ltr'><strong>aut</strong></span> <span class='ocrx_word' id='word_1_45' title='bbox 1187 925 1335 1010; x_wconf 85' lang='lat' dir='ltr'><strong>parens</strong></span> <span class='ocrx_word' id='word_1_46' title='bbox 1375 899 1438 983; x_wconf 83' lang='lat' dir='ltr'><strong>vel</strong></span> <span class='ocrx_word' id='word_1_47' title='bbox 1477 898 1633 982; x_wconf 84' lang='lat' dir='ltr'><strong>amiens</strong></span> 
     </span>
     <span class='ocr_line' id='line_1_6' title="bbox 219 1027 1633 1142; baseline -0.001 -28"><span class='ocrx_word' id='word_1_48' title='bbox 219 1033 293 1142; x_wconf 79' lang='lat' dir='ltr'><strong>aui</strong></span> <span class='ocrx_word' id='word_1_49' title='bbox 320 1057 492 1142; x_wconf 84' lang='lat' dir='ltr'><strong>cappam</strong></span> <span class='ocrx_word' id='word_1_50' title='bbox 521 1033 596 1114; x_wconf 88' lang='lat' dir='ltr'><strong>aut</strong></span> <span class='ocrx_word' id='word_1_51' title='bbox 623 1055 805 1138; x_wconf 88' lang='lat' dir='ltr'><strong>pannum</strong></span> <span class='ocrx_word' id='word_1_52' title='bbox 835 1028 899 1112; x_wconf 82' lang='lat' dir='ltr'><strong>rel</strong></span> <span class='ocrx_word' id='word_1_53' title='bbox 928 1027 1115 1112; x_wconf 84' lang='lat' dir='ltr'><strong>denarios</strong></span> <span class='ocrx_word' id='word_1_54' title='bbox 1142 1027 1203 1112; x_wconf 91' lang='lat' dir='ltr'><strong>illi</strong></span> <span class='ocrx_word' id='word_1_55' title='bbox 1230 1027 1465 1132; x_wconf 84' lang='lat' dir='ltr'><strong>donaverit,</strong></span> <span class='ocrx_word' id='word_1_56' title='bbox 1492 1033 1536 1112; x_wconf 92' lang='lat' dir='ltr'><strong>et</strong></span> <span class='ocrx_word' id='word_1_57' title='bbox 1562 1027 1633 1112; x_wconf 88' lang='lat' dir='ltr'><strong>ille</strong></span> 
     </span>
     <span class='ocr_line' id='line_1_7' title="bbox 218 1157 1634 1267; baseline 0 -26"><span class='ocrx_word' id='word_1_58' title='bbox 218 1159 391 1244; x_wconf 82' lang='lat' dir='ltr'>dixerit:</span> <span class='ocrx_word' id='word_1_59' title='bbox 419 1157 517 1267; x_wconf 86' lang='lat' dir='ltr'><strong>quia</strong></span> <span class='ocrx_word' id='word_1_60' title='bbox 541 1157 739 1242; x_wconf 83' lang='lat' dir='ltr'><strong>oblivioni</strong></span> <span class='ocrx_word' id='word_1_61' title='bbox 762 1157 926 1260; x_wconf 89' lang='lat' dir='ltr'><strong>tradidi,</strong></span> <span class='ocrx_word' id='word_1_62' title='bbox 955 1163 999 1240; x_wconf 91' lang='lat' dir='ltr'><strong>ct</strong></span> <span class='ocrx_word' id='word_1_63' title='bbox 1023 1157 1117 1242; x_wconf 86' lang='lat' dir='ltr'><strong>idco</strong></span> <span class='ocrx_word' id='word_1_64' title='bbox 1145 1183 1229 1241; x_wconf 90' lang='lat' dir='ltr'><strong>non</strong></span> <span class='ocrx_word' id='word_1_65' title='bbox 1256 1157 1363 1261; x_wconf 88' lang='lat' dir='ltr'><strong>dedi,</strong></span> <span class='ocrx_word' id='word_1_66' title='bbox 1392 1163 1493 1243; x_wconf 86' lang='lat' dir='ltr'><strong>tune</strong></span> <span class='ocrx_word' id='word_1_67' title='bbox 1510 1157 1634 1242; x_wconf 85' lang='lat' dir='ltr'><strong>debet</strong></span> 
     </span>
     <span class='ocr_line' id='line_1_8' title="bbox 218 1285 1634 1398; baseline -0.001 -26"><span class='ocrx_word' id='word_1_68' title='bbox 218 1287 363 1398; x_wconf 84' lang='lat' dir='ltr'><strong>inspici</strong></span> <span class='ocrx_word' id='word_1_69' title='bbox 394 1315 584 1398; x_wconf 88' lang='lat' dir='ltr'><strong>persona,</strong></span> <span class='ocrx_word' id='word_1_70' title='bbox 611 1287 645 1370; x_wconf 87' lang='lat' dir='ltr'><strong>si</strong></span> <span class='ocrx_word' id='word_1_71' title='bbox 674 1285 882 1373; x_wconf 88' lang='lat' dir='ltr'><strong>credibilis</strong></span> <span class='ocrx_word' id='word_1_72' title='bbox 909 1293 974 1372; x_wconf 87' lang='lat' dir='ltr'><strong>cst</strong></span> <span class='ocrx_word' id='word_1_73' title='bbox 999 1315 1155 1375; x_wconf 88' lang='lat' dir='ltr'><strong>annon.</strong></span> <span class='ocrx_word' id='word_1_74' title='bbox 1209 1285 1255 1372; x_wconf 84' lang='lat' dir='ltr'><strong>Si</strong></span> <span class='ocrx_word' id='word_1_75' title='bbox 1271 1293 1409 1371; x_wconf 85' lang='lat' dir='ltr'><strong>antem</strong></span> <span class='ocrx_word' id='word_1_76' title='bbox 1426 1286 1634 1373; x_wconf 91' lang='lat' dir='ltr'><strong>credibilis</strong></span> 
     </span>
     <span class='ocr_line' id='line_1_9' title="bbox 131 1417 1633 1525; baseline -0.001 -21"><span class='ocrx_word' id='word_1_77' title='bbox 131 1505 133 1512; x_wconf 74' lang='grc'>,</span> <span class='ocrx_word' id='word_1_78' title='bbox 220 1426 304 1520; x_wconf 85' lang='lat' dir='ltr'><strong>est,</strong></span> <span class='ocrx_word' id='word_1_79' title='bbox 334 1424 434 1503; x_wconf 86' lang='lat' dir='ltr'><strong>tunc</strong></span> <span class='ocrx_word' id='word_1_80' title='bbox 472 1418 736 1518; x_wconf 75' lang='lat' dir='ltr'><strong>liberabitur,</strong></span> <span class='ocrx_word' id='word_1_81' title='bbox 767 1417 801 1500; x_wconf 87' lang='lat' dir='ltr'><strong>si</strong></span> <span class='ocrx_word' id='word_1_82' title='bbox 840 1444 938 1502; x_wconf 83' lang='lat' dir='ltr'><strong>vero</strong></span> <span class='ocrx_word' id='word_1_83' title='bbox 977 1417 1186 1502; x_wconf 87' lang='lat' dir='ltr'><strong>credibilis</strong></span> <span class='ocrx_word' id='word_1_84' title='bbox 1224 1445 1308 1504; x_wconf 89' lang='lat' dir='ltr'><strong>non</strong></span> <span class='ocrx_word' id='word_1_85' title='bbox 1347 1425 1432 1525; x_wconf 86' lang='lat' dir='ltr'><strong>est,</strong></span> <span class='ocrx_word' id='word_1_86' title='bbox 1461 1425 1561 1502; x_wconf 89' lang='lat' dir='ltr'><strong>tnnc</strong></span> <span class='ocrx_word' id='word_1_87' title='bbox 1588 1418 1633 1502; x_wconf 92' lang='lat' dir='ltr'><strong>in</strong></span> 
     </span>
     <span class='ocr_line' id='line_1_10' title="bbox 78 1547 1685 1662; baseline 0.001 -28"><span class='ocrx_word' id='word_1_88' title='bbox 78 1589 83 1598; x_wconf 92' lang='lat'><em>·</em></span> <span class='ocrx_word' id='word_1_89' title='bbox 155 1625 158 1632; x_wconf 95' lang='lat'><em>.</em></span> <span class='ocrx_word' id='word_1_90' title='bbox 219 1547 399 1662; x_wconf 79' lang='lat' dir='ltr'><strong>graviori</strong></span> <span class='ocrx_word' id='word_1_91' title='bbox 439 1549 562 1659; x_wconf 86' lang='lat' dir='ltr'><strong>culpa</strong></span> <span class='ocrx_word' id='word_1_92' title='bbox 599 1547 846 1658; x_wconf 84' lang='lat' dir='ltr'><strong>judicandos</strong></span> <span class='ocrx_word' id='word_1_93' title='bbox 887 1553 961 1634; x_wconf 87' lang='lat' dir='ltr'><strong>est.</strong></span> <span class='ocrx_word' id='word_1_94' title='bbox 1018 1548 1173 1634; x_wconf 87' lang='lat' dir='ltr'><strong>Verum</strong></span> <span class='ocrx_word' id='word_1_95' title='bbox 1212 1551 1337 1636; x_wconf 87' lang='lat' dir='ltr'><strong>etiam</strong></span> <span class='ocrx_word' id='word_1_96' title='bbox 1376 1553 1514 1661; x_wconf 79' lang='lat' dir='ltr'><strong>potest</strong></span> <span class='ocrx_word' id='word_1_97' title='bbox 1552 1550 1633 1636; x_wconf 82' lang='lat' dir='ltr'><strong>isto</strong></span> <span class='ocrx_word' id='word_1_98' title='bbox 1682 1601 1685 1608; x_wconf 32' lang='grc' dir='ltr'><em>ι</em></span> 
     </span>
     <span class='ocr_line' id='line_1_11' title="bbox 14 1679 1656 1795; baseline 0 -29"><span class='ocrx_word' id='word_1_99' title='bbox 14 1701 19 1710; x_wconf 88' lang='grc'>·</span> <span class='ocrx_word' id='word_1_100' title='bbox 58 1731 63 1740; x_wconf 92' lang='lat'>·</span> <span class='ocrx_word' id='word_1_101' title='bbox 221 1681 344 1768; x_wconf 87' lang='lat' dir='ltr'><strong>modo</strong></span> <span class='ocrx_word' id='word_1_102' title='bbox 384 1679 562 1783; x_wconf 81' lang='lat' dir='ltr'><strong>dinosci,</strong></span> <span class='ocrx_word' id='word_1_103' title='bbox 591 1679 626 1764; x_wconf 89' lang='lat' dir='ltr'><strong>si</strong></span> <span class='ocrx_word' id='word_1_104' title='bbox 654 1679 767 1765; x_wconf 84' lang='lat' dir='ltr'><strong>illarn</strong></span> <span class='ocrx_word' id='word_1_105' title='bbox 796 1708 880 1766; x_wconf 87' lang='lat' dir='ltr'><strong>rem</strong></span> <span class='ocrx_word' id='word_1_106' title='bbox 914 1708 1075 1794; x_wconf 78' lang='lat' dir='ltr'>semper</span> <span class='ocrx_word' id='word_1_107' title='bbox 1100 1679 1246 1766; x_wconf 89' lang='lat' dir='ltr'><strong>babuit</strong></span> <span class='ocrx_word' id='word_1_108' title='bbox 1271 1681 1535 1795; x_wconf 54' lang='lat' dir='ltr'><strong>ammaum,</strong></span> <span class='ocrx_word' id='word_1_109' title='bbox 1561 1688 1656 1766; x_wconf 82' lang='lat' dir='ltr'><strong>aut·</strong></span> 
     </span>
     <span class='ocr_line' id='line_1_12' title="bbox 221 1809 1634 1924; baseline 0.001 -27"><span class='ocrx_word' id='word_1_110' title='bbox 221 1813 330 1898; x_wconf 86' lang='lat' dir='ltr'><strong>iorte</strong></span> <span class='ocrx_word' id='word_1_111' title='bbox 356 1813 400 1898; x_wconf 92' lang='lat' dir='ltr'><strong>in</strong></span> <span class='ocrx_word' id='word_1_112' title='bbox 429 1813 566 1924; x_wconf 83' lang='lat' dir='ltr'><strong>palam</strong></span> <span class='ocrx_word' id='word_1_113' title='bbox 594 1809 773 1903; x_wconf 83' lang='lat' dir='ltr'><strong>vestivit.</strong></span> <span class='ocrx_word' id='word_1_114' title='bbox 812 1811 873 1900; x_wconf 40' lang='lat' dir='ltr'><strong>‘si</strong></span> <span class='ocrx_word' id='word_1_115' title='bbox 900 1816 1037 1897; x_wconf 85' lang='lat' dir='ltr'><strong>autem</strong></span> <span class='ocrx_word' id='word_1_116' title='bbox 1068 1815 1265 1900; x_wconf 75' lang='lat' dir='ltr'><strong>absconse</strong></span> <span class='ocrx_word' id='word_1_117' title='bbox 1293 1813 1461 1916; x_wconf 87' lang='lat' dir='ltr'><strong>babuit,</strong></span> <span class='ocrx_word' id='word_1_118' title='bbox 1490 1817 1539 1898; x_wconf 87' lang='lat' dir='ltr'><strong>ul·</strong></span> <span class='ocrx_word' id='word_1_119' title='bbox 1562 1814 1634 1899; x_wconf 88' lang='lat' dir='ltr'><strong>alii</strong></span> 
     </span>
     <span class='ocr_line' id='line_1_13' title="bbox 220 1943 1634 2060; baseline 0.001 -30"><span class='ocrx_word' id='word_1_120' title='bbox 220 1945 370 2030; x_wconf 82' lang='lat' dir='ltr'><strong>iteruin</strong></span> <span class='ocrx_word' id='word_1_121' title='bbox 398 1944 603 2032; x_wconf 76' lang='lat' dir='ltr'><strong>debuisset</strong></span> <span class='ocrx_word' id='word_1_122' title='bbox 630 1943 744 2029; x_wconf 89' lang='lat' dir='ltr'><strong>illam</strong></span> <span class='ocrx_word' id='word_1_123' title='bbox 768 1973 853 2028; x_wconf 87' lang='lat' dir='ltr'><strong>rem</strong></span> <span class='ocrx_word' id='word_1_124' title='bbox 879 1944 1076 2030; x_wconf 88' lang='lat' dir='ltr'><strong>absconse</strong></span> <span class='ocrx_word' id='word_1_125' title='bbox 1098 1946 1264 2050; x_wconf 82' lang='lat' dir='ltr'><strong>donare,</strong></span> <span class='ocrx_word' id='word_1_126' title='bbox 1294 1949 1449 2033; x_wconf 85' lang='lat' dir='ltr'><strong>lurtum</strong></span> <span class='ocrx_word' id='word_1_127' title='bbox 1467 1946 1634 2060; x_wconf 84' lang='lat' dir='ltr'><strong>dignos·</strong></span> 
     </span>
     <span class='ocr_line' id='line_1_14' title="bbox 222 2075 1636 2188; baseline 0.001 -28"><span class='ocrx_word' id='word_1_128' title='bbox 222 2077 329 2160; x_wconf 86' lang='lat' dir='ltr'><strong>citur</strong></span> <span class='ocrx_word' id='word_1_129' title='bbox 367 2103 465 2164; x_wconf 86' lang='lat' dir='ltr'><strong>esse.</strong></span> <span class='ocrx_word' id='word_1_130' title='bbox 532 2075 647 2162; x_wconf 82' lang='lat' dir='ltr'><strong>lstud</strong></span> <span class='ocrx_word' id='word_1_131' title='bbox 687 2105 785 2160; x_wconf 83' lang='lat' dir='ltr'><strong>vero</strong></span> <span class='ocrx_word' id='word_1_132' title='bbox 826 2075 936 2188; x_wconf 91' lang='lat' dir='ltr'><strong>quod</strong></span> <span class='ocrx_word' id='word_1_133' title='bbox 980 2076 1082 2162; x_wconf 89' lang='lat' dir='ltr'><strong>dicit</strong></span> <span class='ocrx_word' id='word_1_134' title='bbox 1123 2079 1393 2188; x_wconf 69' lang='lat' dir='ltr'><strong>pravissimae</strong></span> <span class='ocrx_word' id='word_1_135' title='bbox 1437 2078 1636 2163; x_wconf 74' lang='lat' dir='ltr'><strong>oirrdicloe</strong></span> 
     </span>
     <span class='ocr_line' id='line_1_15' title="bbox 175 2185 1634 2320; baseline 0.001 -28"><span class='ocrx_word' id='word_1_136' title='bbox 175 2300 178 2304; x_wconf 57' lang='grc'><em>,</em></span> <span class='ocrx_word' id='word_1_137' title='bbox 223 2185 440 2316; x_wconf 77' lang='lat' dir='ltr'><strong>subjaceat,</strong></span> <span class='ocrx_word' id='word_1_138' title='bbox 468 2208 629 2294; x_wconf 89' lang='lat' dir='ltr'><strong>duobos</strong></span> <span class='ocrx_word' id='word_1_139' title='bbox 652 2206 797 2312; x_wconf 87' lang='lat' dir='ltr'><strong>modis,</strong></span> <span class='ocrx_word' id='word_1_140' title='bbox 824 2237 929 2320; x_wconf 84' lang='lat' dir='ltr'><strong>quos</strong></span> <span class='ocrx_word' id='word_1_141' title='bbox 950 2208 1239 2319; x_wconf 81' lang='lat' dir='ltr'><strong>praediximus,</strong></span> <span class='ocrx_word' id='word_1_142' title='bbox 1262 2207 1522 2320; x_wconf 79' lang='lat' dir='ltr'><strong>intelligitur,</strong></span> <span class='ocrx_word' id='word_1_143' title='bbox 1550 2207 1578 2293; x_wconf 88' lang='lat' dir='ltr'><strong>i.</strong></span> <span class='ocrx_word' id='word_1_144' title='bbox 1598 2238 1634 2294; x_wconf 89' lang='lat' dir='ltr'><strong>e.</strong></span> 
     </span>
     <span class='ocr_line' id='line_1_16' title="bbox 223 2315 1636 2453; baseline 0 -29"><span class='ocrx_word' id='word_1_145' title='bbox 223 2346 297 2427; x_wconf 88' lang='lat' dir='ltr'><strong>aut</strong></span> <span class='ocrx_word' id='word_1_146' title='bbox 333 2339 514 2453; x_wconf 80' lang='lat' dir='ltr'><strong>graviori</strong></span> <span class='ocrx_word' id='word_1_147' title='bbox 554 2349 628 2425; x_wconf 91' lang='lat' dir='ltr'><strong>aut</strong></span> <span class='ocrx_word' id='word_1_148' title='bbox 665 2339 812 2426; x_wconf 85' lang='lat' dir='ltr'><strong>minori</strong></span> <span class='ocrx_word' id='word_1_149' title='bbox 852 2339 1071 2427; x_wconf 84' lang='lat' dir='ltr'><strong>vindictae.</strong></span> <span class='ocrx_word' id='word_1_150' title='bbox 1100 2385 1154 2404; x_wconf 89' lang='lat'>-</span> <span class='ocrx_word' id='word_1_151' title='bbox 1183 2339 1363 2426; x_wconf 81' lang='lat' dir='ltr'><strong>Ferrroro&#39;</strong></span> <span class='ocrx_word' id='word_1_152' title='bbox 1391 2341 1501 2422; x_wconf 80' lang='lat' dir='ltr'><strong>dicio</strong></span> <span class='ocrx_word' id='word_1_153' title='bbox 1526 2315 1636 2443; x_wconf 69' lang='lat' dir='ltr'><strong>sorel,</strong></span> 
     </span>
     <span class='ocr_line' id='line_1_17' title="bbox 51 2455 1637 2576; baseline 0.001 -22"><span class='ocrx_word' id='word_1_154' title='bbox 51 2549 53 2554; x_wconf 86' lang='lat'><em>.</em></span> <span class='ocrx_word' id='word_1_155' title='bbox 148 2455 150 2460; x_wconf 36' lang='lat'>⁵</span> <span class='ocrx_word' id='word_1_156' title='bbox 224 2462 333 2556; x_wconf 85' lang='lat' dir='ltr'><strong>sicut</strong></span> <span class='ocrx_word' id='word_1_157' title='bbox 362 2469 542 2556; x_wconf 85' lang='lat' dir='ltr'><strong>Isidorus</strong></span> <span class='ocrx_word' id='word_1_158' title='bbox 570 2471 684 2574; x_wconf 89' lang='lat' dir='ltr'><strong>dicit,</strong></span> <span class='ocrx_word' id='word_1_159' title='bbox 712 2471 820 2576; x_wconf 76' lang='lat' dir='ltr'><strong>quod</strong></span> <span class='ocrx_word' id='word_1_160' title='bbox 846 2499 896 2556; x_wconf 84' lang='lat' dir='ltr'><strong>eo</strong></span> <span class='ocrx_word' id='word_1_161' title='bbox 919 2476 1041 2576; x_wconf 76' lang='lat' dir='ltr'><strong>purte</strong></span> <span class='ocrx_word' id='word_1_162' title='bbox 1067 2499 1094 2554; x_wconf 90' lang='lat' dir='ltr'><strong>o</strong></span> <span class='ocrx_word' id='word_1_163' title='bbox 1114 2471 1271 2576; x_wconf 75' lang='lat' dir='ltr'><strong>lanuino</strong></span> <span class='ocrx_word' id='word_1_164' title='bbox 1298 2497 1422 2558; x_wconf 75' lang='lat' dir='ltr'><strong>serres</strong></span> <span class='ocrx_word' id='word_1_165' title='bbox 1443 2473 1525 2558; x_wconf 83' lang='lat' dir='ltr'><strong>oiri</strong></span> <span class='ocrx_word' id='word_1_166' title='bbox 1550 2473 1637 2556; x_wconf 85' lang='lat' dir='ltr'><strong>dis·</strong></span> 
     </span>
     <span class='ocr_line' id='line_1_18' title="bbox 225 2573 1638 2712; baseline -0.001 -24"><span class='ocrx_word' id='word_1_167' title='bbox 225 2607 380 2708; x_wconf 62' lang='lat' dir='ltr'><strong>crepon</strong></span> <span class='ocrx_word' id='word_1_168' title='bbox 415 2606 508 2688; x_wconf 79' lang='lat' dir='ltr'><strong>curri</strong></span> <span class='ocrx_word' id='word_1_169' title='bbox 543 2607 675 2684; x_wconf 78' lang='lat' dir='ltr'><strong>orclem</strong></span> <span class='ocrx_word' id='word_1_170' title='bbox 702 2598 755 2686; x_wconf 83' lang='lat' dir='ltr'><strong>ab</strong></span> <span class='ocrx_word' id='word_1_171' title='bbox 781 2599 1014 2712; x_wconf 67' lang='lat' dir='ltr'><strong>inguinibus</strong></span> <span class='ocrx_word' id='word_1_172' title='bbox 1029 2573 1167 2707; x_wconf 61' lang='lat' dir='ltr'><strong>⁸respice</strong></span> <span class='ocrx_word' id='word_1_173' title='bbox 1192 2599 1250 2682; x_wconf 85' lang='lat' dir='ltr'><strong>od</strong></span> <span class='ocrx_word' id='word_1_174' title='bbox 1272 2601 1462 2712; x_wconf 54' lang='lat' dir='ltr'><strong>oculiad)</strong></span> <span class='ocrx_word' id='word_1_175' title='bbox 1519 2602 1638 2686; x_wconf 82' lang='lat' dir='ltr'><strong>Unde</strong></span> 
     </span>
     <span class='ocr_line' id='line_1_19' title="bbox 61 2727 1637 2840; baseline -0.001 -22"><span class='ocrx_word' id='word_1_176' title='bbox 61 2778 67 2788; x_wconf 92' lang='lat'>·</span> <span class='ocrx_word' id='word_1_177' title='bbox 224 2738 267 2818; x_wconf 84' lang='lat' dir='ltr'><strong>et</strong></span> <span class='ocrx_word' id='word_1_178' title='bbox 294 2733 506 2818; x_wconf 79' lang='lat' dir='ltr'><strong>femoralia</strong></span> <span class='ocrx_word' id='word_1_179' title='bbox 548 2779 599 2796; x_wconf 92' lang='lat'><em>-</em></span> <span class='ocrx_word' id='word_1_180' title='bbox 629 2727 785 2816; x_wconf 86' lang='lat' dir='ltr'><strong>Bracae</strong></span> <span class='ocrx_word' id='word_1_181' title='bbox 812 2731 970 2833; x_wconf 81' lang='lat' dir='ltr'><strong>dictae,</strong></span> <span class='ocrx_word' id='word_1_182' title='bbox 997 2730 1109 2840; x_wconf 85' lang='lat' dir='ltr'><strong>qnod</strong></span> <span class='ocrx_word' id='word_1_183' title='bbox 1149 2729 1234 2815; x_wconf 89' lang='lat' dir='ltr'><strong>sint</strong></span> <span class='ocrx_word' id='word_1_184' title='bbox 1269 2731 1410 2817; x_wconf 82' lang='lat' dir='ltr'><strong>breves</strong></span> <span class='ocrx_word' id='word_1_185' title='bbox 1449 2738 1493 2817; x_wconf 89' lang='lat' dir='ltr'><strong>et</strong></span> <span class='ocrx_word' id='word_1_186' title='bbox 1525 2760 1637 2817; x_wconf 78' lang='lat' dir='ltr'><strong>vere·</strong></span> 
     </span>
     <span class='ocr_line' id='line_1_20' title="bbox 199 2851 1640 2975; baseline -0.001 -26"><span class='ocrx_word' id='word_1_187' title='bbox 199 2851 382 2968; x_wconf 64' lang='lat' dir='ltr'><strong>‚cundc&#39;</strong></span> <span class='ocrx_word' id='word_1_188' title='bbox 399 2864 582 2974; x_wconf 84' lang='lat' dir='ltr'><strong>corporis</strong></span> <span class='ocrx_word' id='word_1_189' title='bbox 621 2861 671 2947; x_wconf 87' lang='lat' dir='ltr'><strong>iis</strong></span> <span class='ocrx_word' id='word_1_190' title='bbox 710 2862 919 2967; x_wconf 83' lang='lat' dir='ltr'><strong>velentur,</strong></span> <span class='ocrx_word' id='word_1_191' title='bbox 947 2861 1054 2948; x_wconf 89' lang='lat' dir='ltr'><strong>idem</strong></span> <span class='ocrx_word' id='word_1_192' title='bbox 1096 2871 1140 2946; x_wconf 87' lang='lat' dir='ltr'><strong>et</strong></span> <span class='ocrx_word' id='word_1_193' title='bbox 1173 2861 1407 2967; x_wconf 80' lang='lat' dir='ltr'><strong>femoralia,</strong></span> <span class='ocrx_word' id='word_1_194' title='bbox 1443 2891 1492 2950; x_wconf 88' lang='lat' dir='ltr'><strong>eo</strong></span> <span class='ocrx_word' id='word_1_195' title='bbox 1529 2863 1640 2975; x_wconf 89' lang='lat' dir='ltr'><strong>quod</strong></span> 
     </span>
     <span class='ocr_line' id='line_1_21' title="bbox 39 2993 1643 3106; baseline -0.004 -28"><span class='ocrx_word' id='word_1_196' title='bbox 39 3011 44 3020; x_wconf 82' lang='lat'>·</span> <span class='ocrx_word' id='word_1_197' title='bbox 127 3005 136 3024; x_wconf 86' lang='lat'><strong>·</strong></span> <span class='ocrx_word' id='word_1_198' title='bbox 226 2995 383 3080; x_wconf 80' lang='lat' dir='ltr'><strong>femora</strong></span> <span class='ocrx_word' id='word_1_199' title='bbox 398 2999 560 3106; x_wconf 85' lang='lat' dir='ltr'><strong>tegunt.</strong></span> <span class='ocrx_word' id='word_1_200' title='bbox 606 2995 771 3082; x_wconf 78' lang='lat' dir='ltr'><strong>Stratus</strong></span> <span class='ocrx_word' id='word_1_201' title='bbox 786 3024 813 3080; x_wconf 88' lang='lat' dir='ltr'><strong>c</strong></span> <span class='ocrx_word' id='word_1_202' title='bbox 833 2994 1047 3081; x_wconf 58' lang='lat' dir='ltr'><strong>serviendo</strong></span> <span class='ocrx_word' id='word_1_203' title='bbox 1064 2993 1207 3096; x_wconf 78' lang='lat' dir='ltr'><strong>dictus,</strong></span> <span class='ocrx_word' id='word_1_204' title='bbox 1229 2995 1349 3100; x_wconf 70' lang='lat' dir='ltr'><strong>pensi</strong></span> <span class='ocrx_word' id='word_1_205' title='bbox 1374 2997 1643 3098; x_wconf 61' lang='lat' dir='ltr'><strong>»croadas«,-</strong></span> 
     </span>
    </p>

    <p class='ocr_par' dir='ltr' id='par_1_3' title="bbox 130 3123 1654 3368">
     <span class='ocr_line' id='line_1_22' title="bbox 130 3123 1654 3240; baseline 0.001 -31"><span class='ocrx_word' id='word_1_206' title='bbox 130 3145 133 3154; x_wconf 79' lang='grc'>’</span> <span class='ocrx_word' id='word_1_207' title='bbox 225 3128 270 3212; x_wconf 84' lang='lat' dir='ltr'><strong>iu</strong></span> <span class='ocrx_word' id='word_1_208' title='bbox 307 3125 374 3211; x_wconf 83' lang='lat' dir='ltr'><strong>dis</strong></span> <span class='ocrx_word' id='word_1_209' title='bbox 411 3123 512 3211; x_wconf 80' lang='lat' dir='ltr'><strong>colis</strong></span> <span class='ocrx_word' id='word_1_210' title='bbox 550 3125 707 3232; x_wconf 73' lang='lat' dir='ltr'><strong>orationi</strong></span> <span class='ocrx_word' id='word_1_211' title='bbox 745 3129 804 3212; x_wconf 91' lang='lat' dir='ltr'><strong>od</strong></span> <span class='ocrx_word' id='word_1_212' title='bbox 839 3127 1119 3214; x_wconf 84' lang='lat' dir='ltr'><strong>dormiendum</strong></span> <span class='ocrx_word' id='word_1_213' title='bbox 1161 3125 1429 3231; x_wconf 73' lang='lat' dir='ltr'><strong>occidebant,</strong></span> <span class='ocrx_word' id='word_1_214' title='bbox 1464 3125 1654 3240; x_wconf 72' lang='lat' dir='ltr'><strong>succulum¹</strong></span> 
     </span>
     <span class='ocr_line' id='line_1_23' title="bbox 227 3255 1638 3368; baseline -0.003 -20"><span class='ocrx_word' id='word_1_215' title='bbox 227 3259 359 3348; x_wconf 73' lang='lat' dir='ltr'><strong>loricis</strong></span> <span class='ocrx_word' id='word_1_216' title='bbox 395 3260 629 3345; x_wconf 78' lang='lat' dir='ltr'><strong>slrcmmdis</strong></span> <span class='ocrx_word' id='word_1_217' title='bbox 666 3260 850 3368; x_wconf 78' lang='lat' dir='ltr'><strong>repertis.</strong></span> <span class='ocrx_word' id='word_1_218' title='bbox 918 3257 1080 3362; x_wconf 83' lang='lat' dir='ltr'><strong>Storio,</strong></span> <span class='ocrx_word' id='word_1_219' title='bbox 1108 3259 1215 3365; x_wconf 77' lang='lat' dir='ltr'><strong>quod</strong></span> <span class='ocrx_word' id='word_1_220' title='bbox 1248 3255 1303 3343; x_wconf 80' lang='lat' dir='ltr'><strong>sil</strong></span> <span class='ocrx_word' id='word_1_221' title='bbox 1342 3261 1454 3344; x_wconf 77' lang='lat' dir='ltr'><strong>terro</strong></span> <span class='ocrx_word' id='word_1_222' title='bbox 1492 3264 1638 3362; x_wconf 71' lang='lat' dir='ltr'><strong>strido,</strong></span> 
     </span>
    </p>

    <p class='ocr_par' dir='ltr' id='par_1_4' title="bbox 122 3390 1818 3770">
     <span class='ocr_line' id='line_1_24' title="bbox 122 3390 1639 3506; baseline -0.001 -28"><span class='ocrx_word' id='word_1_223' title='bbox 122 3407 127 3418; x_wconf 85' lang='lat'>&#39;</span> <span class='ocrx_word' id='word_1_224' title='bbox 226 3391 332 3478; x_wconf 83' lang='lat' dir='ltr'><strong>uude</strong></span> <span class='ocrx_word' id='word_1_225' title='bbox 359 3399 396 3480; x_wconf 80' lang='lat' dir='ltr'><strong>et</strong></span> <span class='ocrx_word' id='word_1_226' title='bbox 422 3397 656 3482; x_wconf 79' lang='lat' dir='ltr'><strong>stramento.</strong></span> <span class='ocrx_word' id='word_1_227' title='bbox 667 3391 703 3506; x_wconf 83' lang='lat'><strong>²)</strong></span> <span class='ocrx_word' id='word_1_228' title='bbox 751 3391 884 3478; x_wconf 82' lang='lat' dir='ltr'><strong>blatta</strong></span> <span class='ocrx_word' id='word_1_229' title='bbox 912 3420 1009 3477; x_wconf 82' lang='lat' dir='ltr'><strong>vero</strong></span> <span class='ocrx_word' id='word_1_230' title='bbox 1038 3401 1101 3477; x_wconf 89' lang='lat' dir='ltr'><strong>est</strong></span> <span class='ocrx_word' id='word_1_231' title='bbox 1126 3391 1256 3479; x_wconf 83' lang='lat' dir='ltr'><strong>storia</strong></span> <span class='ocrx_word' id='word_1_232' title='bbox 1283 3391 1335 3478; x_wconf 92' lang='lat' dir='ltr'><strong>de</strong></span> <span class='ocrx_word' id='word_1_233' title='bbox 1361 3390 1517 3505; x_wconf 89' lang='lat' dir='ltr'><strong>papiris</strong></span> <span class='ocrx_word' id='word_1_234' title='bbox 1545 3421 1639 3478; x_wconf 89' lang='lat' dir='ltr'><strong>cum</strong></span> 
     </span>
     <span class='ocr_line' id='line_1_25' title="bbox 228 3523 1818 3638; baseline -0.001 -28"><span class='ocrx_word' id='word_1_235' title='bbox 228 3527 349 3620; x_wconf 81' lang='lat' dir='ltr'><strong>villis.</strong></span> <span class='ocrx_word' id='word_1_236' title='bbox 415 3527 571 3634; x_wconf 73' lang='lat' dir='ltr'><strong>Septem</strong></span> <span class='ocrx_word' id='word_1_237' title='bbox 609 3529 742 3610; x_wconf 73' lang='lat' dir='ltr'><strong>orclem</strong></span> <span class='ocrx_word' id='word_1_238' title='bbox 779 3523 971 3638; x_wconf 75' lang='lat' dir='ltr'><strong>pollicum</strong></span> <span class='ocrx_word' id='word_1_239' title='bbox 1010 3549 1154 3610; x_wconf 69' lang='lat' dir='ltr'><strong>rrwrcu</strong></span> <span class='ocrx_word' id='word_1_240' title='bbox 1191 3531 1275 3627; x_wconf 77' lang='lat' dir='ltr'><strong>esl3</strong></span> <span class='ocrx_word' id='word_1_241' title='bbox 1319 3525 1468 3611; x_wconf 75' lang='lat' dir='ltr'><strong>diction</strong></span> <span class='ocrx_word' id='word_1_242' title='bbox 1507 3531 1639 3610; x_wconf 77' lang='lat' dir='ltr'><strong>oratam</strong></span> <span class='ocrx_word' id='word_1_243' title='bbox 1816 3589 1818 3594; x_wconf 82' lang='grc'><strong>.</strong></span> 
     </span>
     <span class='ocr_line' id='line_1_26' title="bbox 227 3655 1643 3770; baseline -0.003 -27"><span class='ocrx_word' id='word_1_244' title='bbox 227 3685 369 3770; x_wconf 76' lang='lat' dir='ltr'><strong>sapum</strong></span> <span class='ocrx_word' id='word_1_245' title='bbox 408 3659 630 3766; x_wconf 71' lang='lat' dir='ltr'><strong>prtadrum,</strong></span> <span class='ocrx_word' id='word_1_246' title='bbox 659 3682 704 3740; x_wconf 85' lang='lat' dir='ltr'><strong>eo</strong></span> <span class='ocrx_word' id='word_1_247' title='bbox 730 3657 837 3765; x_wconf 77' lang='lat' dir='ltr'><strong>quod</strong></span> <span class='ocrx_word' id='word_1_248' title='bbox 863 3659 975 3763; x_wconf 73' lang='lat' dir='ltr'><strong>apae</strong></span> <span class='ocrx_word' id='word_1_249' title='bbox 1000 3683 1068 3742; x_wconf 84' lang='lat' dir='ltr'><strong>eos</strong></span> <span class='ocrx_word' id='word_1_250' title='bbox 1090 3658 1271 3765; x_wconf 72' lang='lat' dir='ltr'><strong>priorum</strong></span> <span class='ocrx_word' id='word_1_251' title='bbox 1299 3656 1544 3764; x_wconf 72' lang='lat' dir='ltr'><strong>quadratum</strong></span> <span class='ocrx_word' id='word_1_252' title='bbox 1582 3655 1643 3740; x_wconf 83' lang='lat' dir='ltr'><strong>uel</strong></span> 
     </span>
    </p>

    <p class='ocr_par' dir='ltr' id='par_1_5' title="bbox 61 3765 1765 4680">
     <span class='ocr_line' id='line_1_27' title="bbox 69 3765 1643 3901; baseline -0.005 -24"><span class='ocrx_word' id='word_1_253' title='bbox 69 3765 78 3788; x_wconf 54' lang='lat'><strong>⁹</strong></span> <span class='ocrx_word' id='word_1_254' title='bbox 226 3791 481 3901; x_wconf 74' lang='lat' dir='ltr'><strong>quadruplex</strong></span> <span class='ocrx_word' id='word_1_255' title='bbox 508 3796 579 3874; x_wconf 76' lang='lat' dir='ltr'><strong>est.</strong></span> <span class='ocrx_word' id='word_1_256' title='bbox 595 3789 632 3898; x_wconf 84' lang='lat'><strong>³)</strong></span> <span class='ocrx_word' id='word_1_257' title='bbox 688 3787 844 3898; x_wconf 83' lang='lat' dir='ltr'><strong>Sagum</strong></span> <span class='ocrx_word' id='word_1_258' title='bbox 883 3788 1034 3873; x_wconf 90' lang='lat' dir='ltr'><strong>dicitur</strong></span> <span class='ocrx_word' id='word_1_259' title='bbox 1069 3788 1286 3898; x_wconf 86' lang='lat' dir='ltr'><strong>trapelion.</strong></span> <span class='ocrx_word' id='word_1_260' title='bbox 1343 3787 1457 3872; x_wconf 86' lang='lat' dir='ltr'><strong>Lena</strong></span> <span class='ocrx_word' id='word_1_261' title='bbox 1492 3788 1643 3873; x_wconf 87' lang='lat' dir='ltr'><strong>dieitur</strong></span> 
     </span>
     <span class='ocr_line' id='line_1_28' title="bbox 147 3918 1765 4034; baseline -0.005 -25"><span class='ocrx_word' id='word_1_262' title='bbox 147 3923 150 3930; x_wconf 74' lang='grc'><strong>’</strong></span> <span class='ocrx_word' id='word_1_263' title='bbox 228 3930 330 4034; x_wconf 90' lang='lat' dir='ltr'><strong>toga</strong></span> <span class='ocrx_word' id='word_1_264' title='bbox 358 3920 510 4030; x_wconf 81' lang='lat' dir='ltr'><strong>duplex</strong></span> <span class='ocrx_word' id='word_1_265' title='bbox 538 3919 623 4004; x_wconf 85' lang='lat' dir='ltr'><strong>sive</strong></span> <span class='ocrx_word' id='word_1_266' title='bbox 652 3919 774 4002; x_wconf 78' lang='lat' dir='ltr'><strong>vestis</strong></span> <span class='ocrx_word' id='word_1_267' title='bbox 803 3919 919 4030; x_wconf 88' lang='lat' dir='ltr'><strong>regia</strong></span> <span class='ocrx_word' id='word_1_268' title='bbox 973 3919 1169 4029; x_wconf 83' lang='lat' dir='ltr'><strong>dloppola</strong></span> <span class='ocrx_word' id='word_1_269' title='bbox 1191 3918 1343 4003; x_wconf 92' lang='lat' dir='ltr'><strong>dicitur</strong></span> <span class='ocrx_word' id='word_1_270' title='bbox 1368 3947 1532 4020; x_wconf 86' lang='lat' dir='ltr'><strong>manua,</strong></span> <span class='ocrx_word' id='word_1_271' title='bbox 1560 3921 1588 4006; x_wconf 91' lang='lat' dir='ltr'><strong>i.</strong></span> <span class='ocrx_word' id='word_1_272' title='bbox 1606 3945 1644 4005; x_wconf 87' lang='lat' dir='ltr'><strong>e.</strong></span> <span class='ocrx_word' id='word_1_273' title='bbox 1762 3957 1765 3962; x_wconf 95' lang='lat'>·</span> 
     </span>
     <span class='ocr_line' id='line_1_29' title="bbox 229 4046 1703 4158; baseline -0.005 -20"><span class='ocrx_word' id='word_1_274' title='bbox 229 4085 255 4139; x_wconf 90' lang='lat' dir='ltr'><strong>a</strong></span> <span class='ocrx_word' id='word_1_275' title='bbox 283 4081 422 4137; x_wconf 69' lang='lat' dir='ltr'><strong>marcu.</strong></span> <span class='ocrx_word' id='word_1_276' title='bbox 482 4046 709 4154; x_wconf 80' lang='lat' dir='ltr'><strong>Gropbium</strong></span> <span class='ocrx_word' id='word_1_277' title='bbox 738 4049 846 4134; x_wconf 76' lang='lat' dir='ltr'><strong>mrim</strong></span> <span class='ocrx_word' id='word_1_278' title='bbox 867 4075 1010 4158; x_wconf 73' lang='lat' dir='ltr'><strong>praece</strong></span> <span class='ocrx_word' id='word_1_279' title='bbox 1037 4049 1162 4133; x_wconf 81' lang='lat' dir='ltr'><strong>latine</strong></span> <span class='ocrx_word' id='word_1_280' title='bbox 1188 4049 1448 4154; x_wconf 69' lang='lat' dir='ltr'><strong>scripulorium</strong></span> <span class='ocrx_word' id='word_1_281' title='bbox 1475 4049 1646 4152; x_wconf 57' lang='lat' dir='ltr'><strong>dicdum</strong></span> <span class='ocrx_word' id='word_1_282' title='bbox 1699 4136 1703 4144; x_wconf 64' lang='grc'>,</span> 
     </span>
     <span class='ocr_line' id='line_1_30' title="bbox 230 4175 1646 4291; baseline -0.004 -25"><span class='ocrx_word' id='word_1_283' title='bbox 230 4209 326 4266; x_wconf 70' lang='lat' dir='ltr'><strong>ricco</strong></span> <span class='ocrx_word' id='word_1_284' title='bbox 362 4175 500 4291; x_wconf 70' lang='grc' dir='ltr'><strong>γραφυ)</strong></span> <span class='ocrx_word' id='word_1_285' title='bbox 537 4178 741 4283; x_wconf 80' lang='lat' dir='ltr'><strong>scripturo</strong></span> <span class='ocrx_word' id='word_1_286' title='bbox 783 4185 854 4264; x_wconf 85' lang='lat' dir='ltr'><strong>esl.</strong></span> <span class='ocrx_word' id='word_1_287' title='bbox 869 4178 906 4288; x_wconf 78' lang='lat'><strong>⁴)</strong></span> <span class='ocrx_word' id='word_1_288' title='bbox 974 4175 1153 4263; x_wconf 67' lang='lat' dir='ltr'><strong>Tribulus</strong></span> <span class='ocrx_word' id='word_1_289' title='bbox 1190 4207 1217 4261; x_wconf 89' lang='lat' dir='ltr'><strong>c</strong></span> <span class='ocrx_word' id='word_1_290' title='bbox 1251 4177 1448 4262; x_wconf 65' lang='lat' dir='ltr'><strong>amrium</strong></span> <span class='ocrx_word' id='word_1_291' title='bbox 1484 4177 1646 4286; x_wconf 75' lang='lat' dir='ltr'><strong>lapidae</strong></span> 
     </span>
     <span class='ocr_line' id='line_1_31' title="bbox 233 4306 1646 4418; baseline -0.004 -23"><span class='ocrx_word' id='word_1_292' title='bbox 233 4310 489 4414; x_wconf 82' lang='lat' dir='ltr'><strong>uocabantur,</strong></span> <span class='ocrx_word' id='word_1_293' title='bbox 517 4310 547 4396; x_wconf 83' lang='lat' dir='ltr'><strong>i.</strong></span> <span class='ocrx_word' id='word_1_294' title='bbox 576 4337 611 4396; x_wconf 87' lang='lat' dir='ltr'><strong>e.</strong></span> <span class='ocrx_word' id='word_1_295' title='bbox 640 4338 667 4393; x_wconf 91' lang='lat' dir='ltr'><strong>o</strong></span> <span class='ocrx_word' id='word_1_296' title='bbox 694 4307 871 4418; x_wconf 65' lang='lat' dir='ltr'><strong>domitio,</strong></span> <span class='ocrx_word' id='word_1_297' title='bbox 899 4308 1008 4393; x_wconf 73' lang='lat' dir='ltr'><strong>corde</strong></span> <span class='ocrx_word' id='word_1_298' title='bbox 1034 4313 1071 4394; x_wconf 79' lang='lat' dir='ltr'><strong>et</strong></span> <span class='ocrx_word' id='word_1_299' title='bbox 1097 4307 1313 4418; x_wconf 46' lang='lat' dir='ltr'><strong>tepulae&amp;</strong></span> <span class='ocrx_word' id='word_1_300' title='bbox 1359 4306 1536 4394; x_wconf 74' lang='lat' dir='ltr'><strong>Purrieoe</strong></span> <span class='ocrx_word' id='word_1_301' title='bbox 1560 4313 1646 4392; x_wconf 82' lang='lat' dir='ltr'><strong>ser&#39;·</strong></span> 
     </span>
     <span class='ocr_line' id='line_1_32' title="bbox 61 4437 1644 4550; baseline -0.004 -26"><span class='ocrx_word' id='word_1_302' title='bbox 61 4471 69 4489; x_wconf 81' lang='grc'><strong><em>·</em></strong></span> <span class='ocrx_word' id='word_1_303' title='bbox 224 4448 394 4550; x_wconf 73' lang='lat' dir='ltr'><strong>peratum</strong></span> <span class='ocrx_word' id='word_1_304' title='bbox 421 4440 588 4526; x_wconf 71' lang='lat' dir='ltr'><strong>succine</strong></span> <span class='ocrx_word' id='word_1_305' title='bbox 616 4447 912 4546; x_wconf 72' lang='lat' dir='ltr'><strong>rrrarroomnlnr,</strong></span> <span class='ocrx_word' id='word_1_306' title='bbox 942 4467 987 4526; x_wconf 87' lang='lat' dir='ltr'><strong>eo</strong></span> <span class='ocrx_word' id='word_1_307' title='bbox 1013 4443 1121 4546; x_wconf 76' lang='lat' dir='ltr'><strong>quod</strong></span> <span class='ocrx_word' id='word_1_308' title='bbox 1141 4441 1220 4543; x_wconf 79' lang='lat' dir='ltr'><strong>dis,</strong></span> <span class='ocrx_word' id='word_1_309' title='bbox 1247 4437 1410 4547; x_wconf 70' lang='lat' dir='ltr'><strong>giraudo</strong></span> <span class='ocrx_word' id='word_1_310' title='bbox 1424 4442 1644 4538; x_wconf 80' lang='lat' dir='ltr'><strong>serrescucl,</strong></span> 
     </span>
     <span class='ocr_line' id='line_1_33' title="bbox 231 4567 1648 4680; baseline -0.006 -23"><span class='ocrx_word' id='word_1_311' title='bbox 231 4599 319 4658; x_wconf 84' lang='lat' dir='ltr'><strong>sese</strong></span> <span class='ocrx_word' id='word_1_312' title='bbox 357 4578 530 4674; x_wconf 74' lang='lat' dir='ltr'><strong>exurent,</strong></span> <span class='ocrx_word' id='word_1_313' title='bbox 558 4571 704 4679; x_wconf 78' lang='lat' dir='ltr'><strong>quibus</strong></span> <span class='ocrx_word' id='word_1_314' title='bbox 739 4571 849 4656; x_wconf 63' lang='lat' dir='ltr'><strong>cordi</strong></span> <span class='ocrx_word' id='word_1_315' title='bbox 883 4573 927 4655; x_wconf 83' lang='lat' dir='ltr'><strong>iu</strong></span> <span class='ocrx_word' id='word_1_316' title='bbox 959 4573 1169 4680; x_wconf 73' lang='lat' dir='ltr'><strong>Jueeaeam</strong></span> <span class='ocrx_word' id='word_1_317' title='bbox 1208 4573 1385 4656; x_wconf 74' lang='lat' dir='ltr'><strong>rederent.</strong></span> <span class='ocrx_word' id='word_1_318' title='bbox 1448 4567 1648 4652; x_wconf 75' lang='lat' dir='ltr'><strong>Diuorlur</strong></span> 
     </span>
    </p>
   </div>
   <div class='ocr_carea' id='block_1_3' title="bbox 193 4810 1051 5344">
    <p class='ocr_par' dir='ltr' id='par_1_6' title="bbox 322 4810 895 4904">
     <span class='ocr_line' id='line_1_34' title="bbox 322 4810 895 4904; baseline -0.007 -20"><span class='ocrx_word' id='word_1_319' title='bbox 322 4816 350 4904; x_wconf 73' lang='grc'><strong>1)</strong></span> <span class='ocrx_word' id='word_1_320' title='bbox 371 4811 573 4904; x_wconf 75' lang='lat' dir='ltr'><strong>Etymolog.</strong></span> <span class='ocrx_word' id='word_1_321' title='bbox 595 4810 660 4884; x_wconf 89' lang='lat' dir='ltr'><strong>lib.</strong></span> <span class='ocrx_word' id='word_1_322' title='bbox 685 4813 738 4885; x_wconf 93' lang='grc'><strong>11.</strong></span> <span class='ocrx_word' id='word_1_323' title='bbox 759 4834 795 4882; x_wconf 85' lang='grc' dir='ltr'><strong>ιι.</strong></span> <span class='ocrx_word' id='word_1_324' title='bbox 821 4813 895 4881; x_wconf 82' lang='lat' dir='ltr'><strong>loo.</strong></span> 
     </span>
    </p>

    <p class='ocr_par' dir='ltr' id='par_1_7' title="bbox 193 4919 1051 5344">
     <span class='ocr_line' id='line_1_35' title="bbox 193 4919 1051 5020; baseline 0.005 -28"><span class='ocrx_word' id='word_1_325' title='bbox 193 4931 223 5020; x_wconf 47' lang='lat' dir='ltr'><strong>J</strong></span> <span class='ocrx_word' id='word_1_326' title='bbox 299 4927 351 5014; x_wconf 25' lang='lat'><strong>1²)</strong></span> <span class='ocrx_word' id='word_1_327' title='bbox 371 4921 524 5011; x_wconf 78' lang='lat' dir='ltr'><strong>Etymol.</strong></span> <span class='ocrx_word' id='word_1_328' title='bbox 548 4919 613 4994; x_wconf 89' lang='lat' dir='ltr'><strong>lib.</strong></span> <span class='ocrx_word' id='word_1_329' title='bbox 636 4921 690 4992; x_wconf 84' lang='lat'><strong>2⁰.</strong></span> <span class='ocrx_word' id='word_1_330' title='bbox 713 4942 747 4998; x_wconf 86' lang='lat' dir='ltr'><strong>o.</strong></span> <span class='ocrx_word' id='word_1_331' title='bbox 771 4921 824 4990; x_wconf 92' lang='grc'><strong>11.</strong></span> <span class='ocrx_word' id='word_1_332' title='bbox 1045 4977 1051 4996; x_wconf 85' lang='grc'><strong>.</strong></span> 
     </span>
     <span class='ocr_line' id='line_1_36' title="bbox 320 5028 963 5122; baseline -0.002 -23"><span class='ocrx_word' id='word_1_333' title='bbox 320 5033 350 5122; x_wconf 83' lang='lat'><strong>³)</strong></span> <span class='ocrx_word' id='word_1_334' title='bbox 372 5028 527 5118; x_wconf 71' lang='lat' dir='ltr'><strong>Etymcl.</strong></span> <span class='ocrx_word' id='word_1_335' title='bbox 549 5029 613 5104; x_wconf 86' lang='lat' dir='ltr'><strong>lib.</strong></span> <span class='ocrx_word' id='word_1_336' title='bbox 639 5033 692 5104; x_wconf 86' lang='grc'><strong>19.</strong></span> <span class='ocrx_word' id='word_1_337' title='bbox 716 5051 748 5100; x_wconf 90' lang='lat' dir='ltr'><strong>c.</strong></span> <span class='ocrx_word' id='word_1_338' title='bbox 770 5031 824 5102; x_wconf 78' lang='lat'><strong>2⁴.</strong></span> <span class='ocrx_word' id='word_1_339' title='bbox 848 5052 882 5102; x_wconf 91' lang='lat' dir='ltr'><strong>n.</strong></span> <span class='ocrx_word' id='word_1_340' title='bbox 909 5031 963 5099; x_wconf 85' lang='grc'><strong>13.</strong></span> 
     </span>
     <span class='ocr_line' id='line_1_37' title="bbox 320 5139 777 5233; baseline -0.007 -23"><span class='ocrx_word' id='word_1_341' title='bbox 320 5145 351 5233; x_wconf 78' lang='lat'><strong>⁴)</strong></span> <span class='ocrx_word' id='word_1_342' title='bbox 372 5139 526 5228; x_wconf 74' lang='lat' dir='ltr'><strong>Etymol.</strong></span> <span class='ocrx_word' id='word_1_343' title='bbox 549 5139 613 5213; x_wconf 92' lang='lat' dir='ltr'><strong>lib.</strong></span> <span class='ocrx_word' id='word_1_344' title='bbox 635 5141 669 5211; x_wconf 87' lang='grc'><strong>6.</strong></span> <span class='ocrx_word' id='word_1_345' title='bbox 692 5161 722 5212; x_wconf 91' lang='lat' dir='ltr'><strong>c.</strong></span> <span class='ocrx_word' id='word_1_346' title='bbox 744 5139 777 5210; x_wconf 93' lang='grc'><strong>9.</strong></span> 
     </span>
     <span class='ocr_line' id='line_1_38' title="bbox 324 5248 1015 5344; baseline 0.006 -26"><span class='ocrx_word' id='word_1_347' title='bbox 324 5255 353 5340; x_wconf 80' lang='lat'><strong>⁵)</strong></span> <span class='ocrx_word' id='word_1_348' title='bbox 375 5249 530 5338; x_wconf 77' lang='lat' dir='ltr'><strong>Etymol.</strong></span> <span class='ocrx_word' id='word_1_349' title='bbox 552 5249 614 5322; x_wconf 89' lang='lat' dir='ltr'><strong>lib.</strong></span> <span class='ocrx_word' id='word_1_350' title='bbox 640 5251 693 5320; x_wconf 89' lang='grc'><strong>19.</strong></span> <span class='ocrx_word' id='word_1_351' title='bbox 715 5269 745 5321; x_wconf 89' lang='lat' dir='ltr'><strong>c.</strong></span> <span class='ocrx_word' id='word_1_352' title='bbox 772 5249 821 5320; x_wconf 89' lang='grc'><strong>19.</strong></span> <span class='ocrx_word' id='word_1_353' title='bbox 843 5248 933 5331; x_wconf 75' lang='lat' dir='ltr'><strong>ud.</strong></span> <span class='ocrx_word' id='word_1_354' title='bbox 987 5275 1015 5344; x_wconf 60' lang='lat' dir='ltr'>fl</span> 
     </span>
    </p>
   </div>
   <div class='ocr_carea' id='block_1_4' title="bbox 0 0 1993 5788">
    <p class='ocr_par' dir='ltr' id='par_1_8' title="bbox 0 0 1993 5788">
     <span class='ocr_line' id='line_1_39' title="bbox 0 0 1993 5788; baseline 0 0"><span class='ocrx_word' id='word_1_355' title='bbox 0 0 1993 5788; x_wconf 95' lang='lat' dir='ltr'><strong> </strong></span> 
     </span>
    </p>
   </div>
  </div>
 </body>
</html>
