3994 5770
856 313 938 403 Cap.
961 309 1043 384 Vll.
1295 423 1299 430 .
1571 317 1652 400 243
1731 363 1735 372 .

246 538 493 634 necessitatis
523 537 653 622 victas
682 542 755 620 aut
783 539 905 646 potus
935 535 997 618 vel
1023 533 1181 620 timoris
1194 535 1224 646 ¹)
1253 537 1422 622 veniunt
1444 535 1496 620 ad
1514 562 1654 618 arona·
1769 611 1771 616 .
1866 527 1868 532 ’
1962 525 1963 618 ξ

244 676 436 773 sterium,
475 673 518 754 et
547 666 732 778 quamvis
761 667 932 751 istorum
969 667 1180 750 conversio
1209 696 1291 752 non
1321 674 1383 786 est
1410 696 1530 768 sanc,
1559 665 1585 748 i.
1616 695 1652 751 c.

244 813 365 906 rocta,
397 801 505 909 [sedi
546 803 685 882 tamen
715 799 960 910 quandoque
988 797 1206 882 miserante
1236 797 1413 883 Domino
1454 799 1509 882 lit'
1531 804 1652 900 recta,
1714 839 1718 848 ’

244 943 269 1028 i.
311 967 344 1021 c.
384 933 531 1042 incipit
569 959 594 1013 a
630 931 778 1014 timore
821 935 865 1014 et
905 930 1019 1015 curiit
1059 957 1133 1040 pcr
1162 929 1236 1015 lros
1266 929 1417 1040 gradus
1446 959 1573 1040 arsque
1601 931 1653 1014 ad
1753 1004 1755 1008 ,

245 1069 513 1155 dilectionem.
571 1061 628 1146 m
668 1062 815 1146 iterum
857 1065 954 1146 srmt
989 1060 1084 1161 alii,
1122 1063 1192 1172 qni
1231 1091 1315 1148 uon
1344 1091 1467 1149 carras
1495 1062 1654 1148 timoris

246 1226 399 1313 poenae
430 1200 649 1306 perpetuae
678 1200 750 1278 aaut
780 1192 1034 1279 necessitatis
1059 1199 1131 1278 aut
1149 1195 1321 1306 alicujus
1344 1197 1414 1296 rei,
1437 1195 1507 1280 sed
1530 1194 1655 1278 solius

246 1327 471 1417 dilectionis
502 1325 589 1427 Dei,
604 1325 638 1435 2)
668 1327 776 1436 qnia,
818 1327 939 1412 sicuti
969 1327 1011 1410 in
1040 1328 1177 1412 seculo
1204 1334 1302 1411 sunt
1330 1327 1453 1430 boni,
1493 1328 1553 1412 ito
1581 1355 1655 1437 pro

245 1465 381 1548 errrore
413 1457 487 1542 Dei
517 1457 687 1542 veniunt
715 1457 765 1542 ad
797 1460 1103 1546 monasterinm.
1151 1457 1310 1542 Deinde
1339 1464 1436 1569 post
1463 1458 1653 1542 timorem

246 1589 455 1702 subjunxit
483 1587 883 1674 abrenuntiationem
914 1589 1174 1702 propriaram
1192 1591 1466 1692 voluntatum,
1484 1599 1525 1672 ct
1542 1594 1656 1699 post·

246 1723 409 1809 modum
449 1719 544 1804 inde
579 1719 794 1829 subjunxit
834 1720 1107 1806 obedientiam
1149 1725 1191 1806 et
1220 1723 1349 1832 ipsam
1379 1722 1655 1808 obedientiam

247 1853 440 1966 gramiem
478 1880 564 1936 rem
606 1857 649 1935 ct
689 1852 855 1938 uuluam
895 1853 1022 1955 dixit,
1069 1882 1160 1939 cum
1200 1854 1300 1940 dicit
1336 1855 1454 1940 duris
1492 1861 1528 1940 ct
1567 1879 1660 1941 cou-

245 1985 387 2070 trora'is
426 1981 566 2082 celum,
611 1989 653 2067 ct
692 1984 863 2094 reliqna.
921 1985 1020 2070 ldeo
1063 1987 1276 2094 subiunxit
1312 1987 1436 2072 istum
1464 1986 1655 2100 quintum

245 2114 415 2224 gradum
444 2111 700 2216 lmmilitatis,
731 2115 802 2200 nbi
831 2116 881 2202 de
909 2115 1163 2202 confessione
1193 2117 1314 2221 dicit,
1343 2125 1411 2219 ut,
1440 2116 1473 2200 si
1502 2114 1657 2225 alirprid

249 2251 412 2357 proptor
442 2243 771 2354 magnitudinem
800 2247 879 2350 rei,
922 2274 1045 2357 qnam
1074 2246 1197 2350 dixit,
1239 2261 1436 2333 excessus
1454 2245 1658 2351 fuisset‚³)

247 2379 285 2460 iu
317 2375 393 2458 lroc
413 2373 544 2484 gradu
574 2377 851 2480 confiteretur,
882 2379 998 2488 quasi
1027 2377 1180 2464 diceret
1198 2379 1240 2466 S.
1257 2378 1526 2463 Benedictus:
1563 2365 1659 2484 qnia
1698 2379 1700 2386 ’

246 2533 328 2591 rcm
359 2532 552 2615 meginun
577 2515 619 2590 et
640 2507 810 2593 arduam
832 2509 929 2612 dixi,
959 2509 1051 2594 ideo
1072 2509 1164 2596 dico
1180 2538 1289 2594 nunc
1318 2509 1368 2594 de
1390 2507 1656 2608 consessione,

248 2644 303 2738 ut,
332 2636 442 2746 qnod
471 2637 514 2719 in
545 2637 705 2747 magnis
733 2644 806 2722 aut
834 2641 972 2725 arduis
1000 2642 1246 2726 constitutus
1269 2639 1563 2726 murmurando
1586 2631 1663 2722 ant

123 2777 128 2789 '
248 2768 506 2878 negligenter
545 2771 707 2880 agendo
753 2771 945 2875 excessit,
983 2765 1238 2857 confessione
1284 2779 1465 2859 sarretnr.
1535 2767 1656 2854 Nunc

247 2900 463 2984 videndam
502 2906 584 3003 est,
625 2921 751 3011 qnare
791 2927 884 2986 cum
923 2902 1029 2988 dixit
1068 2905 1222 3007 areolae,
1269 2932 1353 2990 non
1391 2902 1496 2987 dixit
1533 2893 1657 2986 etium

165 3121 168 3126 ¹
248 3031 399 3114 lrorros?
452 3030 550 3113 ldco
580 3059 661 3115 non
692 3031 793 3118 dicit
821 3033 973 3136 tortos,
1003 3035 1100 3145 quia
1127 3034 1295 3119 difficile
1324 3033 1508 3132 videtur,
1545 3031 1580 3115 si
1608 3031 1658 3113 do

248 3159 363 3280 bonis
391 3159 572 3268 diirissct,
602 3189 650 3246 eo
680 3165 790 3272 quod
820 3169 917 3248 sunt
947 3164 1066 3250 multi
1098 3163 1303 3265 monachi,
1333 3163 1404 3272 qui
1422 3162 1539 3246 valde
1562 3169 1659 3246 snut

247 3289 409 3373 solliciti
431 3317 552 3406 ⁸erga
601 3292 839 3377 servitutem
887 3295 963 3381 Dei
1011 3302 1054 3380 et
1100 3323 1199 3412 erga
1249 3291 1427 3379 'studium
1476 3291 1659 3402 spiritale

247 3426 289 3502 ot
316 3445 414 3530 erga
443 3421 573 3506 bonas
603 3423 889 3534 cogitationes
920 3433 988 3528 nt,
1017 3427 1061 3510 in
1090 3411 1290 3537 quantum
1320 3423 1501 3508 lcumena
1532 3423 1659 3532 fragi-

249 3550 339 3633 litas
377 3551 495 3656 siuit‚
536 3581 667 3662 paene
705 3582 847 3638 omnes
881 3555 1158 3666 cogitationes
1186 3585 1279 3642 suas
1308 3555 1438 3639 bonas
1467 3553 1658 3637 habeant.

249 3680 421 3783 lleirulc,
461 3683 568 3766 sient
606 3682 691 3767 elixi
730 3685 780 3768 do
809 3685 897 3770 istis
927 3687 1101 3789 talibus,
1139 3686 1210 3796 qui
1240 3683 1406 3770 solliciti
1435 3685 1533 3764 erant
1561 3705 1660 3786 arpa

249 3809 373 3894 laruam
415 3811 702 3922 cogitationes,
743 3820 790 3898 nt
831 3843 974 3900 omncs
1001 3816 1293 3927 cogitationes
1315 3815 1443 3898 borlas
1471 3833 1661 3918 compro·

189 3941 192 3947 ’
247 3937 471 4024 tunderent
510 3946 552 4025 et
592 3969 660 4028 eas
701 3943 876 4053 spiritali
916 3947 1025 4058 patri
1061 3949 1324 4050 nuntiarent,
1368 3943 1500 4027 altero
1539 3939 1660 4022 orado
1762 3977 1764 3982 .

220 4066 336 4194 ll⁰⁰
376 4099 459 4154 non
496 4072 602 4156 dixit
641 4099 778 4159 ooarrcs
816 4076 965 4180 torrae,
1008 4075 1106 4186 quia
1142 4081 1240 4162 suat
1274 4074 1416 4176 inniti,
1459 4071 1528 4183 qui
1558 4069 1660 4154 adco

145 4317 148 4324 y
246 4203 414 4316 suntin
442 4203 792 4314 contemplatione
820 4207 898 4293 Dei
927 4208 1051 4318 positi
1079 4199 1122 4294 et
1141 4195 1226 4293 tam
1242 4206 1372 4290 bonas
1388 4201 1660 4314 cogitationes

247 4329 398 4436 rident,
428 4363 529 4446 (peras
557 4336 808 4424 nullomodo
826 4345 1013 4450 possunt·
1028 4339 1164 4427 verbis
1188 4341 1403 4452 explicare,
1420 4336 1530 4446 qaia,
1554 4334 1678 4436 sicut.

246 4461 343 4570 dixi,
366 4493 616 4579 quamquem
642 4469 816 4583 vestigia
834 4471 1013 4574 videant,
1035 4481 1273 4560 tamennon
1292 4472 1659 4582 possuntnurrarc.

249 4591 398 4682 ltcmm
427 4598 648 4685 videndum
678 4605 760 4702 cst,
797 4629 923 4710 quara
959 4627 1052 4689 cam
1091 4589 1196 4689 <lixit
1230 4601 1365 4688 oculas
1392 4597 1660 4708 capitatioucs,
1746 4601 1761 4617 ''
1850 4569 1853 4578 ¹

247 4719 454 4874 prutmisit
492 4735 659 4818 omues?
715 4731 972 4842 Impossibile
1009 4734 1183 4822 videtur.
1242 4731 1339 4818 Non
1360 4734 1441 4842 est
1474 4725 1662 4838 impossi-

250 4939 507 4957 ,Μὴ-...ιω

335 5059 361 5152 ¹)
383 5061 591 5154 temporalis
612 5062 672 5156 (t).

334 5173 361 5262 ²)
384 5171 458 5244 scit.
482 5173 631 5245 veniunt
652 5169 986 5249 aad-monasterinm.

335 5283 363 5370 ³)
385 5281 593 5356 excessisset
608 5281 684 5374 (ll.)
