3934 5762
257 149 313 234 48
526 181 529 190 ·
881 143 1064 238 Prel⁰8¹¹⁸=
1127 150 1132 158 ’

259 363 405 470 ritulis,
445 363 488 450 in
516 391 599 474 quc
625 367 861 452 sauctorum
888 391 985 450 curo
1012 363 1254 468 urnmbitur,
1281 365 1453 476 (tractat
1480 371 1523 452 et
1550 347 1670 459 dicit:

257 492 339 582 tute
364 496 476 604 uit)
503 493 622 602 menie
648 493 728 578 erit
755 519 923 604 eorpus,⁸
951 497 1059 604 quod
1086 497 1248 580 nucerino
1275 495 1442 604 spiritui
1467 496 1669 584 secutam»

257 635 294 712 et
312 653 357 712 eo
374 629 622 736 sufficiemur
639 628 882 732 vivificatum
905 629 1031 714 cerritis
1050 629 1261 714 ulinrom'is
1278 629 1485 736 indipcirit.
1499 627 1548 740 ¹)·
1574 627 1669 714 Nou

258 763 368 847 euim
405 760 583 846 animate
612 759 703 846 'sed
743 760 928 872 spiritale
969 762 1069 868 erit,
1115 761 1272 846 lrairens
1320 759 1487 871 quidem
1524 761 1670 860 camis,

66 911 70 920 '
152 1007 164 1024 ἢ
217 929 219 933 ’
258 895 327 978 sed
357 894 445 980 siue
477 893 561 978 uilo
588 893 744 1008 earuaii
773 897 1057 1004 corruptione,
1094 894 1378 981 substantium.
1435 889 1534 974 ldeo
1562 891 1671 976 euim

260 1057 342 1112 nou
371 1031 434 1111 est
462 1025 722 1124 eredendum,
765 1032 814 1108 ut
843 1023 954 1109 Deus
981 1026 1264 1135 corporalibus
1305 1024 1435 1109 ocutis
1472 1022 1672 1124 rideatur,

218 1189 223 1202 ·
258 1160 356 1268 quia
384 1186 468 1244 uou
497 1161 560 1238 est
577 1153 687 1264 Deus
717 1156 869 1256 ieratis,
899 1164 947 1240 ut
964 1157 1144 1268 aliquam
1172 1157 1482 1240 uirrrilitudiuem
1509 1155 1669 1254 lrabeat,
1820 1164 1832 1211 ’ἵ

260 1291 330 1372 sed
358 1290 527 1396 spiritus
545 1291 630 1393 vest,
660 1285 730 1394 qui
760 1288 898 1370 omnia
927 1288 969 1369 in
991 1317 1034 1370 sc
1062 1286 1373 1396 comprehemiit
1399 1293 1441 1368 et
1470 1285 1670 1370 continet
1818 1292 1827 1333 '-

261 1419 453 1529 nequod
482 1446 565 1502 arou
595 1417 650 1498 sit
681 1416 789 1517 Deus
820 1417 971 1518 icontie,
1000 1419 1121 1501 docet
1153 1417 1198 1505 B.
1223 1419 1482 1526 Augustinus
1509 1415 1669 1504 eiiceus:

263 1549 377 1654 erod
403 1549 552 1632 ulierdri
579 1549 687 1631 eninr
715 1554 788 1647 est,
817 1549 1051 1649 continetur,
1078 1548 1185 1656 qnod
1211 1551 1435 1631 continetur·
1460 1547 1557 1647 loro,
1585 1575 1671 1630 ror·

256 1706 340 1784 pers
367 1689 436 1766 est.
484 1678 598 1762 Deus
627 1684 759 1760 eutem
789 1703 867 1762 nou
897 1687 955 1762 cst
982 1704 1141 1784 corpus,
1169 1706 1247 1762 uon
1276 1679 1403 1784 ipitm·
1428 1677 1579 1762 odienti
1600 1687 1670 1766 est.

261 1807 317 1892 Et
345 1818 500 1912 torrreu,
544 1810 614 1914 qui
641 1816 700 1892 est
736 1816 773 1892 et
807 1810 851 1890 in
892 1807 975 1892 loeo
1011 1835 1091 1892 aon
1128 1818 1208 1910 est,
1251 1811 1294 1891 in
1324 1807 1393 1894 iilo
1415 1811 1554 1915 potine
1580 1818 1671 1892 seced

261 1942 411 2040 carnin,
438 1967 558 2046 qrrom
589 1941 658 2024 iiie
685 1939 847 2028 redimiri.
889 1940 978 2026 Nec
1004 1948 1137 2027 tornea
1168 1945 1223 2025 itu
1253 1941 1295 2023 in
1325 1939 1409 2043 illo,
1436 1945 1591 2047 etipse
1617 1945 1671 2024 sit
1824 1934 1827 1937 ’

259 2073 392 2178 lenem
420 2072 530 2156 torres
557 2074 665 2156 enim
693 2075 737 2154 in
765 2073 898 2178 spretio
926 2079 998 2174 est,
1025 2075 1133 2179 quod
1158 2071 1418 2177 terminalium,
1446 2073 1669 2167 latitudine,

260 2205 476 2289 altitudine
503 2205 686 2310 corrueris
711 2210 939 2311 occupatur,
969 2231 1040 2287 nee
1074 2204 1183 2287 Deus
1208 2201 1290 2286 tede
1316 2203 1475 2308 aliquid
1500 2213 1571 2292 est.
1615 2203 1671 2287 Iit

105 2427 115 2438 ,
259 2340 393 2422 orrrrriu
423 2338 547 2445 ipitru·
574 2338 618 2420 iu
649 2336 736 2442 ipso
763 2344 879 2437 sum,
923 2344 960 2420 et
996 2338 1106 2420 iocus
1133 2363 1210 2419 uon
1239 2343 1311 2424 est.
1349 2335 1500 2428 ¹Isarcus
1537 2343 1669 2420 trunca

235 2463 422 2554 'retemire
448 2469 598 2554 dieitm·
624 2467 813 2573 terrrpium
843 2467 936 2574 Dei,
976 2495 1052 2554 nou
1080 2469 1185 2575 quod
1211 2496 1256 2552 ee
1283 2469 1556 2569 audiaantur,
1599 2471 1671 2552 sert
1825 2536 1828 2541 ,

257 2605 364 2707 quod
391 2603 430 2686 ei
448 2627 651 2707 praeseus
686 2607 767 2702 sit,·
806 2599 852 2683 id
877 2607 1010 2684 certem
1037 2601 1141 2685 niti!
1168 2603 1312 2686 erre-iius
1358 2627 1480 2706 quarn
1517 2603 1668 2687 ernaudo
1823 2602 1834 2697 ξ’,

256 2733 398 2819 arriano
419 2731 667 2840 iuteliipitur.
1822 2810 1838 2843 ἡ,

281 2919 289 2934 ·
367 2865 585 2973 Sequitur:
623 2863 677 2948 In
708 2863 823 2966 errius
850 2866 968 2970 requi
994 2863 1251 2948 terternuerde
1278 2863 1319 2946 si
1345 2863 1528 2948 sciremus
1554 2863 1670 2948 imbi·

257 3005 367 3096 ture,
410 2994 495 3076 nisi
522 2991 617 3077 iiiuc
645 2993 760 3076 bonis
787 2993 942 3078 uetitus
969 3000 1182 3096 eruantur,
1222 2994 1388 3077 nriuime
1420 2997 1672 3098 peruenitur.
1830 2986 1835 3095 ᾗ

255 3126 452 3235 Superius
475 3123 583 3206 euim
613 3122 792 3208 dixerat:
824 3123 867 3204 iu
892 3148 1015 3232 reque
1033 3148 1107 3206 suo
1136 3122 1282 3222 cidere,
1313 3151 1424 3208 uurre
1449 3153 1544 3207 veru
1562 3125 1671 3232 ejus·
1829 3158 1831 3163 ·

256 3258 349 3340 dem
373 3255 492 3363 regui
514 3253 613 3337 iacit
637 3252 888 3337 mentionem
914 3280 1006 3335 cum
1029 3253 1261 3364 adjectione
1288 3255 1558 3340 tabernaculi.
1603 3253 1669 3336 lu·
1827 3286 1830 3291 ·

257 3385 451 3494 telligeus
479 3381 527 3466 B.
559 3380 804 3466 Benedictus
841 3389 986 3468 contra
1021 3385 1257 3491 opinionem
1297 3393 1525 3468 ceterorum
1555 3409 1672 3466 srmc·

257 3521 409 3614 torum,
446 3512 552 3596 idem
582 3541 668 3598 esse
696 3540 872 3623 regnum
901 3523 944 3596 et
971 3513 1296 3616 tabernaculum,
1338 3513 1431 3598 ideo
1458 3514 1589 3600 dixit:
1628 3515 1669 3594 iu

259 3643 374 3748 eujus
404 3643 519 3749 reperi
544 3644 802 3728 tabernaculo
828 3645 867 3729 si
891 3645 1072 3731 celerinus
1091 3645 1288 3750 traditore,
1317 3644 1444 3728 vetuti
1467 3645 1558 3754 quis
1576 3643 1675 3727 dicit

258 3774 379 3858 alicui
420 3772 501 3856 iter
527 3774 691 3884 agenti:
736 3771 888 3886 iugens
928 3775 1127 3885 palatium
1166 3779 1210 3859 et
1250 3805 1401 3886 magua
1436 3774 1583 3858 donms
1621 3773 1670 3856 ad

166 3925 167 3928 ‘
259 3905 530 3988 habitandum
559 3911 621 3988 est
648 3909 691 3990 iu
714 3905 787 3988 ilio
810 3907 913 4012 loco,
942 3912 985 3989 et
1013 3907 1092 3990 nisi
1120 3907 1323 3990 currendo
1352 3905 1460 4007 ieris,
1490 3933 1574 3987 uon
1598 3933 1671 4016 po-

257 4037 357 4120 teris
385 4037 481 4120 iiiuc
510 4039 734 4148 pervenire.
794 4035 859 4122 lta
897 4039 946 4124 B.
977 4037 1225 4122 Benedictus
1255 4035 1374 4139 iacit,
1415 4065 1508 4121 curu
1550 4036 1671 4120 dicit:

256 4167 558 4255 tutemmruium
575 4167 645 4252 'eet
673 4195 838 4278 repmrm
861 4167 955 4277 Dei,
983 4176 1027 4254 et
1053 4167 1289 4276 subjunxit:
1319 4169 1402 4252 nisi
1430 4167 1527 4254 illue
1554 4169 1671 4252 torris

258 4299 414 4385 uctibrrs
438 4304 639 4397 merentur,
668 4283 1103 4406 minime'percendum
1151 4300 1233 4386 Sed
1261 4300 1344 4402 iile,
1372 4300 1443 4408 qui
1473 4281 1687 4410 petatium

259 4429 492 4530 dermutiat
522 4429 707 4515 velsero
737 4431 799 4514 uel
829 4429 944 4513 tarde
972 4429 1074 4514 dicit
1102 4431 1200 4514 illuc
1230 4429 1457 4540 pervenire,
1498 4429 1547 4515 B.
1576 4413 1672 4512 vc'ro

258 4556 505 4641 Benedictus
533 4583 582 4639 ex
605 4561 695 4640 toto
709 4555 901 4668 rierregut
931 4557 1028 4642 illuc
1048 4587 1166 4667 posse
1184 4585 1429 4668 quemquam
1447 4559 1671 4665 pervenire,

257 4688 336 4769 uisi
367 4685 485 4770 bonis
512 4686 671 4769 actibus
709 4686 805 4771 illue
844 4693 1046 4776 curtatur.
1103 4689 1362 4798 Quapropter
1400 4687 1537 4772 uultus
1577 4687 1670 4769 iiiuc

259 4816 483 4926 perveniet,
513 4816 589 4900 uisi
619 4815 740 4900 bonis
768 4819 931 4904 actibus
958 4818 1159 4904 currendo
1188 4819 1359 4904 uenerit.

261 5011 319 5022 .,.....
340 5011 354 5022 ,Δ
381 5009 394 5018 ι
412 5009 477 5017 ..-...
495 5007 521 5016 u-

348 5109 374 5199 ')
397 5108 441 5178 et'.
464 5105 499 5175 S.
523 5103 715 5194 Augrmtiui
740 5107 884 5178 retract.
907 5104 970 5174 tib.
994 5103 1021 5178 1.
1043 5129 1074 5178 e.
1101 5105 1152 5177 13.
1175 5127 1208 5176 u.
1232 5107 1266 5180 4.
