3974 5778
854 331 939 422 Gap.
962 329 1043 406 Vll.

251 561 402 645 diceret
428 554 520 641 aliis
540 553 693 641 uerbis:
723 581 806 638 uon
835 553 1049 663 loqrnrtnr,
1079 550 1156 636 nisi
1186 552 1393 663 usquead
1423 551 1655 662 interroga·

249 691 404 776 tionem
445 681 593 799 prioris
628 683 713 768 sire
741 710 870 793 usqne
898 683 951 768 ad
989 682 1270 770 necessitatem
1299 683 1461 770 animae
1488 711 1585 768 snae
1614 688 1656 764 et

251 818 431 930 eorporis
478 815 541 902 sni
582 815 667 900 sire
718 813 1003 902 necessitatem
1050 814 1228 925 proximi
1276 815 1350 904 sui.
1425 813 1523 898 Ideo
1570 812 1654 896 diri

250 948 438 1057 nroairni,
468 948 564 1058 qnia
592 947 790 1056 seriptum
821 949 902 1030 estr
942 942 1102 1060 Diliges
1123 944 1358 1052 praeirnmn
1385 952 1514 1048 lrnnn,
1554 943 1656 1028 sierd

252 1086 433 1189 innisum.
487 1078 547 1165 Ae
571 1106 644 1190 per
664 1075 743 1164 hoa
771 1075 804 1160 si
834 1074 892 1160 itu
913 1075 1040 1162 debeo
1061 1075 1232 1187 diligere
1252 1077 1482 1188 proximum
1506 1106 1656 1178 rneunr,

251 1217 355 1300 sient
395 1211 615 1322 meipsum,
652 1209 712 1292 ita
741 1235 841 1320 ergo
870 1206 998 1292 debeo
1028 1205 1140 1318 loqui
1169 1209 1452 1328 necessitatem
1481 1209 1656 1320 proximi

252 1345 352 1446 urei,
394 1343 501 1426 sieut
535 1346 578 1426 et
616 1369 747 1426 meaur
785 1344 871 1424 tarn
905 1339 1066 1424 animae
1102 1367 1224 1450 qnam
1270 1339 1463 1450 eorporis.
1535 1337 1658 1424 rone

251 1475 351 1560 dioit
376 1472 545 1582 aliquis:
576 1475 709 1574 Quare
727 1451 1010 1556 necessilatem
1033 1496 1270 1580 corpoream
1296 1471 1433 1557 fratris
1452 1469 1658 1580 requirere

253 1602 379 1688 dobeo
407 1602 514 1686 sient
541 1588 701 1688 rnearn?
757 1601 802 1686 Si
830 1602 939 1684 eninr
969 1601 1096 1686 (lebeo
1127 1607 1338 1712 peooatnrn
1378 1598 1515 1686 fratris
1544 1598 1659 1708 quasi

253 1761 384 1818 rneurn
413 1731 552 1816 dolere
581 1736 623 1816 et
660 1736 869 1842 tamquam
901 1761 1033 1818 merrnr
1063 1762 1138 1843 per
1166 1761 1298 1818 nroam
1328 1727 1659 1816 exhortationem

252 1865 379 1948 dobeo
419 1861 678 1947 emendntnrn
717 1891 802 1948 esse
830 1863 1031 1974 gaudere,
1068 1889 1168 1972 ergo
1197 1891 1273 1974 pro
1301 1888 1440 1947 amore
1467 1851 1662 1944 fraterni·

253 1994 348 2078 tntis
377 1993 504 2078 debeo
534 1992 656 2076 etinnr
687 2019 761 2104 pro
800 1992 1040 2078 necessitate
1070 1991 1207 2076 fratris
1245 2018 1464 2104 suggerere
1506 1989 1661 2092 abbati,
1770 2097 1773 2106 1

258 2153 293 2208 v.
332 2149 394 2233 gr.
432 2147 610 2232 suggero
649 2121 789 2208 abbati
827 2123 986 2208 dicens:
1029 2123 1171 2225 Pater,
1203 2122 1326 2206 taleni
1363 2119 1658 2232 negligentium

255 2255 335 2338 vidi
383 2253 423 2337 in
468 2253 540 2337 illo
578 2253 728 2350 fratrer
769 2260 868 2364 opto
905 2282 981 2365 pro
1028 2262 1100 2338 tna
1139 2251 1437 2354 misericordia,
1473 2254 1521 2335 ut
1560 2250 1662 2333 illud
1928 2257 1933 2274 ’

254 2385 465 2470 emendare
501 2384 696 2492 digneris.
754 2383 817 2469 lta
853 2385 980 2470 etiam
1010 2414 1085 2496 pro
1122 2384 1361 2484 necessitate
1389 2381 1529 2467 fratris
1557 2387 1662 2466 torn·
1792 2463 1794 2470 ,

256 2515 384 2626 ,rurali
413 2513 543 2598 debeo
571 2513 712 2598 abbati
741 2542 981 2626 suggerere,
1010 2545 1047 2604 r.
1077 2542 1162 2628 gn:
1202 2513 1343 2616 Pater,
1372 2516 1495 2600 tulern
1524 2540 1662 2598 neees-

254 2645 417 2728 situtenr
455 2643 538 2728 ridi
579 2643 728 2729 habere
767 2642 882 2729 illnrn
913 2646 1112 2748 fratrenr;
1141 2644 1305 2747 neseio,
1336 2650 1474 2729 ntrnrn
1502 2651 1661 2756 sponte,

253 2803 304 2858 un
321 2802 396 2884 pro
421 2771 678 2882 negligentia
705 2773 826 2880 illins,
852 2773 922 2878 qni
948 2775 1069 2860 debet
1099 2775 1158 2859 illi
1174 2775 1375 2875 tribuere;
1405 2805 1476 2861 vos
1491 2774 1662 2886 potestis

253 2933 522 3016 eognoseere,
565 2930 638 2987 our
679 2902 757 2990 hoo
799 2905 994 3015 patiatur.
1055 2903 1177 2991 llorte
1219 2906 1318 2991 dieit
1357 2907 1521 3018 aliquis:
1554 2911 1663 3006 (lno-
1707 3005 1710 3016 Ι

255 3037 374 3120 rnodo
402 3035 632 3145 interrogat
662 3037 880 3120 necessitas
908 3063 1170 3146 quernqnurn,
1201 3037 1296 3145 quia
1319 3036 1473 3145 dixisti,
1513 3038 1663 3122 suban·
1777 3119 1781 3126 .

254 3167 445 3250 dinndurn
487 3191 598 3249 esser
638 3167 888 3252 neccessitatis
933 3191 1032 3250 errae
1075 3170 1112 3249 el
1159 3165 1316 3254 alienon
1360 3173 1444 3251 torn
1485 3166 1664 3272 celeraria
1793 3171 1796 3179 '

253 3323 371 3402 errant
400 3295 596 3380 arsinoae?
643 3293 751 3381 Vere
782 3294 1077 3397 lit3sieonin1
1109 3297 1260 3409 legitur
1288 3297 1488 3385 Dominus
1518 3297 1667 3382 dixisse

253 3427 302 3510 ad
331 3425 500 3536 Moysen
532 3431 765 3512 taaeutern:
798 3427 881 3514 Gur
911 3431 1070 3518 clarnos
1100 3433 1158 3517 ad
1183 3431 1284 3516 nee?
1338 3429 1499 3540 Moyses
1527 3435 1663 3517 autern

255 3585 335 3642 nou
364 3558 581 3661 elarnabat,
612 3559 682 3644 sed
711 3560 900 3660 tueolrutr
938 3561 1009 3646 sed
1037 3561 1133 3672 qnia
1162 3561 1445 3648 necessitatene
1473 3563 1665 3666 habebut,

254 3690 340 3796 ipsa
380 3687 598 3774 neeessilns
636 3691 686 3774 ud
718 3689 938 3776 Dorninurn
977 3693 1195 3778 elunrabnt.
1252 3693 1368 3779 Siout
1407 3695 1514 3780 eninr
1548 3696 1669 3779 intel·

254 3817 398 3938 ligitur
437 3819 509 3903 illa
543 3813 772 3922 sententia,
813 3821 884 3905 ubi
920 3821 1022 3906 dieii
1051 3823 1253 3908 Dominus
1263 3881 1276 3924 ‚
1303 3822 1366 3906 ¹da
1403 3823 1514 3908 ourni
1543 3825 1667 3908 verbo

254 3946 385 4032 otioso
415 3975 502 4032 esse
531 3947 716 4033 lrornines
746 3949 979 4037 reddituros
1010 3951 1224 4055 rationein,
1253 3951 1314 4038 ita
1343 3959 1385 4038 et
1412 3951 1492 4040 hio.
1523 3951 1667 4056 ·Vide,

195 4129 198 4136 ι
253 4080 350 4188 quia
376 4079 484 4166 sieut
511 4077 593 4163 illis
623 4107 705 4163 non
737 4077 889 4166 dieitur
918 4081 1178 4168 solummodo
1208 4081 1259 4168 de
1288 4083 1401 4168 ornni
1430 4082 1568 4186 verbo,
1598 4081 1667 4166 sed

254 4209 410 4296 addidit
439 4212 628 4317 otiosum,
658 4211 720 4297 ita
747 4211 815 4298 lrie
838 4211 1108 4326 intelligenda
1137 4219 1200 4300 est
1216 4212 1487 4326 iuterrogatio
1511 4241 1666 4316 oansno,

255 4339 346 4428 lie.
375 4341 640 4446 necessitatis,
669 4369 753 4428 non
784 4343 908 4433 noeis.

259 4555 263 4564 .
363 4473 578 4583 Sequitur:
632 4476 880 4560 nronstranle
929 4475 1157 4582 sandalum:
1202 4477 1259 4588 In
1303 4456 1549 4583 rrrrdtlloqalo
1587 4497 1667 4556 nou

254 4603 417 4712 effigies
449 4610 673 4710 peccatura.
731 4599 848 4688 Istud
886 4603 994 4692 eninr
1025 4605 1315 4714 rrrulliloqninnr
1351 4605 1508 4690 dnobus
1537 4603 1668 4689 modis

255 4731 431 4846 intelligi
458 4736 618 4846 potestr
649 4762 733 4819 uno
762 4731 872 4820 eninr
902 4735 1024 4823 niodo
1053 4734 1304 4848 intelligitur
1329 4734 1551 4852 seeundum
1575 4761 1669 4816 sen·

179 4869 182 4878 '
254 4891 341 4949 surn
366 4863 615 4962 ¹divinarum
651 4865 967 4977 seripturarum:
1008 4868 1065 4954 In
1103 4867 1351 4976 rrrrdliloqnio
1388 4891 1468 4950 rrnn
1497 4857 1670 4972 ⁸effagies

251 5002 468 5101 ructatum,
497 4989 525 5081 i.
541 5013 581 5085 e.
606 4985 897 5110 qnia'multurn
921 4998 1048 5108 loqui,
1061 4999 1094 5113 ¹)
1123 4997 1283 5088 etiarnsi
1303 4969 1413 5085 btna
1430 4997 1513 5082 sint
1534 4997 1670 5094 rerba,

257 5183 516 5205 ..Ι-*Ἣ

344 5281 571 5372 ¹)'loqnendo
592 5281 651 5375 (l).
779 5257 785 5338 ἶ
897 5307 901 5318 ·

1338 5306 1345 5482 l
1399 5327 1474 5486 n*

1345 5599 1350 5679 l
