3960 5774
98 265 101 274 .
175 307 178 314 Ι
251 170 333 302 47⁴
765 287 776 330 ,Ι
799 211 887 304 σιμ
909 177 1123 316 xxxxym
1231 145 1233 150 ⁵
1402 291 1412 310 ‚

85 497 90 506 .
256 432 320 517 vel
351 437 435 518 tres
463 450 539 520 ant
563 440 744 548 quatuor
770 436 963 549 psalmos.
1008 436 1228 524 Sciendum
1255 442 1321 522 eet
1345 435 1469 537 enim,
1497 433 1596 547 quia
1621 432 1666 518 in
1827 559 1828 564 Ν

221 593 312 686 Ιοο,
341 566 454 677 qnod
483 565 585 666 dieit
616 570 857 676 euomuerit,
883 573 1022 682 potest
1047 563 1172 682 etium
1200 567 1379 680 intelligi
1406 565 1561 652 oblivio
1587 565 1665 651 ali·
1818 681 1823 694 Ι

116 766 122 780 .
250 697 478 805 eujusrei,
506 730 613 813 quae
639 701 771 788 oblitu
799 706 890 790 est·
933 699 1225 786 Verumtamen
1257 700 1310 807 ‚iu
1341 700 1423 786 bae
1458 696 1666 785 oblivione

249 827 440 914 diseretio
477 831 707 917 necessaria
742 837 830 939 est,
856 833 955 943 quia
989 860 1076 917 nou
1113 833 1247 918 omnis
1273 861 1339 918 res
1369 829 1559 942 aequalis
1579 835 1678 926 att·

250 957 365 1080 uerbi
391 959 530 1070 gratia
556 963 592 1048 si
627 987 779 1072 magua
813 967 858 1047 et
884 965 1027 1047 saneta
1053 965 1117 1046 est
1144 990 1210 1046 res
1236 961 1351 1048 etin
1378 961 1533 1058 rustico
1556 957 1664 1057 loeo,
1809 957 1814 964 ’

132 1097 148 1132 ‘²
248 1087 278 1175 i.
308 1117 344 1176 e.
376 1117 469 1177 uon
506 1118 717 1203 congruo,
746 1091 876 1176 oblita
909 1095 998 1196 est,
1026 1095 1126 1174 tuno
1163 1091 1286 1176 debet
1318 1091 1483 1176 reniam
1510 1095 1663 1198 petere,

250 1245 334 1302 non
377 1225 565 1329 lautum,
593 1222 691 1333 qnia
726 1223 927 1308 oblivioni
963 1221 1162 1325 tradidit,
1189 1221 1259 1306 sed
1299 1221 1448 1323 etium,
1472 1218 1586 1332 quod
1619 1219 1663 1302 in
1697 1211 1699 1216 ’

249 1349 405 1436 rustico
433 1351 527 1438 loeo
553 1382 645 1439 eam
671 1355 824 1466 posuit.
866 1351 911 1438 Si
939 1359 1079 1437 antem
1106 1353 1196 1464 ipsa
1219 1379 1283 1437 rea
1311 1353 1356 1437 in
1380 1354 1471 1438 loeo
1495 1352 1660 1450 mundo,
1697 1437 1703 1446 ,

125 1561 134 1582 ,
248 1480 328 1566 hoe
355 1489 418 1566 est
451 1483 495 1567 iu
535 1483 629 1570 loco
655 1485 733 1571 eibi
761 1511 947 1596 congruo
974 1491 1018 1570 et
1043 1489 1144 1595 epto
1171 1483 1308 1594 positu
1333 1485 1461 1570 fuerit
1485 1489 1530 1569 et
1556 1483 1664 1569 obli·

249 1610 361 1695 vioni
404 1615 579 1720 traditu,
607 1643 691 1700 uon
732 1616 948 1726 intelligo,
977 1643 1053 1726 pro
1089 1615 1170 1702 boe
1197 1644 1290 1700 eum
1327 1614 1474 1700 debere
1500 1613 1660 1700 verrium

249 1747 400 1853 petere,
430 1745 738 1856 quiasuperius
765 1775 853 1832 nou
880 1747 985 1851 dixi,
1013 1775 1109 1833 eum
1137 1747 1298 1832 reniam
1326 1753 1467 1856 petere
1496 1772 1572 1852 pro
1598 1773 1661 1846 eo,

249 1874 360 1983 quod
390 1876 544 1962 oblitus
572 1885 656 1982 eat,
685 1878 756 1967 aed
784 1907 860 1990 pro
889 1907 961 1981 eo,
989 1879 1101 1992 quod
1136 1879 1180 1963 in
1208 1878 1360 1964 rustico
1387 1877 1481 1960 looo'
1510 1874 1661 1985 posuit.
1786 1975 1794 1988 ,

219 2006 367 2104 .Quod
396 2014 534 2093 autem
572 2011 674 2096 dieit
709 2011 860 2118 nrojoei
893 2009 1094 2095 oierdiclae
1127 2001 1354 2116 subjaceat,
1389 2007 1451 2092 ita
1485 2005 1664 2116 intelligi

81 2198 90 2216 .
211 2221 223 2240 ,
250 2137 392 2225 debet:
416 2139 449 2229 i.
474 2171 510 2230 e.
539 2142 653 2227 verbi
681 2143 830 2254 gratia,
858 2142 893 2227 si
922 2143 1066 2228 debuit
1093 2149 1216 2230 antea
1241 2141 1294 2227 ad
1323 2169 1450 2226 uuum
1480 2139 1661 2222 officium

251 2271 413 2357 veniam
442 2279 595 2384 petere,
627 2279 770 2385 postea
809 2281 927 2386 petat
959 2273 1013 2359 ad
1040 2275 1124 2378 duo
1161 2279 1206 2359 et
1231 2273 1350 2384 reliq.
1405 2270 1601 2359 Similiter
1627 2269 1663 2352 si

225 2429 324 2511 .per
357 2404 461 2489 duos
498 2406 584 2489 dies
624 2405 834 2515 poenitere
868 2406 1013 2490 debuit
1038 2413 1185 2508 antea,
1215 2411 1359 2515 postea
1385 2431 1460 2515 per
1486 2406 1665 2510 quatuor

249 2537 293 2628 et
320 2533 436 2645 reliq.
493 2535 538 2620 Si
565 2541 703 2620 eutem
731 2537 776 2618 in
804 2536 1023 2624 refectorio
1050 2539 1230 2640 excedit,
1257 2539 1319 2621 itu
1345 2533 1551 2646 agendum
1579 2534 1660 2615 ests

179 2767 181 2772 Ι
229 2664 283 2756 ,εἰ
313 2691 456 2772 parum
485 2667 665 2770 excedit,
703 2667 731 2754 i.
761 2695 795 2750 e.
824 2667 859 2750 si
885 2669 1099 2754 cochleare
1126 2669 1239 2753 eadit
1269 2671 1346 2751 want
1373 2663 1563 2750 cultellus
1589 2666 1662 2744 ant

249 2819 396 2904 cuppa,
424 2801 467 2882 et
495 2795 654 2882 iaciunt
679 2823 840 2900 sonum,
868 2799 903 2882 ui
933 2800 977 2883 in
1006 2799 1080 2882 tali
1108 2799 1202 2882 loeo
1229 2796 1356 2898 sedet,
1386 2799 1541 2880 utnon
1570 2820 1665 2902 pos·

159 2917 167 2937 ⁸
250 2923 306 3006 sit
333 2952 513 3036 surgere,
542 2933 591 3011 'ut
619 2933 735 3037 petat
764 2929 924 3014 venium
953 2957 1028 3038 pro
1054 2929 1169 3032 aliis,
1197 2957 1246 3013 eo
1274 2926 1384 3038 quod
1412 2953 1497 3009 uon
1525 2925 1685 3040 potest¹

162 3059 165 3066 '
227 3053 373 3157 exire,
401 3061 502 3142 tuno
531 3056 654 3144 debet
681 3087 849 3170 surgere
877 3066 920 3144 et
948 3061 1111 3146 flectere
1129 3059 1349 3158 cervicem
1376 3058 1410 3140 si
1431 3059 1569 3140 autem
1587 3052 1679 3142 tuli.

250 3186 343 3270 loeo
370 3188 498 3294 sedet,
526 3196 575 3274 ut
601 3193 733 3301 possit
760 3192 886 3295 exire,
912 3199 1013 3276 tune
1036 3191 1162 3276 debet
1183 3190 1306 3277 exire.
1349 3187 1491 3276 Abbus
1508 3190 1661 3284 autem,

250 3317 285 3400 si
315 3346 463 3428 pervus
492 3349 616 3407 sonus
643 3323 778 3408 iactus
804 3329 880 3428 est,
907 3324 1033 3408 debet
1060 3322 1123 3408 illi
1149 3323 1333 3423 inuuere,
1361 3326 1522 3405 utnon
1551 3320 1665 3426 petat
1687 3409 1693 3420 ,

250 3449 435 3556 veniam;
464 3453 498 3536 si
526 3461 665 3539 autem
694 3457 862 3566 grandis
890 3484 1016 3542 sonus
1043 3455 1177 3540 nctus
1197 3461 1274 3558 est,
1303 3461 1402 3538 tuno
1422 3451 1546 3535 debet
1567 3453 1666 3531 unte

97 3681 102 3694 ι
250 3583 441 3668 abbatem
479 3587 640 3670 veniam
679 3593 838 3696 petere,
867 3587 938 3672 ille
974 3597 1133 3691 autem,
1162 3588 1234 3698 qui
1263 3613 1348 3670 non
1374 3583 1513 3695 potuit
1539 3581 1665 3680 exire,

235 3711 286 3795 'si
315 3714 485 3822 grandis
512 3745 636 3802 sonus
666 3719 758 3820 init,
788 3725 900 3824 tuno,
933 3725 1151 3830 postquam
1179 3717 1431 3804 surrexerint
1457 3742 1483 3797 a
1509 3739 1665 3813 mensa,

252 3843 410 3927 veniam
447 3853 585 3954 petere
625 3849 748 3933 debet
785 3851 829 3934 in
865 3852 1085 3936 refectorio
1126 3858 1223 3936 ante
1263 3849 1454 3933 abbatem
1496 3850 1666 3956 propter
1755 3956 1759 3962 Ι

251 3975 374 4078 illud,
403 3979 515 4086 quod
544 3977 644 4062 dicit
670 3982 814 4090 regula
842 4006 920 4066 nou
959 3985 1120 4064 verrimes
1151 3983 1336 4066 ceratinae
1363 3985 1458 4064 onte
1483 3977 1664 4060 abbatem
1688 4005 1690 4012 ·

251 4114 295 4189 et
322 4107 438 4218 reliq.
496 4107 682 4196 lniantes
719 4141 815 4197 vero
854 4113 919 4196 vel
959 4114 1083 4196 etiam
1124 4113 1195 4221 qui
1232 4110 1310 4194 snb
1337 4109 1522 4195 eustodiu
1556 4110 1667 4207 sunt,

249 4237 284 4320 ni
322 4267 469 4322 sonum
506 4241 549 4324 in
590 4243 807 4328 refectorio
845 4244 1018 4330 fecerint
1055 4247 1129 4325 aut
1156 4245 1356 4349 rumpunt
1396 4239 1459 4322 vel
1488 4236 1668 4349 perdunt

211 4359 214 4368 ’
249 4370 421 4481 aliquid,
452 4373 615 4457 veniam
646 4376 800 4460 debent
816 4381 968 4500 ,petere
995 4372 1119 4458 sicuti
1145 4372 1333 4481 majores.
1693 4377 1695 4382 ⁴

545 4605 549 4614 ·
725 4573 846 4681 oo.
878 4546 1180 4660 xxxam
1243 4610 1254 4676 ·.

460 4753 529 4831 nn
558 4753 936 4832 SIGNIFIGANDA
965 4754 1110 4833 HOltA
1139 4753 1322 4832 OPERIS
1344 4751 1455 4852 DEI.
1518 4767 1524 4778 ·

362 4897 412 4983 ln
439 4900 518 4986 boo
546 4929 648 5014 ergo
675 4902 769 4987 loeo
804 4899 848 4991 S.
877 4900 1125 4986 Benedictus
1154 4901 1288 4986 etiam
1324 4927 1444 4984 soum
1480 4897 1666 4982 ordinem

250 5033 494 5136 custodivit,
524 5063 617 5120 oum
646 5033 752 5118 dixit
779 5035 832 5118 de
859 5032 995 5138 boris,
1023 5034 1172 5144 quibus
1197 5031 1465 5118 reficiendum
1493 5036 1594 5128 erat.
1622 5034 1666 5112 et

251 5165 316 5260 de·
337 5168 607 5288 completorio
643 5174 816 5288 propter
853 5168 1081 5271 rationem,
1108 5194 1191 5279 qua
1225 5163 1441 5282 indigebat
1467 5161 1664 5275 conjungi
