<?xml version="1.0" encoding="UTF-8"?>
<!DOCTYPE html PUBLIC "-//W3C//DTD XHTML 1.0 Transitional//EN"
    "http://www.w3.org/TR/xhtml1/DTD/xhtml1-transitional.dtd">
<html xmlns="http://www.w3.org/1999/xhtml" xml:lang="en" lang="en">
 <head>
  <title>
</title>
<meta http-equiv="Content-Type" content="text/html;charset=utf-8" />
  <meta name='ocr-system' content='tesseract 3.04.00' />
  <meta name='ocr-capabilities' content='ocr_page ocr_carea ocr_par ocr_line ocrx_word'/>
</head>
<body>
  <div class='ocr_page' id='page_1' title='image "./vitaetregulassp01benegoog_0468.png"; bbox 0 0 3968 5774; ppageno 0'>
   <div class='ocr_carea' id='block_1_1' title="bbox 826 153 1672 246">
    <p class='ocr_par' dir='ltr' id='par_1_1' title="bbox 826 153 1672 246">
     <span class='ocr_line' id='line_1_1' title="bbox 826 153 1672 246; baseline 0.002 -20"><span class='ocrx_word' id='word_1_1' title='bbox 826 153 914 246; x_wconf 76' lang='lat' dir='ltr'><strong>Cup,</strong></span> <span class='ocrx_word' id='word_1_2' title='bbox 940 154 1098 231; x_wconf 86' lang='lat' dir='ltr'><strong>XXXlX.</strong></span> <span class='ocrx_word' id='word_1_3' title='bbox 1591 163 1672 246; x_wconf 80' lang='grc'><strong>439</strong></span> 
     </span>
    </p>
   </div>
   <div class='ocr_carea' id='block_1_2' title="bbox 259 369 1789 749">
    <p class='ocr_par' dir='ltr' id='par_1_2' title="bbox 259 369 1789 749">
     <span class='ocr_line' id='line_1_2' title="bbox 370 369 1675 484; baseline 0.005 -29"><span class='ocrx_word' id='word_1_4' title='bbox 370 369 587 484; x_wconf 75' lang='lat' dir='ltr'>Sequitur:</span> <span class='ocrx_word' id='word_1_5' title='bbox 618 373 765 458; x_wconf 86' lang='lat' dir='ltr'><strong>Pueris</strong></span> <span class='ocrx_word' id='word_1_6' title='bbox 781 402 872 462; x_wconf 87' lang='lat' dir='ltr'><strong>nero</strong></span> <span class='ocrx_word' id='word_1_7' title='bbox 894 377 1043 462; x_wconf 73' lang='lat' dir='ltr'><strong>celsiori</strong></span> <span class='ocrx_word' id='word_1_8' title='bbox 1067 381 1197 462; x_wconf 89' lang='lat' dir='ltr'><strong>oetotc</strong></span> <span class='ocrx_word' id='word_1_9' title='bbox 1224 403 1304 462; x_wconf 90' lang='lat' dir='ltr'><strong>non</strong></span> <span class='ocrx_word' id='word_1_10' title='bbox 1331 379 1470 464; x_wconf 83' lang='lat' dir='ltr'><strong>eudem</strong></span> <span class='ocrx_word' id='word_1_11' title='bbox 1497 379 1675 464; x_wconf 80' lang='lat' dir='ltr'><strong>servetur</strong></span> 
     </span>
     <span class='ocr_line' id='line_1_3' title="bbox 260 503 1789 618; baseline 0.007 -30"><span class='ocrx_word' id='word_1_12' title='bbox 260 504 483 614; x_wconf 74' lang='lat' dir='ltr'><strong><em>quantitas,</em></strong></span> <span class='ocrx_word' id='word_1_13' title='bbox 513 503 586 588; x_wconf 81' lang='lat' dir='ltr'><strong>ned</strong></span> <span class='ocrx_word' id='word_1_14' title='bbox 613 505 768 611; x_wconf 71' lang='lat' dir='ltr'><strong>tuition,</strong></span> <span class='ocrx_word' id='word_1_15' title='bbox 796 533 917 615; x_wconf 77' lang='lat' dir='ltr'><strong>pesum</strong></span> <span class='ocrx_word' id='word_1_16' title='bbox 945 507 1181 612; x_wconf 80' lang='lat' dir='ltr'><strong>majoribus,</strong></span> <span class='ocrx_word' id='word_1_17' title='bbox 1222 515 1384 594; x_wconf 72' lang='lat' dir='ltr'><strong>renutu</strong></span> <span class='ocrx_word' id='word_1_18' title='bbox 1417 511 1462 595; x_wconf 84' lang='lat' dir='ltr'><strong>in</strong></span> <span class='ocrx_word' id='word_1_19' title='bbox 1491 511 1674 597; x_wconf 84' lang='lat' dir='ltr'><strong>cnmidus</strong></span> <span class='ocrx_word' id='word_1_20' title='bbox 1787 611 1789 618; x_wconf 18' lang='lat'><strong>¹</strong></span> 
     </span>
     <span class='ocr_line' id='line_1_4' title="bbox 259 635 1701 749; baseline 0.006 -31"><span class='ocrx_word' id='word_1_21' title='bbox 259 637 467 744; x_wconf 81' lang='lat' dir='ltr'><strong>parcitate.</strong></span> <span class='ocrx_word' id='word_1_22' title='bbox 511 635 708 746; x_wconf 83' lang='lat' dir='ltr'>Superius</span> <span class='ocrx_word' id='word_1_23' title='bbox 731 639 840 722; x_wconf 90' lang='lat' dir='ltr'><strong>euim</strong></span> <span class='ocrx_word' id='word_1_24' title='bbox 864 638 970 722; x_wconf 87' lang='lat' dir='ltr'><strong>dixit</strong></span> <span class='ocrx_word' id='word_1_25' title='bbox 996 637 1187 740; x_wconf 85' lang='lat' dir='ltr'><strong>infantes,</strong></span> <span class='ocrx_word' id='word_1_26' title='bbox 1218 646 1261 724; x_wconf 88' lang='lat' dir='ltr'><strong>et</strong></span> <span class='ocrx_word' id='word_1_27' title='bbox 1295 639 1361 726; x_wconf 88' lang='lat' dir='ltr'><strong>hie</strong></span> <span class='ocrx_word' id='word_1_28' title='bbox 1390 641 1496 726; x_wconf 86' lang='lat' dir='ltr'><strong>dixit</strong></span> <span class='ocrx_word' id='word_1_29' title='bbox 1521 645 1673 749; x_wconf 77' lang='lat' dir='ltr'><strong>pueris,</strong></span> <span class='ocrx_word' id='word_1_30' title='bbox 1697 669 1701 680; x_wconf 90' lang='lat'><em>·</em></span> 
     </span>
    </p>
   </div>
   <div class='ocr_carea' id='block_1_3' title="bbox 260 766 1805 883">
    <p class='ocr_par' dir='ltr' id='par_1_3' title="bbox 260 766 1805 883">
     <span class='ocr_line' id='line_1_5' title="bbox 260 766 1805 883; baseline 0.006 -33"><span class='ocrx_word' id='word_1_31' title='bbox 260 767 355 877; x_wconf 82' lang='lat' dir='ltr'><strong>quin</strong></span> <span class='ocrx_word' id='word_1_32' title='bbox 394 794 475 850; x_wconf 88' lang='lat' dir='ltr'><strong>uon</strong></span> <span class='ocrx_word' id='word_1_33' title='bbox 516 767 648 852; x_wconf 84' lang='lat' dir='ltr'><strong>solum</strong></span> <span class='ocrx_word' id='word_1_34' title='bbox 690 767 919 854; x_wconf 83' lang='lat' dir='ltr'><strong>infantibus</strong></span> <span class='ocrx_word' id='word_1_35' title='bbox 957 766 1287 883; x_wconf 81' lang='lat' dir='ltr'><strong>prospiciendum</strong></span> <span class='ocrx_word' id='word_1_36' title='bbox 1325 777 1408 875; x_wconf 87' lang='lat' dir='ltr'><strong>est,</strong></span> <span class='ocrx_word' id='word_1_37' title='bbox 1438 773 1508 858; x_wconf 86' lang='lat' dir='ltr'><strong>sed</strong></span> <span class='ocrx_word' id='word_1_38' title='bbox 1548 773 1673 858; x_wconf 86' lang='lat' dir='ltr'><strong>etiam</strong></span> <span class='ocrx_word' id='word_1_39' title='bbox 1801 819 1805 830; x_wconf 94' lang='lat'><em>·</em></span> 
     </span>
    </p>
   </div>
   <div class='ocr_carea' id='block_1_4' title="bbox 145 895 1769 1924">
    <p class='ocr_par' dir='ltr' id='par_1_4' title="bbox 145 895 1769 1924">
     <span class='ocr_line' id='line_1_6' title="bbox 261 895 1671 1006; baseline 0.005 -26"><span class='ocrx_word' id='word_1_40' title='bbox 261 895 393 1006; x_wconf 89' lang='lat' dir='ltr'><strong>pueris</strong></span> <span class='ocrx_word' id='word_1_41' title='bbox 432 898 580 983; x_wconf 81' lang='lat' dir='ltr'><strong>mirrori</strong></span> <span class='ocrx_word' id='word_1_42' title='bbox 621 902 769 985; x_wconf 83' lang='lat' dir='ltr'><strong>aetate.</strong></span> <span class='ocrx_word' id='word_1_43' title='bbox 853 897 963 984; x_wconf 88' lang='lat' dir='ltr'><strong>Bene</strong></span> <span class='ocrx_word' id='word_1_44' title='bbox 1004 897 1114 983; x_wconf 91' lang='lat' dir='ltr'><strong>dixit</strong></span> <span class='ocrx_word' id='word_1_45' title='bbox 1152 903 1297 1006; x_wconf 84' lang='lat' dir='ltr'><strong>pueris</strong></span> <span class='ocrx_word' id='word_1_46' title='bbox 1342 903 1493 986; x_wconf 75' lang='lat' dir='ltr'><strong>utiliori</strong></span> <span class='ocrx_word' id='word_1_47' title='bbox 1533 910 1671 1006; x_wconf 72' lang='lat' dir='ltr'><strong>celeste,</strong></span> 
     </span>
     <span class='ocr_line' id='line_1_7' title="bbox 260 1025 1672 1142; baseline 0.006 -32"><span class='ocrx_word' id='word_1_48' title='bbox 260 1027 355 1138; x_wconf 89' lang='lat' dir='ltr'><strong>quiu</strong></span> <span class='ocrx_word' id='word_1_49' title='bbox 383 1025 434 1110; x_wconf 88' lang='lat' dir='ltr'><strong>de</strong></span> <span class='ocrx_word' id='word_1_50' title='bbox 463 1027 543 1111; x_wconf 84' lang='lat' dir='ltr'><strong>illis</strong></span> <span class='ocrx_word' id='word_1_51' title='bbox 570 1027 690 1112; x_wconf 77' lang='lat' dir='ltr'><strong>orturis</strong></span> <span class='ocrx_word' id='word_1_52' title='bbox 719 1028 809 1112; x_wconf 80' lang='lat' dir='ltr'><strong>vrdt</strong></span> <span class='ocrx_word' id='word_1_53' title='bbox 837 1029 1028 1140; x_wconf 74' lang='lat' dir='ltr'><strong>intelligi,</strong></span> <span class='ocrx_word' id='word_1_54' title='bbox 1059 1029 1129 1140; x_wconf 89' lang='lat' dir='ltr'><strong>qui</strong></span> <span class='ocrx_word' id='word_1_55' title='bbox 1160 1058 1287 1142; x_wconf 89' lang='lat' dir='ltr'><strong>prope</strong></span> <span class='ocrx_word' id='word_1_56' title='bbox 1315 1031 1533 1116; x_wconf 80' lang='lat' dir='ltr'><strong>infantium</strong></span> <span class='ocrx_word' id='word_1_57' title='bbox 1563 1039 1672 1120; x_wconf 75' lang='lat' dir='ltr'><strong>suunt.</strong></span> 
     </span>
     <span class='ocr_line' id='line_1_8' title="bbox 259 1157 1672 1270; baseline 0.004 -30"><span class='ocrx_word' id='word_1_58' title='bbox 259 1161 365 1240; x_wconf 86' lang='lat' dir='ltr'><strong>Sunt</strong></span> <span class='ocrx_word' id='word_1_59' title='bbox 393 1157 503 1240; x_wconf 83' lang='lat' dir='ltr'><strong>erriur</strong></span> <span class='ocrx_word' id='word_1_60' title='bbox 533 1158 631 1242; x_wconf 78' lang='lat' dir='ltr'><strong>orriri</strong></span> <span class='ocrx_word' id='word_1_61' title='bbox 661 1158 861 1270; x_wconf 83' lang='lat' dir='ltr'><strong>pueriles,</strong></span> <span class='ocrx_word' id='word_1_62' title='bbox 891 1161 961 1270; x_wconf 90' lang='lat' dir='ltr'><strong>qui</strong></span> <span class='ocrx_word' id='word_1_63' title='bbox 992 1187 1121 1270; x_wconf 87' lang='lat' dir='ltr'><strong>prope</strong></span> <span class='ocrx_word' id='word_1_64' title='bbox 1150 1161 1367 1245; x_wconf 86' lang='lat' dir='ltr'><strong>inlimtium</strong></span> <span class='ocrx_word' id='word_1_65' title='bbox 1396 1165 1517 1264; x_wconf 90' lang='lat' dir='ltr'><strong>suut,</strong></span> <span class='ocrx_word' id='word_1_66' title='bbox 1547 1161 1672 1245; x_wconf 86' lang='lat' dir='ltr'><strong>veluti</strong></span> 
     </span>
     <span class='ocr_line' id='line_1_9' title="bbox 259 1287 1769 1394; baseline 0.001 -22"><span class='ocrx_word' id='word_1_67' title='bbox 259 1297 447 1388; x_wconf 80' lang='lat' dir='ltr'><strong>octavus,</strong></span> <span class='ocrx_word' id='word_1_68' title='bbox 479 1316 632 1394; x_wconf 77' lang='lat' dir='ltr'><strong>nunus,</strong></span> <span class='ocrx_word' id='word_1_69' title='bbox 663 1290 864 1392; x_wconf 89' lang='lat' dir='ltr'><strong>decimus,</strong></span> <span class='ocrx_word' id='word_1_70' title='bbox 896 1291 1144 1378; x_wconf 84' lang='lat' dir='ltr'><strong>undecimus.</strong></span> <span class='ocrx_word' id='word_1_71' title='bbox 1203 1287 1258 1374; x_wconf 77' lang='lat' dir='ltr'><strong>lit</strong></span> <span class='ocrx_word' id='word_1_72' title='bbox 1293 1290 1440 1375; x_wconf 89' lang='lat' dir='ltr'><strong>iterum</strong></span> <span class='ocrx_word' id='word_1_73' title='bbox 1478 1295 1576 1374; x_wconf 82' lang='lat' dir='ltr'><strong>surrt</strong></span> <span class='ocrx_word' id='word_1_74' title='bbox 1604 1291 1673 1374; x_wconf 83' lang='lat' dir='ltr'><strong>alii</strong></span> <span class='ocrx_word' id='word_1_75' title='bbox 1766 1347 1769 1354; x_wconf 91' lang='lat'>-</span> 
     </span>
     <span class='ocr_line' id='line_1_10' title="bbox 257 1419 1674 1533; baseline -0.001 -28"><span class='ocrx_word' id='word_1_76' title='bbox 257 1419 354 1505; x_wconf 88' lang='lat' dir='ltr'><strong>unni</strong></span> <span class='ocrx_word' id='word_1_77' title='bbox 395 1419 587 1529; x_wconf 88' lang='lat' dir='ltr'><strong>pueriles,</strong></span> <span class='ocrx_word' id='word_1_78' title='bbox 634 1421 702 1532; x_wconf 88' lang='lat' dir='ltr'><strong>qui</strong></span> <span class='ocrx_word' id='word_1_79' title='bbox 746 1449 874 1533; x_wconf 91' lang='lat' dir='ltr'><strong>prope</strong></span> <span class='ocrx_word' id='word_1_80' title='bbox 916 1421 1234 1507; x_wconf 79' lang='lat' dir='ltr'><strong>adolescentiam</strong></span> <span class='ocrx_word' id='word_1_81' title='bbox 1274 1425 1393 1519; x_wconf 89' lang='lat' dir='ltr'><strong>sunt,</strong></span> <span class='ocrx_word' id='word_1_82' title='bbox 1432 1419 1457 1503; x_wconf 91' lang='lat' dir='ltr'><strong>i.</strong></span> <span class='ocrx_word' id='word_1_83' title='bbox 1497 1449 1532 1508; x_wconf 90' lang='lat' dir='ltr'><strong>e.</strong></span> <span class='ocrx_word' id='word_1_84' title='bbox 1572 1420 1674 1528; x_wconf 82' lang='lat' dir='ltr'><strong>duo·</strong></span> 
     </span>
     <span class='ocr_line' id='line_1_11' title="bbox 145 1548 1673 1662; baseline 0.002 -29"><span class='ocrx_word' id='word_1_85' title='bbox 145 1582 149 1593; x_wconf 64' lang='lat'><strong><em>¹</em></strong></span> <span class='ocrx_word' id='word_1_86' title='bbox 259 1550 463 1650; x_wconf 84' lang='lat' dir='ltr'><strong>decimus,</strong></span> <span class='ocrx_word' id='word_1_87' title='bbox 492 1551 640 1635; x_wconf 88' lang='lat' dir='ltr'><strong>tertius</strong></span> <span class='ocrx_word' id='word_1_88' title='bbox 667 1549 870 1662; x_wconf 81' lang='lat' dir='ltr'><strong>decimus,</strong></span> <span class='ocrx_word' id='word_1_89' title='bbox 904 1548 1301 1662; x_wconf 85' lang='lat' dir='ltr'><strong>quartusdecimus,</strong></span> <span class='ocrx_word' id='word_1_90' title='bbox 1342 1579 1388 1636; x_wconf 87' lang='lat' dir='ltr'><strong>uc</strong></span> <span class='ocrx_word' id='word_1_91' title='bbox 1426 1550 1461 1636; x_wconf 85' lang='lat' dir='ltr'><strong>ei</strong></span> <span class='ocrx_word' id='word_1_92' title='bbox 1498 1550 1673 1636; x_wconf 87' lang='lat' dir='ltr'><strong>diceret:</strong></span> 
     </span>
     <span class='ocr_line' id='line_1_12' title="bbox 259 1680 1673 1792; baseline 0.001 -29"><span class='ocrx_word' id='word_1_93' title='bbox 259 1683 464 1780; x_wconf 78' lang='lat' dir='ltr'><strong>Quantum</strong></span> <span class='ocrx_word' id='word_1_94' title='bbox 504 1681 596 1791; x_wconf 86' lang='lat' dir='ltr'><strong>plus</strong></span> <span class='ocrx_word' id='word_1_95' title='bbox 634 1685 730 1764; x_wconf 75' lang='lat' dir='ltr'><strong>siunt</strong></span> <span class='ocrx_word' id='word_1_96' title='bbox 769 1681 883 1792; x_wconf 91' lang='lat' dir='ltr'><strong>pueri</strong></span> <span class='ocrx_word' id='word_1_97' title='bbox 918 1709 1047 1792; x_wconf 82' lang='lat' dir='ltr'><strong>prope</strong></span> <span class='ocrx_word' id='word_1_98' title='bbox 1085 1680 1325 1784; x_wconf 77' lang='lat' dir='ltr'><strong>infantiam,</strong></span> <span class='ocrx_word' id='word_1_99' title='bbox 1357 1687 1521 1766; x_wconf 81' lang='lat' dir='ltr'><strong>tautum</strong></span> <span class='ocrx_word' id='word_1_100' title='bbox 1550 1682 1673 1766; x_wconf 89' lang='lat' dir='ltr'><strong>etium</strong></span> 
     </span>
     <span class='ocr_line' id='line_1_13' title="bbox 257 1801 1673 1924; baseline 0.001 -30"><span class='ocrx_word' id='word_1_101' title='bbox 257 1811 347 1922; x_wconf 88' lang='lat' dir='ltr'><strong>plus</strong></span> <span class='ocrx_word' id='word_1_102' title='bbox 375 1811 598 1922; x_wconf 84' lang='lat' dir='ltr'><strong>udjuvendi</strong></span> <span class='ocrx_word' id='word_1_103' title='bbox 629 1817 749 1914; x_wconf 85' lang='lat' dir='ltr'><strong>suut,</strong></span> <span class='ocrx_word' id='word_1_104' title='bbox 779 1840 828 1898; x_wconf 91' lang='lat' dir='ltr'><strong>eo</strong></span> <span class='ocrx_word' id='word_1_105' title='bbox 858 1801 967 1922; x_wconf 77' lang='lat' dir='ltr'><strong>quod</strong></span> <span class='ocrx_word' id='word_1_106' title='bbox 1010 1840 1090 1898; x_wconf 89' lang='lat' dir='ltr'><strong>uon</strong></span> <span class='ocrx_word' id='word_1_107' title='bbox 1129 1816 1191 1896; x_wconf 88' lang='lat' dir='ltr'><strong>est</strong></span> <span class='ocrx_word' id='word_1_108' title='bbox 1229 1840 1426 1924; x_wconf 82' lang='lat' dir='ltr'><strong>urugnum</strong></span> <span class='ocrx_word' id='word_1_109' title='bbox 1465 1813 1590 1896; x_wconf 92' lang='lat' dir='ltr'><strong>robur</strong></span> <span class='ocrx_word' id='word_1_110' title='bbox 1630 1811 1673 1895; x_wconf 91' lang='lat' dir='ltr'><strong>in</strong></span> 
     </span>
    </p>
   </div>
   <div class='ocr_carea' id='block_1_5' title="bbox 255 1940 1847 2184">
    <p class='ocr_par' dir='ltr' id='par_1_5' title="bbox 255 1940 1847 2184">
     <span class='ocr_line' id='line_1_14' title="bbox 255 1940 1822 2055; baseline 0.003 -29"><span class='ocrx_word' id='word_1_111' title='bbox 255 1943 358 2041; x_wconf 67' lang='lat' dir='ltr'><strong>illies</strong></span> <span class='ocrx_word' id='word_1_112' title='bbox 398 1949 441 2026; x_wconf 90' lang='lat' dir='ltr'><strong>et</strong></span> <span class='ocrx_word' id='word_1_113' title='bbox 469 1951 667 2053; x_wconf 81' lang='lat' dir='ltr'><strong>quantum</strong></span> <span class='ocrx_word' id='word_1_114' title='bbox 710 1949 806 2028; x_wconf 78' lang='lat' dir='ltr'><strong>erunt</strong></span> <span class='ocrx_word' id='word_1_115' title='bbox 847 1970 972 2055; x_wconf 89' lang='lat' dir='ltr'><strong>prope</strong></span> <span class='ocrx_word' id='word_1_116' title='bbox 1008 1940 1348 2044; x_wconf 79' lang='lat' dir='ltr'><strong>adolescentium,</strong></span> <span class='ocrx_word' id='word_1_117' title='bbox 1380 1945 1498 2026; x_wconf 82' lang='lat' dir='ltr'><strong>tauto</strong></span> <span class='ocrx_word' id='word_1_118' title='bbox 1538 1941 1673 2026; x_wconf 88' lang='lat' dir='ltr'><strong>minus</strong></span> <span class='ocrx_word' id='word_1_119' title='bbox 1819 2023 1822 2030; x_wconf 87' lang='lat'><em>.</em></span> 
     </span>
     <span class='ocr_line' id='line_1_15' title="bbox 257 2072 1847 2184; baseline 0 -26"><span class='ocrx_word' id='word_1_120' title='bbox 257 2073 381 2158; x_wconf 86' lang='lat' dir='ltr'><strong>debet</strong></span> <span class='ocrx_word' id='word_1_121' title='bbox 408 2072 500 2174; x_wconf 88' lang='lat' dir='ltr'><strong>illis,</strong></span> <span class='ocrx_word' id='word_1_122' title='bbox 532 2103 654 2184; x_wconf 85' lang='lat' dir='ltr'><strong>quum</strong></span> <span class='ocrx_word' id='word_1_123' title='bbox 685 2075 926 2180; x_wconf 80' lang='lat' dir='ltr'><strong>infantibus,</strong></span> <span class='ocrx_word' id='word_1_124' title='bbox 956 2073 1094 2158; x_wconf 88' lang='lat' dir='ltr'><strong>cibum</strong></span> <span class='ocrx_word' id='word_1_125' title='bbox 1121 2073 1312 2157; x_wconf 90' lang='lat' dir='ltr'><strong>tribuere.</strong></span> <span class='ocrx_word' id='word_1_126' title='bbox 1366 2072 1542 2160; x_wconf 82' lang='lat' dir='ltr'><strong>Pulchre</strong></span> <span class='ocrx_word' id='word_1_127' title='bbox 1574 2074 1675 2160; x_wconf 81' lang='lat' dir='ltr'><strong>(licit</strong></span> <span class='ocrx_word' id='word_1_128' title='bbox 1845 2162 1847 2170; x_wconf 70' lang='grc'><em>,</em></span> 
     </span>
    </p>
   </div>
   <div class='ocr_carea' id='block_1_6' title="bbox 256 2202 1819 2323">
    <p class='ocr_par' dir='ltr' id='par_1_6' title="bbox 256 2202 1819 2323">
     <span class='ocr_line' id='line_1_16' title="bbox 256 2202 1819 2323; baseline 0.002 -36"><span class='ocrx_word' id='word_1_129' title='bbox 256 2233 333 2288; x_wconf 83' lang='lat' dir='ltr'><strong>nou</strong></span> <span class='ocrx_word' id='word_1_130' title='bbox 365 2207 503 2290; x_wconf 85' lang='lat' dir='ltr'><strong>eudem</strong></span> <span class='ocrx_word' id='word_1_131' title='bbox 533 2207 738 2313; x_wconf 76' lang='lat' dir='ltr'><strong>quantitas</strong></span> <span class='ocrx_word' id='word_1_132' title='bbox 765 2214 967 2323; x_wconf 76' lang='lat' dir='ltr'><strong>serentur,</strong></span> <span class='ocrx_word' id='word_1_133' title='bbox 997 2206 1093 2315; x_wconf 86' lang='lat' dir='ltr'><strong>quie</strong></span> <span class='ocrx_word' id='word_1_134' title='bbox 1121 2202 1191 2288; x_wconf 90' lang='lat' dir='ltr'><strong>ille</strong></span> <span class='ocrx_word' id='word_1_135' title='bbox 1219 2205 1404 2314; x_wconf 90' lang='lat' dir='ltr'><strong>superius</strong></span> <span class='ocrx_word' id='word_1_136' title='bbox 1434 2205 1520 2314; x_wconf 85' lang='lat' dir='ltr'><strong>jum</strong></span> <span class='ocrx_word' id='word_1_137' title='bbox 1550 2233 1676 2316; x_wconf 82' lang='lat' dir='ltr'><strong>expo·</strong></span> <span class='ocrx_word' id='word_1_138' title='bbox 1816 2259 1819 2264; x_wconf 92' lang='lat'><em>-</em></span> 
     </span>
    </p>
   </div>
   <div class='ocr_carea' id='block_1_7' title="bbox 255 2333 1672 2444">
    <p class='ocr_par' dir='ltr' id='par_1_7' title="bbox 255 2333 1672 2444">
     <span class='ocr_line' id='line_1_17' title="bbox 255 2333 1672 2444; baseline -0.001 -20"><span class='ocrx_word' id='word_1_139' title='bbox 255 2345 391 2424; x_wconf 75' lang='lat' dir='ltr'><strong>sineret</strong></span> <span class='ocrx_word' id='word_1_140' title='bbox 426 2337 468 2422; x_wconf 89' lang='lat' dir='ltr'><strong>iu</strong></span> <span class='ocrx_word' id='word_1_141' title='bbox 497 2337 704 2424; x_wconf 79' lang='lat' dir='ltr'><strong>alimentis</strong></span> <span class='ocrx_word' id='word_1_142' title='bbox 736 2336 1039 2424; x_wconf 83' lang='lat' dir='ltr'><strong>distinctionem</strong></span> <span class='ocrx_word' id='word_1_143' title='bbox 1080 2333 1162 2419; x_wconf 84' lang='lat' dir='ltr'><strong>illis</strong></span> <span class='ocrx_word' id='word_1_144' title='bbox 1200 2363 1284 2419; x_wconf 88' lang='lat' dir='ltr'><strong>nou</strong></span> <span class='ocrx_word' id='word_1_145' title='bbox 1321 2365 1406 2422; x_wconf 85' lang='lat' dir='ltr'><strong>esse</strong></span> <span class='ocrx_word' id='word_1_146' title='bbox 1442 2337 1672 2444; x_wconf 88' lang='lat' dir='ltr'><strong>tenendum,</strong></span> 
     </span>
    </p>
   </div>
   <div class='ocr_carea' id='block_1_8' title="bbox 255 2463 1829 2582">
    <p class='ocr_par' dir='ltr' id='par_1_8' title="bbox 255 2463 1829 2582">
     <span class='ocr_line' id='line_1_18' title="bbox 255 2463 1829 2582; baseline 0.001 -30"><span class='ocrx_word' id='word_1_147' title='bbox 255 2469 323 2554; x_wconf 87' lang='lat' dir='ltr'><strong>red</strong></span> <span class='ocrx_word' id='word_1_148' title='bbox 352 2469 591 2582; x_wconf 82' lang='lat' dir='ltr'><strong>praevenire</strong></span> <span class='ocrx_word' id='word_1_149' title='bbox 619 2468 740 2555; x_wconf 85' lang='lat' dir='ltr'><strong>hores</strong></span> <span class='ocrx_word' id='word_1_150' title='bbox 768 2469 998 2556; x_wconf 76' lang='lat' dir='ltr'><strong>canonicas.</strong></span> <span class='ocrx_word' id='word_1_151' title='bbox 1042 2463 1111 2552; x_wconf 84' lang='lat' dir='ltr'><strong>Sic</strong></span> <span class='ocrx_word' id='word_1_152' title='bbox 1140 2472 1182 2552; x_wconf 92' lang='lat' dir='ltr'><strong>et</strong></span> <span class='ocrx_word' id='word_1_153' title='bbox 1209 2493 1318 2552; x_wconf 80' lang='lat' dir='ltr'><strong>nurrc</strong></span> <span class='ocrx_word' id='word_1_154' title='bbox 1337 2467 1439 2554; x_wconf 89' lang='lat' dir='ltr'><strong>dicit</strong></span> <span class='ocrx_word' id='word_1_155' title='bbox 1468 2468 1518 2552; x_wconf 90' lang='lat' dir='ltr'><strong>de</strong></span> <span class='ocrx_word' id='word_1_156' title='bbox 1542 2469 1673 2579; x_wconf 87' lang='lat' dir='ltr'><strong>muju-</strong></span> <span class='ocrx_word' id='word_1_157' title='bbox 1823 2471 1829 2486; x_wconf 86' lang='lat'>&#39;</span> 
     </span>
    </p>
   </div>
   <div class='ocr_carea' id='block_1_9' title="bbox 128 2583 1747 3372">
    <p class='ocr_par' dir='ltr' id='par_1_9' title="bbox 128 2583 1747 3372">
     <span class='ocr_line' id='line_1_19' title="bbox 128 2583 1672 2712; baseline 0.001 -27"><span class='ocrx_word' id='word_1_158' title='bbox 128 2645 132 2656; x_wconf 93' lang='lat'><strong>·</strong></span> <span class='ocrx_word' id='word_1_159' title='bbox 257 2601 382 2708; x_wconf 87' lang='lat' dir='ltr'><strong>ribus,</strong></span> <span class='ocrx_word' id='word_1_160' title='bbox 413 2605 572 2685; x_wconf 88' lang='lat' dir='ltr'><strong>utnon</strong></span> <span class='ocrx_word' id='word_1_161' title='bbox 603 2629 730 2712; x_wconf 85' lang='lat' dir='ltr'><strong>usque</strong></span> <span class='ocrx_word' id='word_1_162' title='bbox 761 2598 812 2684; x_wconf 85' lang='lat' dir='ltr'><strong>ud</strong></span> <span class='ocrx_word' id='word_1_163' title='bbox 837 2596 1046 2709; x_wconf 81' lang='lat' dir='ltr'><strong>crapulam</strong></span> <span class='ocrx_word' id='word_1_164' title='bbox 1071 2583 1332 2704; x_wconf 71' lang='lat' dir='ltr'><strong>mendicent,</strong></span> <span class='ocrx_word' id='word_1_165' title='bbox 1360 2625 1407 2682; x_wconf 86' lang='lat' dir='ltr'><strong>ee</strong></span> <span class='ocrx_word' id='word_1_166' title='bbox 1436 2598 1469 2684; x_wconf 87' lang='lat' dir='ltr'><strong>si</strong></span> <span class='ocrx_word' id='word_1_167' title='bbox 1499 2599 1672 2687; x_wconf 84' lang='lat' dir='ltr'><strong>diceret:</strong></span> 
     </span>
     <span class='ocr_line' id='line_1_20' title="bbox 258 2728 1673 2844; baseline 0 -28"><span class='ocrx_word' id='word_1_168' title='bbox 258 2733 298 2816; x_wconf 81' lang='lat' dir='ltr'><strong>Si</strong></span> <span class='ocrx_word' id='word_1_169' title='bbox 328 2733 430 2818; x_wconf 86' lang='lat' dir='ltr'><strong>tules</strong></span> <span class='ocrx_word' id='word_1_170' title='bbox 461 2732 633 2841; x_wconf 80' lang='lat' dir='ltr'><strong>majores</strong></span> <span class='ocrx_word' id='word_1_171' title='bbox 661 2734 779 2833; x_wconf 78' lang='lat' dir='ltr'><strong>sunt,</strong></span> <span class='ocrx_word' id='word_1_172' title='bbox 822 2729 902 2840; x_wconf 90' lang='lat' dir='ltr'><strong>qui·</strong></span> <span class='ocrx_word' id='word_1_173' title='bbox 931 2759 974 2814; x_wconf 89' lang='lat' dir='ltr'><strong>se</strong></span> <span class='ocrx_word' id='word_1_174' title='bbox 1010 2733 1237 2840; x_wconf 81' lang='lat' dir='ltr'><strong>temperare</strong></span> <span class='ocrx_word' id='word_1_175' title='bbox 1273 2728 1480 2836; x_wconf 89' lang='lat' dir='ltr'><strong>nesciunt,</strong></span> <span class='ocrx_word' id='word_1_176' title='bbox 1519 2732 1673 2844; x_wconf 81' lang='lat' dir='ltr'><strong>priores</strong></span> 
     </span>
     <span class='ocr_line' id='line_1_21' title="bbox 257 2858 1669 2973; baseline 0.001 -27"><span class='ocrx_word' id='word_1_177' title='bbox 257 2862 410 2948; x_wconf 85' lang='lat' dir='ltr'><strong>debent</strong></span> <span class='ocrx_word' id='word_1_178' title='bbox 437 2863 529 2950; x_wconf 85' lang='lat' dir='ltr'><strong>illos</strong></span> <span class='ocrx_word' id='word_1_179' title='bbox 557 2868 794 2973; x_wconf 85' lang='lat' dir='ltr'><strong>temperare.</strong></span> <span class='ocrx_word' id='word_1_180' title='bbox 854 2859 917 2945; x_wconf 84' lang='lat' dir='ltr'><strong>Ito</strong></span> <span class='ocrx_word' id='word_1_181' title='bbox 946 2858 1069 2944; x_wconf 85' lang='lat' dir='ltr'><strong>etiem</strong></span> <span class='ocrx_word' id='word_1_182' title='bbox 1090 2887 1199 2946; x_wconf 90' lang='lat' dir='ltr'><strong>nuuc</strong></span> <span class='ocrx_word' id='word_1_183' title='bbox 1220 2860 1270 2944; x_wconf 91' lang='lat' dir='ltr'><strong>de</strong></span> <span class='ocrx_word' id='word_1_184' title='bbox 1297 2859 1525 2950; x_wconf 79' lang='lat' dir='ltr'><strong>infantibus</strong></span> <span class='ocrx_word' id='word_1_185' title='bbox 1556 2865 1669 2970; x_wconf 90' lang='lat' dir='ltr'><strong>dicit,</strong></span> 
     </span>
     <span class='ocr_line' id='line_1_22' title="bbox 258 2991 1729 3106; baseline 0.002 -29"><span class='ocrx_word' id='word_1_186' title='bbox 258 3023 306 3078; x_wconf 88' lang='lat' dir='ltr'><strong>eo</strong></span> <span class='ocrx_word' id='word_1_187' title='bbox 334 2995 442 3106; x_wconf 86' lang='lat' dir='ltr'><strong>quod</strong></span> <span class='ocrx_word' id='word_1_188' title='bbox 473 2995 601 3106; x_wconf 89' lang='lat' dir='ltr'><strong>pueri,</strong></span> <span class='ocrx_word' id='word_1_189' title='bbox 631 3021 723 3080; x_wconf 89' lang='lat' dir='ltr'><strong>enm</strong></span> <span class='ocrx_word' id='word_1_190' title='bbox 752 2997 849 3078; x_wconf 88' lang='lat' dir='ltr'><strong>unte</strong></span> <span class='ocrx_word' id='word_1_191' title='bbox 877 2991 1067 3078; x_wconf 86' lang='lat' dir='ltr'><strong>reficiunt</strong></span> <span class='ocrx_word' id='word_1_192' title='bbox 1085 2997 1128 3078; x_wconf 89' lang='lat' dir='ltr'><strong>et</strong></span> <span class='ocrx_word' id='word_1_193' title='bbox 1151 2999 1258 3103; x_wconf 85' lang='lat' dir='ltr'><strong>post,</strong></span> <span class='ocrx_word' id='word_1_194' title='bbox 1286 2992 1319 3102; x_wconf 81' lang='lat' dir='ltr'><strong>si</strong></span> <span class='ocrx_word' id='word_1_195' title='bbox 1349 2995 1669 3106; x_wconf 81' lang='lat' dir='ltr'><strong>ituueceperint,</strong></span> <span class='ocrx_word' id='word_1_196' title='bbox 1724 3100 1729 3106; x_wconf 13' lang='lat' dir='ltr'><em>a</em></span> 
     </span>
     <span class='ocr_line' id='line_1_23' title="bbox 144 3124 1747 3238; baseline 0.004 -32"><span class='ocrx_word' id='word_1_197' title='bbox 144 3187 145 3190; x_wconf 12' lang='grc' dir='ltr'><strong><em>κ</em></strong></span> <span class='ocrx_word' id='word_1_198' title='bbox 256 3125 363 3208; x_wconf 79' lang='lat' dir='ltr'><strong>rieurt</strong></span> <span class='ocrx_word' id='word_1_199' title='bbox 392 3127 577 3237; x_wconf 78' lang='lat' dir='ltr'><strong>majores,</strong></span> <span class='ocrx_word' id='word_1_200' title='bbox 606 3125 811 3238; x_wconf 81' lang='lat' dir='ltr'><strong>crapulam</strong></span> <span class='ocrx_word' id='word_1_201' title='bbox 837 3125 1068 3236; x_wconf 70' lang='lat' dir='ltr'><strong>patientum</strong></span> <span class='ocrx_word' id='word_1_202' title='bbox 1097 3124 1190 3210; x_wconf 90' lang='lat' dir='ltr'><strong>ideo</strong></span> <span class='ocrx_word' id='word_1_203' title='bbox 1214 3125 1417 3210; x_wconf 79' lang='lat' dir='ltr'><strong>moderari</strong></span> <span class='ocrx_word' id='word_1_204' title='bbox 1436 3127 1528 3212; x_wconf 90' lang='lat' dir='ltr'><strong>illos</strong></span> <span class='ocrx_word' id='word_1_205' title='bbox 1549 3126 1671 3212; x_wconf 86' lang='lat' dir='ltr'><strong>debet</strong></span> <span class='ocrx_word' id='word_1_206' title='bbox 1744 3133 1747 3142; x_wconf 84' lang='grc'>’</span> 
     </span>
     <span class='ocr_line' id='line_1_24' title="bbox 257 3255 1670 3372; baseline 0 -30"><span class='ocrx_word' id='word_1_207' title='bbox 257 3257 508 3360; x_wconf 77' lang='lat' dir='ltr'><strong>cellerarius,</strong></span> <span class='ocrx_word' id='word_1_208' title='bbox 542 3257 778 3368; x_wconf 86' lang='lat' dir='ltr'><strong>frequenter</strong></span> <span class='ocrx_word' id='word_1_209' title='bbox 808 3257 916 3372; x_wconf 74' lang='lat' dir='ltr'><strong>errirn</strong></span> <span class='ocrx_word' id='word_1_210' title='bbox 944 3256 1123 3342; x_wconf 83' lang='lat' dir='ltr'><strong>iniurrtee</strong></span> <span class='ocrx_word' id='word_1_211' title='bbox 1153 3255 1302 3341; x_wconf 88' lang='lat' dir='ltr'><strong>debent</strong></span> <span class='ocrx_word' id='word_1_212' title='bbox 1330 3259 1455 3362; x_wconf 90' lang='lat' dir='ltr'><strong>refici,</strong></span> <span class='ocrx_word' id='word_1_213' title='bbox 1485 3259 1555 3344; x_wconf 88' lang='lat' dir='ltr'><strong>sed</strong></span> <span class='ocrx_word' id='word_1_214' title='bbox 1585 3287 1670 3342; x_wconf 91' lang='lat' dir='ltr'><strong>non</strong></span> 
     </span>
    </p>
   </div>
   <div class='ocr_carea' id='block_1_10' title="bbox 167 3384 1906 3490">
    <p class='ocr_par' dir='ltr' id='par_1_10' title="bbox 167 3384 1906 3490">
     <span class='ocr_line' id='line_1_25' title="bbox 167 3384 1906 3490; baseline -0.001 -14"><span class='ocrx_word' id='word_1_215' title='bbox 167 3467 171 3476; x_wconf 92' lang='lat'>.</span> <span class='ocrx_word' id='word_1_216' title='bbox 259 3388 391 3475; x_wconf 82' lang='lat' dir='ltr'><strong>nimis.</strong></span> <span class='ocrx_word' id='word_1_217' title='bbox 443 3389 560 3490; x_wconf 85' lang='lat' dir='ltr'><strong>Quod</strong></span> <span class='ocrx_word' id='word_1_218' title='bbox 581 3389 690 3474; x_wconf 91' lang='lat' dir='ltr'><strong>euim</strong></span> <span class='ocrx_word' id='word_1_219' title='bbox 715 3384 816 3473; x_wconf 90' lang='lat' dir='ltr'><strong>dicit</strong></span> <span class='ocrx_word' id='word_1_220' title='bbox 844 3387 887 3470; x_wconf 84' lang='lat' dir='ltr'><strong>in</strong></span> <span class='ocrx_word' id='word_1_221' title='bbox 913 3387 1084 3473; x_wconf 81' lang='lat' dir='ltr'><strong>arbitrio</strong></span> <span class='ocrx_word' id='word_1_222' title='bbox 1104 3386 1309 3490; x_wconf 74' lang='lat' dir='ltr'><strong>contristet,</strong></span> <span class='ocrx_word' id='word_1_223' title='bbox 1332 3415 1417 3473; x_wconf 89' lang='lat' dir='ltr'><strong>uon</strong></span> <span class='ocrx_word' id='word_1_224' title='bbox 1436 3389 1487 3473; x_wconf 82' lang='lat' dir='ltr'><strong>ud</strong></span> <span class='ocrx_word' id='word_1_225' title='bbox 1507 3388 1670 3475; x_wconf 87' lang='lat' dir='ltr'><strong>libitum</strong></span> <span class='ocrx_word' id='word_1_226' title='bbox 1789 3445 1790 3452; x_wconf 23' lang='grc' dir='ltr'><strong><em>κ</em></strong></span> <span class='ocrx_word' id='word_1_227' title='bbox 1903 3421 1906 3428; x_wconf 57' lang='lat'><em>⁴</em></span> 
     </span>
    </p>
   </div>
   <div class='ocr_carea' id='block_1_11' title="bbox 239 3515 1671 3631">
    <p class='ocr_par' dir='ltr' id='par_1_11' title="bbox 239 3515 1671 3631">
     <span class='ocr_line' id='line_1_26' title="bbox 239 3515 1671 3631; baseline -0.001 -25"><span class='ocrx_word' id='word_1_228' title='bbox 239 3515 417 3606; x_wconf 80' lang='lat' dir='ltr'><strong>¹ubbutis</strong></span> <span class='ocrx_word' id='word_1_229' title='bbox 446 3521 612 3623; x_wconf 79' lang='lat' dir='ltr'><strong>luxavit,</strong></span> <span class='ocrx_word' id='word_1_230' title='bbox 641 3520 710 3626; x_wconf 85' lang='lat' dir='ltr'><strong>sed</strong></span> <span class='ocrx_word' id='word_1_231' title='bbox 743 3519 880 3631; x_wconf 90' lang='lat' dir='ltr'><strong>posuit</strong></span> <span class='ocrx_word' id='word_1_232' title='bbox 903 3518 1077 3624; x_wconf 84' lang='lat' dir='ltr'><strong>frenum,</strong></span> <span class='ocrx_word' id='word_1_233' title='bbox 1107 3547 1200 3604; x_wconf 91' lang='lat' dir='ltr'><strong>eum</strong></span> <span class='ocrx_word' id='word_1_234' title='bbox 1232 3519 1331 3604; x_wconf 90' lang='lat' dir='ltr'><strong>dicit</strong></span> <span class='ocrx_word' id='word_1_235' title='bbox 1357 3545 1437 3604; x_wconf 78' lang='lat' dir='ltr'><strong>neon</strong></span> <span class='ocrx_word' id='word_1_236' title='bbox 1471 3520 1671 3626; x_wconf 75' lang='lat' dir='ltr'><strong>subripiet</strong></span> 
     </span>
    </p>
   </div>
   <div class='ocr_carea' id='block_1_12' title="bbox 256 3645 1851 3763">
    <p class='ocr_par' dir='ltr' id='par_1_12' title="bbox 256 3632 1937 3763">
     <span class='ocr_line' id='line_1_27' title="bbox 256 3645 1851 3763; baseline -0.001 -26"><span class='ocrx_word' id='word_1_237' title='bbox 256 3655 445 3739; x_wconf 71' lang='lat' dir='ltr'><strong>incorrecto</strong></span> <span class='ocrx_word' id='word_1_238' title='bbox 474 3653 703 3762; x_wconf 84' lang='lat' dir='ltr'><strong>tndtperies,</strong></span> <span class='ocrx_word' id='word_1_239' title='bbox 734 3681 781 3738; x_wconf 83' lang='lat' dir='ltr'><strong>uc</strong></span> <span class='ocrx_word' id='word_1_240' title='bbox 809 3652 842 3737; x_wconf 87' lang='lat' dir='ltr'><strong>si</strong></span> <span class='ocrx_word' id='word_1_241' title='bbox 874 3651 1048 3738; x_wconf 86' lang='lat' dir='ltr'><strong>diceret:</strong></span> <span class='ocrx_word' id='word_1_242' title='bbox 1078 3678 1160 3736; x_wconf 90' lang='lat' dir='ltr'><strong>nou</strong></span> <span class='ocrx_word' id='word_1_243' title='bbox 1193 3652 1284 3763; x_wconf 87' lang='lat' dir='ltr'><strong>plus</strong></span> <span class='ocrx_word' id='word_1_244' title='bbox 1302 3651 1383 3738; x_wconf 87' lang='lat' dir='ltr'><strong>illis</strong></span> <span class='ocrx_word' id='word_1_245' title='bbox 1408 3651 1530 3737; x_wconf 89' lang='lat' dir='ltr'><strong>debet</strong></span> <span class='ocrx_word' id='word_1_246' title='bbox 1558 3652 1668 3757; x_wconf 79' lang='lat' dir='ltr'><strong>(lure,</strong></span> <span class='ocrx_word' id='word_1_247' title='bbox 1764 3733 1766 3738; x_wconf 78' lang='grc'>,</span> <span class='ocrx_word' id='word_1_248' title='bbox 1848 3645 1851 3652; x_wconf 70' lang='grc'><strong>’</strong></span> 
     </span>
    </p>
   </div>
   <div class='ocr_carea' id='block_1_13' title="bbox 181 3780 1735 4030">
    <p class='ocr_par' dir='ltr' id='par_1_13' title="bbox 181 3780 1735 4030">
     <span class='ocr_line' id='line_1_28' title="bbox 181 3780 1735 3900; baseline -0.002 -30"><span class='ocrx_word' id='word_1_249' title='bbox 181 3825 182 3828; x_wconf 35' lang='lat'>¹</span> <span class='ocrx_word' id='word_1_250' title='bbox 256 3815 376 3896; x_wconf 87' lang='lat' dir='ltr'><strong>quum</strong></span> <span class='ocrx_word' id='word_1_251' title='bbox 409 3791 586 3900; x_wconf 86' lang='lat' dir='ltr'><strong>oportet,</strong></span> <span class='ocrx_word' id='word_1_252' title='bbox 615 3814 690 3873; x_wconf 87' lang='lat' dir='ltr'><strong>nec</strong></span> <span class='ocrx_word' id='word_1_253' title='bbox 713 3785 861 3890; x_wconf 90' lang='lat' dir='ltr'><strong>minus,</strong></span> <span class='ocrx_word' id='word_1_254' title='bbox 893 3784 991 3896; x_wconf 86' lang='lat' dir='ltr'><strong>quin</strong></span> <span class='ocrx_word' id='word_1_255' title='bbox 1008 3783 1128 3870; x_wconf 89' lang='lat' dir='ltr'><strong>sicuti</strong></span> <span class='ocrx_word' id='word_1_256' title='bbox 1147 3790 1301 3896; x_wconf 86' lang='lat' dir='ltr'><strong>peccet,</strong></span> <span class='ocrx_word' id='word_1_257' title='bbox 1332 3785 1365 3869; x_wconf 88' lang='lat' dir='ltr'><strong>si</strong></span> <span class='ocrx_word' id='word_1_258' title='bbox 1387 3783 1477 3899; x_wconf 83' lang='lat' dir='ltr'><strong>plus</strong></span> <span class='ocrx_word' id='word_1_259' title='bbox 1498 3783 1667 3886; x_wconf 89' lang='lat' dir='ltr'><strong>dederit,</strong></span> <span class='ocrx_word' id='word_1_260' title='bbox 1734 3780 1735 3784; x_wconf 50' lang='lat'>‘</span> 
     </span>
     <span class='ocr_line' id='line_1_29' title="bbox 255 3913 1667 4030; baseline -0.003 -28"><span class='ocrx_word' id='word_1_261' title='bbox 255 3918 313 4004; x_wconf 84' lang='lat' dir='ltr'><strong>itu</strong></span> <span class='ocrx_word' id='word_1_262' title='bbox 341 3919 463 4006; x_wconf 86' lang='lat' dir='ltr'><strong>etium</strong></span> <span class='ocrx_word' id='word_1_263' title='bbox 494 3924 648 4030; x_wconf 81' lang='lat' dir='ltr'><strong>peccet,</strong></span> <span class='ocrx_word' id='word_1_264' title='bbox 677 3919 710 4006; x_wconf 89' lang='lat' dir='ltr'><strong>si</strong></span> <span class='ocrx_word' id='word_1_265' title='bbox 740 3917 886 4022; x_wconf 88' lang='lat' dir='ltr'><strong>miuus,</strong></span> <span class='ocrx_word' id='word_1_266' title='bbox 917 3915 1044 4002; x_wconf 85' lang='lat' dir='ltr'><strong>veluti</strong></span> <span class='ocrx_word' id='word_1_267' title='bbox 1074 3916 1124 4002; x_wconf 92' lang='lat' dir='ltr'><strong>de</strong></span> <span class='ocrx_word' id='word_1_268' title='bbox 1142 3917 1271 4027; x_wconf 92' lang='lat' dir='ltr'><strong>culpis</strong></span> <span class='ocrx_word' id='word_1_269' title='bbox 1299 3921 1340 4002; x_wconf 88' lang='lat' dir='ltr'><strong>et</strong></span> <span class='ocrx_word' id='word_1_270' title='bbox 1363 3915 1413 4002; x_wconf 88' lang='lat' dir='ltr'><strong>de</strong></span> <span class='ocrx_word' id='word_1_271' title='bbox 1437 3913 1602 4026; x_wconf 88' lang='lat' dir='ltr'><strong>judiciis</strong></span> <span class='ocrx_word' id='word_1_272' title='bbox 1625 3922 1667 3999; x_wconf 89' lang='lat' dir='ltr'><strong>et</strong></span> 
     </span>
    </p>
   </div>
   <div class='ocr_carea' id='block_1_14' title="bbox 124 4045 1665 4164">
    <p class='ocr_par' dir='ltr' id='par_1_14' title="bbox 124 4045 1665 4164">
     <span class='ocr_line' id='line_1_30' title="bbox 124 4045 1665 4164; baseline -0.003 -29"><span class='ocrx_word' id='word_1_273' title='bbox 124 4161 126 4164; x_wconf 16' lang='grc' dir='ltr'>Ι</span> <span class='ocrx_word' id='word_1_274' title='bbox 236 4048 304 4135; x_wconf 82' lang='lat' dir='ltr'><strong>de</strong></span> <span class='ocrx_word' id='word_1_275' title='bbox 334 4045 587 4138; x_wconf 84' lang='lat' dir='ltr'><strong>vestimentis</strong></span> <span class='ocrx_word' id='word_1_276' title='bbox 608 4079 683 4138; x_wconf 91' lang='lat' dir='ltr'><strong>nec</strong></span> <span class='ocrx_word' id='word_1_277' title='bbox 707 4050 799 4164; x_wconf 89' lang='lat' dir='ltr'><strong>plus</strong></span> <span class='ocrx_word' id='word_1_278' title='bbox 817 4078 893 4138; x_wconf 91' lang='lat' dir='ltr'><strong>nec</strong></span> <span class='ocrx_word' id='word_1_279' title='bbox 914 4047 1047 4136; x_wconf 87' lang='lat' dir='ltr'><strong>miuus</strong></span> <span class='ocrx_word' id='word_1_280' title='bbox 1068 4048 1191 4136; x_wconf 87' lang='lat' dir='ltr'><strong>debet</strong></span> <span class='ocrx_word' id='word_1_281' title='bbox 1211 4075 1345 4161; x_wconf 77' lang='lat' dir='ltr'><strong>egere.</strong></span> <span class='ocrx_word' id='word_1_282' title='bbox 1402 4045 1493 4133; x_wconf 88' lang='lat' dir='ltr'><strong>Hoc</strong></span> <span class='ocrx_word' id='word_1_283' title='bbox 1515 4051 1665 4150; x_wconf 84' lang='lat' dir='ltr'><strong>eutem,</strong></span> 
     </span>
    </p>
   </div>
   <div class='ocr_carea' id='block_1_15' title="bbox 254 4177 1749 4295">
    <p class='ocr_par' dir='ltr' id='par_1_15' title="bbox 254 4177 1749 4295">
     <span class='ocr_line' id='line_1_31' title="bbox 254 4177 1749 4295; baseline -0.006 -26"><span class='ocrx_word' id='word_1_284' title='bbox 254 4184 364 4295; x_wconf 84' lang='lat' dir='ltr'><strong>quod</strong></span> <span class='ocrx_word' id='word_1_285' title='bbox 393 4183 494 4273; x_wconf 87' lang='lat' dir='ltr'><strong>dicit</strong></span> <span class='ocrx_word' id='word_1_286' title='bbox 529 4184 567 4270; x_wconf 82' lang='lat' dir='ltr'><strong>si</strong></span> <span class='ocrx_word' id='word_1_287' title='bbox 595 4181 710 4270; x_wconf 84' lang='lat' dir='ltr'><strong>tutor</strong></span> <span class='ocrx_word' id='word_1_288' title='bbox 742 4179 1006 4290; x_wconf 77' lang='lat' dir='ltr'><strong>fortefortes</strong></span> <span class='ocrx_word' id='word_1_289' title='bbox 1030 4180 1178 4288; x_wconf 72' lang='lat' dir='ltr'><strong>licerit,</strong></span> <span class='ocrx_word' id='word_1_290' title='bbox 1224 4179 1380 4266; x_wconf 85' lang='lat' dir='ltr'><strong>duobus</strong></span> <span class='ocrx_word' id='word_1_291' title='bbox 1410 4177 1540 4264; x_wconf 84' lang='lat' dir='ltr'><strong>modis</strong></span> <span class='ocrx_word' id='word_1_292' title='bbox 1568 4204 1666 4262; x_wconf 88' lang='lat' dir='ltr'><strong>cou-</strong></span> <span class='ocrx_word' id='word_1_293' title='bbox 1746 4209 1749 4215; x_wconf 94' lang='lat'>·</span> 
     </span>
    </p>
   </div>
   <div class='ocr_carea' id='block_1_16' title="bbox 220 4297 1937 4430">
    <p class='ocr_par' dir='ltr' id='par_1_16' title="bbox 220 4297 1937 4430">
     <span class='ocr_line' id='line_1_32' title="bbox 220 4297 1937 4430; baseline -0.009 -28"><span class='ocrx_word' id='word_1_294' title='bbox 220 4316 421 4418; x_wconf 38' lang='lat' dir='ltr'><strong>,sideruri</strong></span> <span class='ocrx_word' id='word_1_295' title='bbox 451 4319 585 4405; x_wconf 90' lang='lat' dir='ltr'><strong>debet.</strong></span> <span class='ocrx_word' id='word_1_296' title='bbox 644 4317 781 4404; x_wconf 84' lang='lat' dir='ltr'><strong>Lebor</strong></span> <span class='ocrx_word' id='word_1_297' title='bbox 810 4313 940 4430; x_wconf 77' lang='lat' dir='ltr'><strong>major</strong></span> <span class='ocrx_word' id='word_1_298' title='bbox 968 4325 1042 4420; x_wconf 89' lang='lat' dir='ltr'><strong>est,</strong></span> <span class='ocrx_word' id='word_1_299' title='bbox 1071 4313 1105 4399; x_wconf 87' lang='lat' dir='ltr'><strong>si</strong></span> <span class='ocrx_word' id='word_1_300' title='bbox 1133 4344 1158 4400; x_wconf 80' lang='lat' dir='ltr'><strong>e</strong></span> <span class='ocrx_word' id='word_1_301' title='bbox 1186 4299 1467 4424; x_wconf 78' lang='lat' dir='ltr'><strong>prima&#39;usque</strong></span> <span class='ocrx_word' id='word_1_302' title='bbox 1494 4309 1545 4395; x_wconf 86' lang='lat' dir='ltr'><strong>ud</strong></span> <span class='ocrx_word' id='word_1_303' title='bbox 1576 4338 1666 4394; x_wconf 87' lang='lat' dir='ltr'><strong>res·</strong></span> <span class='ocrx_word' id='word_1_304' title='bbox 1815 4372 1818 4380; x_wconf 91' lang='lat'><em>.</em></span> <span class='ocrx_word' id='word_1_305' title='bbox 1936 4297 1937 4304; x_wconf 51' lang='lat'>‘</span> 
     </span>
    </p>
   </div>
   <div class='ocr_carea' id='block_1_17' title="bbox 254 4441 1667 4693">
    <p class='ocr_par' dir='ltr' id='par_1_17' title="bbox 254 4441 1667 4693">
     <span class='ocr_line' id='line_1_33' title="bbox 254 4441 1667 4559; baseline -0.003 -27"><span class='ocrx_word' id='word_1_306' title='bbox 254 4478 394 4559; x_wconf 88' lang='lat' dir='ltr'><strong>perum</strong></span> <span class='ocrx_word' id='word_1_307' title='bbox 422 4451 627 4554; x_wconf 81' lang='lat' dir='ltr'><strong>laborant,</strong></span> <span class='ocrx_word' id='word_1_308' title='bbox 656 4449 740 4534; x_wconf 84' lang='lat' dir='ltr'><strong>sive</strong></span> <span class='ocrx_word' id='word_1_309' title='bbox 768 4447 892 4534; x_wconf 81' lang='lat' dir='ltr'><strong>etiem</strong></span> <span class='ocrx_word' id='word_1_310' title='bbox 923 4447 1054 4556; x_wconf 82' lang='lat' dir='ltr'><strong>major</strong></span> <span class='ocrx_word' id='word_1_311' title='bbox 1081 4451 1156 4550; x_wconf 89' lang='lat' dir='ltr'><strong>est,</strong></span> <span class='ocrx_word' id='word_1_312' title='bbox 1185 4445 1219 4531; x_wconf 90' lang='lat' dir='ltr'><strong>si</strong></span> <span class='ocrx_word' id='word_1_313' title='bbox 1247 4475 1272 4530; x_wconf 84' lang='lat' dir='ltr'><strong>u</strong></span> <span class='ocrx_word' id='word_1_314' title='bbox 1300 4443 1478 4529; x_wconf 83' lang='lat' dir='ltr'><strong>secunda</strong></span> <span class='ocrx_word' id='word_1_315' title='bbox 1505 4441 1667 4528; x_wconf 80' lang='lat' dir='ltr'><strong>laboru-</strong></span> 
     </span>
     <span class='ocr_line' id='line_1_34' title="bbox 254 4581 785 4693; baseline 0.002 -29"><span class='ocrx_word' id='word_1_316' title='bbox 254 4581 512 4693; x_wconf 78' lang='lat' dir='ltr'><strong>veritusque</strong></span> <span class='ocrx_word' id='word_1_317' title='bbox 541 4581 593 4668; x_wconf 90' lang='lat' dir='ltr'><strong>ud</strong></span> <span class='ocrx_word' id='word_1_318' title='bbox 622 4610 785 4668; x_wconf 76' lang='lat' dir='ltr'><strong>ruoilum.</strong></span> 
     </span>
    </p>
   </div>
   <div class='ocr_carea' id='block_1_18' title="bbox 325 4697 1856 4824">
    <p class='ocr_par' dir='ltr' id='par_1_18' title="bbox 325 4697 1856 4824">
     <span class='ocr_line' id='line_1_35' title="bbox 325 4697 1856 4824; baseline -0.01 -25"><span class='ocrx_word' id='word_1_319' title='bbox 325 4703 327 4708; x_wconf 59' lang='grc'><strong>’</strong></span> <span class='ocrx_word' id='word_1_320' title='bbox 362 4713 577 4824; x_wconf 74' lang='lat' dir='ltr'><strong>Sequiturr</strong></span> <span class='ocrx_word' id='word_1_321' title='bbox 601 4719 761 4799; x_wconf 76' lang='lat' dir='ltr'><strong>semote</strong></span> <span class='ocrx_word' id='word_1_322' title='bbox 775 4715 820 4798; x_wconf 84' lang='lat' dir='ltr'><strong>in</strong></span> <span class='ocrx_word' id='word_1_323' title='bbox 839 4707 1024 4798; x_wconf 68' lang='lat' dir='ltr'><strong>oscinibus</strong></span> <span class='ocrx_word' id='word_1_324' title='bbox 1031 4709 1245 4817; x_wconf 77' lang='lat' dir='ltr'><strong>parcitate,</strong></span> <span class='ocrx_word' id='word_1_325' title='bbox 1266 4707 1292 4796; x_wconf 86' lang='lat' dir='ltr'><strong>i.</strong></span> <span class='ocrx_word' id='word_1_326' title='bbox 1308 4737 1343 4794; x_wconf 89' lang='lat' dir='ltr'><strong>e.</strong></span> <span class='ocrx_word' id='word_1_327' title='bbox 1361 4713 1446 4790; x_wconf 86' lang='lat' dir='ltr'><strong>tum</strong></span> <span class='ocrx_word' id='word_1_328' title='bbox 1465 4705 1507 4790; x_wconf 92' lang='lat' dir='ltr'><strong>in</strong></span> <span class='ocrx_word' id='word_1_329' title='bbox 1529 4705 1665 4814; x_wconf 85' lang='lat' dir='ltr'><strong>pueris</strong></span> <span class='ocrx_word' id='word_1_330' title='bbox 1768 4701 1772 4708; x_wconf 78' lang='grc'><strong>’</strong></span> <span class='ocrx_word' id='word_1_331' title='bbox 1851 4697 1856 4706; x_wconf 79' lang='grc'><strong>’</strong></span> 
     </span>
    </p>
   </div>
   <div class='ocr_carea' id='block_1_19' title="bbox 131 4837 1743 5249">
    <p class='ocr_par' dir='ltr' id='par_1_19' title="bbox 131 4837 1743 5249">
     <span class='ocr_line' id='line_1_36' title="bbox 131 4837 1729 4967; baseline -0.006 -38"><span class='ocrx_word' id='word_1_332' title='bbox 131 4941 134 4948; x_wconf 15' lang='grc' dir='ltr'><strong>Δ</strong></span> <span class='ocrx_word' id='word_1_333' title='bbox 253 4837 1663 4966; x_wconf 80' lang='lat' dir='ltr'><strong>quametiumiumnjoribusdebetserrnripurcitns,i.e.temperentia.</strong></span> <span class='ocrx_word' id='word_1_334' title='bbox 1725 4959 1729 4967; x_wconf 26' lang='grc' dir='ltr'><strong><em>Ι</em></strong></span> 
     </span>
     <span class='ocr_line' id='line_1_37' title="bbox 364 4965 1743 5100; baseline -0.008 -36"><span class='ocrx_word' id='word_1_335' title='bbox 364 4977 579 5089; x_wconf 81' lang='lat' dir='ltr'><strong>Sequitur:</strong></span> <span class='ocrx_word' id='word_1_336' title='bbox 623 4977 818 5066; x_wconf 65' lang='lat' dir='ltr'><strong>menium</strong></span> <span class='ocrx_word' id='word_1_337' title='bbox 851 5002 943 5092; x_wconf 81' lang='lat' dir='ltr'><strong>vero</strong></span> <span class='ocrx_word' id='word_1_338' title='bbox 979 4965 1285 5086; x_wconf 74' lang='lat' dir='ltr'><strong>quadrupedum</strong></span> <span class='ocrx_word' id='word_1_339' title='bbox 1321 4970 1431 5100; x_wconf 74' lang='lat' dir='ltr'><strong>centri</strong></span> <span class='ocrx_word' id='word_1_340' title='bbox 1467 4967 1585 5057; x_wconf 87' lang='lat' dir='ltr'><strong>modo</strong></span> <span class='ocrx_word' id='word_1_341' title='bbox 1613 4969 1664 5054; x_wconf 81' lang='lat' dir='ltr'><strong>ab</strong></span> <span class='ocrx_word' id='word_1_342' title='bbox 1739 5013 1743 5094; x_wconf 13' lang='grc' dir='ltr'>ζ</span> 
     </span>
     <span class='ocr_line' id='line_1_38' title="bbox 252 5099 1731 5249; baseline -0.003 -53"><span class='ocrx_word' id='word_1_343' title='bbox 252 5111 436 5249; x_wconf 70' lang='lat' dir='ltr'><strong>oneribus</strong></span> <span class='ocrx_word' id='word_1_344' title='bbox 450 5112 701 5199; x_wconf 81' lang='lat' dir='ltr'><strong>abstineatur</strong></span> <span class='ocrx_word' id='word_1_345' title='bbox 715 5111 899 5232; x_wconf 82' lang='lat' dir='ltr'><strong>comestio</strong></span> <span class='ocrx_word' id='word_1_346' title='bbox 903 5113 1073 5217; x_wconf 80' lang='lat' dir='ltr'><strong>praeter</strong></span> <span class='ocrx_word' id='word_1_347' title='bbox 1083 5107 1244 5194; x_wconf 71' lang='lat' dir='ltr'><strong>mereim</strong></span> <span class='ocrx_word' id='word_1_348' title='bbox 1258 5099 1408 5192; x_wconf 81' lang='lat' dir='ltr'><strong>debiles</strong></span> <span class='ocrx_word' id='word_1_349' title='bbox 1419 5107 1456 5191; x_wconf 90' lang='lat' dir='ltr'><strong>et</strong></span> <span class='ocrx_word' id='word_1_350' title='bbox 1470 5108 1662 5218; x_wconf 76' lang='lat' dir='ltr'><strong>aeprotos.</strong></span> <span class='ocrx_word' id='word_1_351' title='bbox 1729 5227 1731 5232; x_wconf 7' lang='grc' dir='ltr'>λ</span> 
     </span>
    </p>
   </div>
   <div class='ocr_carea' id='block_1_20' title="bbox 0 0 1988 5774">
    <p class='ocr_par' dir='ltr' id='par_1_20' title="bbox 0 0 1988 5774">
     <span class='ocr_line' id='line_1_39' title="bbox 0 0 1988 5774; baseline 0 3"><span class='ocrx_word' id='word_1_352' title='bbox 0 0 1988 5774; x_wconf 95' lang='lat' dir='ltr'><strong> </strong></span> 
     </span>
    </p>
   </div>
  </div>
 </body>
</html>
