<?xml version="1.0" encoding="UTF-8"?>
<!DOCTYPE html PUBLIC "-//W3C//DTD XHTML 1.0 Transitional//EN"
    "http://www.w3.org/TR/xhtml1/DTD/xhtml1-transitional.dtd">
<html xmlns="http://www.w3.org/1999/xhtml" xml:lang="en" lang="en">
 <head>
  <title>
</title>
<meta http-equiv="Content-Type" content="text/html;charset=utf-8" />
  <meta name='ocr-system' content='tesseract 3.04.00' />
  <meta name='ocr-capabilities' content='ocr_page ocr_carea ocr_par ocr_line ocrx_word'/>
</head>
<body>
  <div class='ocr_page' id='page_1' title='image "./vitaetregulassp01benegoog_0033.png"; bbox 0 0 3934 5762; ppageno 0'>
   <div class='ocr_carea' id='block_1_1' title="bbox 66 389 1869 5332">
    <p class='ocr_par' dir='ltr' id='par_1_1' title="bbox 256 389 1062 502">
     <span class='ocr_line' id='line_1_1' title="bbox 256 389 1062 502; baseline 0.004 -16"><span class='ocrx_word' id='word_1_1' title='bbox 256 401 283 486; x_wconf 78' lang='lat' dir='ltr'>e</span> <span class='ocrx_word' id='word_1_2' title='bbox 758 389 777 479; x_wconf 90' lang='grc'>.·</span> <span class='ocrx_word' id='word_1_3' title='bbox 863 393 1062 502; x_wconf 64' lang='lat' dir='ltr'>‚rmum</span> 
     </span>
    </p>

    <p class='ocr_par' dir='ltr' id='par_1_2' title="bbox 181 607 1863 996">
     <span class='ocr_line' id='line_1_2' title="bbox 181 607 1850 740; baseline 0.004 -41"><span class='ocrx_word' id='word_1_4' title='bbox 181 611 184 618; x_wconf 75' lang='grc'>’</span> <span class='ocrx_word' id='word_1_5' title='bbox 251 616 419 702; x_wconf 90' lang='lat' dir='ltr'>tortium</span> <span class='ocrx_word' id='word_1_6' title='bbox 447 644 547 703; x_wconf 83' lang='lat' dir='ltr'>vero</span> <span class='ocrx_word' id='word_1_7' title='bbox 568 616 738 704; x_wconf 79' lang='lat' dir='ltr'>cantica</span> <span class='ocrx_word' id='word_1_8' title='bbox 764 607 1034 712; x_wconf 70' lang='lat' dir='ltr'>aeneorum</span> <span class='ocrx_word' id='word_1_9' title='bbox 1069 616 1232 705; x_wconf 85' lang='lat' dir='ltr'>Primus</span> <span class='ocrx_word' id='word_1_10' title='bbox 1254 616 1422 729; x_wconf 86' lang='lat' dir='ltr'>quidem</span> <span class='ocrx_word' id='word_1_11' title='bbox 1443 617 1550 706; x_wconf 80' lang='lat' dir='ltr'>luber</span> <span class='ocrx_word' id='word_1_12' title='bbox 1565 645 1668 740; x_wconf 85' lang='lat' dir='ltr'>con·</span> <span class='ocrx_word' id='word_1_13' title='bbox 1847 720 1850 729; x_wconf 14' lang='lat' dir='ltr'>A</span> 
     </span>
     <span class='ocr_line' id='line_1_3' title="bbox 251 735 1863 864; baseline 0.004 -35"><span class='ocrx_word' id='word_1_14' title='bbox 251 748 365 832; x_wconf 79' lang='lat' dir='ltr'>veuit</span> <span class='ocrx_word' id='word_1_15' title='bbox 391 749 586 860; x_wconf 83' lang='lat' dir='ltr'>parvulis,</span> <span class='ocrx_word' id='word_1_16' title='bbox 613 751 657 835; x_wconf 94' lang='lat' dir='ltr'>in</span> <span class='ocrx_word' id='word_1_17' title='bbox 685 752 770 862; x_wconf 70' lang='lat' dir='ltr'>buo</span> <span class='ocrx_word' id='word_1_18' title='bbox 796 739 920 860; x_wconf 74' lang='lat' dir='ltr'>a&#39;cepe</span> <span class='ocrx_word' id='word_1_19' title='bbox 948 735 1140 859; x_wconf 62' lang='lat' dir='ltr'>nmruloc</span> <span class='ocrx_word' id='word_1_20' title='bbox 1167 748 1285 861; x_wconf 81' lang='lat' dir='ltr'>quusi</span> <span class='ocrx_word' id='word_1_21' title='bbox 1314 749 1422 836; x_wconf 84' lang='lat' dir='ltr'>lilios</span> <span class='ocrx_word' id='word_1_22' title='bbox 1442 749 1667 864; x_wconf 73' lang='lat' dir='ltr'>alloquitur</span> <span class='ocrx_word' id='word_1_23' title='bbox 1750 771 1756 788; x_wconf 64' lang='lat'>⁵</span> <span class='ocrx_word' id='word_1_24' title='bbox 1856 749 1863 761; x_wconf 82' lang='grc'><strong>’</strong></span> 
     </span>
     <span class='ocr_line' id='line_1_4' title="bbox 249 877 1666 996; baseline 0.006 -34"><span class='ocrx_word' id='word_1_25' title='bbox 249 877 411 968; x_wconf 86' lang='lat' dir='ltr'>dicens:</span> <span class='ocrx_word' id='word_1_26' title='bbox 439 881 553 970; x_wconf 69' lang='lat' dir='ltr'>Aradi</span> <span class='ocrx_word' id='word_1_27' title='bbox 573 880 640 988; x_wconf 78' lang='lat' dir='ltr'>tili</span> <span class='ocrx_word' id='word_1_28' title='bbox 665 883 736 988; x_wconf 88' lang='lat' dir='ltr'>mi,</span> <span class='ocrx_word' id='word_1_29' title='bbox 751 891 754 898; x_wconf 84' lang='lat'>&#39;</span> <span class='ocrx_word' id='word_1_30' title='bbox 772 885 816 968; x_wconf 87' lang='lat' dir='ltr'>et</span> <span class='ocrx_word' id='word_1_31' title='bbox 842 888 1027 981; x_wconf 65' lang='lat' dir='ltr'>caeterea</span> <span class='ocrx_word' id='word_1_32' title='bbox 1065 881 1176 969; x_wconf 84' lang='lat' dir='ltr'>unde</span> <span class='ocrx_word' id='word_1_33' title='bbox 1210 882 1374 996; x_wconf 84' lang='lat' dir='ltr'>inipso</span> <span class='ocrx_word' id='word_1_34' title='bbox 1404 883 1513 970; x_wconf 85' lang='lat' dir='ltr'>libro</span> <span class='ocrx_word' id='word_1_35' title='bbox 1545 911 1666 994; x_wconf 78' lang='lat' dir='ltr'>coepe</span> 
     </span>
    </p>

    <p class='ocr_par' dir='ltr' id='par_1_3' title="bbox 104 1011 1854 1510">
     <span class='ocr_line' id='line_1_5' title="bbox 104 1011 1851 1116; baseline 0.005 -24"><span class='ocrx_word' id='word_1_36' title='bbox 104 1027 108 1035; x_wconf 87' lang='grc'><strong>’</strong></span> <span class='ocrx_word' id='word_1_37' title='bbox 237 1011 407 1097; x_wconf 67' lang='lat' dir='ltr'>vmentio</span> <span class='ocrx_word' id='word_1_38' title='bbox 445 1012 645 1098; x_wconf 85' lang='lat' dir='ltr'>malumm</span> <span class='ocrx_word' id='word_1_39' title='bbox 681 1041 818 1100; x_wconf 90' lang='lat' dir='ltr'>rerum</span> <span class='ocrx_word' id='word_1_40' title='bbox 846 1015 908 1116; x_wconf 88' lang='lat' dir='ltr'>fit,</span> <span class='ocrx_word' id='word_1_41' title='bbox 942 1013 986 1098; x_wconf 92' lang='lat' dir='ltr'>id</span> <span class='ocrx_word' id='word_1_42' title='bbox 1022 1019 1085 1100; x_wconf 82' lang='lat' dir='ltr'>est</span> <span class='ocrx_word' id='word_1_43' title='bbox 1121 1015 1382 1100; x_wconf 76' lang='lat' dir='ltr'><strong>meretricum</strong></span> <span class='ocrx_word' id='word_1_44' title='bbox 1417 1021 1461 1100; x_wconf 86' lang='lat' dir='ltr'>ot</span> <span class='ocrx_word' id='word_1_45' title='bbox 1486 1015 1668 1102; x_wconf 85' lang='lat' dir='ltr'>baereti-</span> <span class='ocrx_word' id='word_1_46' title='bbox 1709 1049 1712 1055; x_wconf 92' lang='lat'>·</span> <span class='ocrx_word' id='word_1_47' title='bbox 1751 1031 1757 1046; x_wconf 87' lang='lat'>&#39;</span> <span class='ocrx_word' id='word_1_48' title='bbox 1846 1094 1851 1101; x_wconf 84' lang='lat'><em>.</em></span> 
     </span>
     <span class='ocr_line' id='line_1_6' title="bbox 249 1142 1854 1257; baseline 0.004 -31"><span class='ocrx_word' id='word_1_49' title='bbox 249 1168 405 1233; x_wconf 82' lang='lat' dir='ltr'>eorum·</span> <span class='ocrx_word' id='word_1_50' title='bbox 459 1143 671 1230; x_wconf 78' lang='lat' dir='ltr'><strong>Secundus</strong></span> <span class='ocrx_word' id='word_1_51' title='bbox 698 1149 837 1228; x_wconf 71' lang='lat' dir='ltr'>aretem</span> <span class='ocrx_word' id='word_1_52' title='bbox 875 1143 981 1230; x_wconf 91' lang='lat' dir='ltr'>liber</span> <span class='ocrx_word' id='word_1_53' title='bbox 1007 1147 1203 1230; x_wconf 82' lang='lat' dir='ltr'>convenit</span> <span class='ocrx_word' id='word_1_54' title='bbox 1230 1145 1469 1255; x_wconf 82' lang='lat' dir='ltr'>majoribus,</span> <span class='ocrx_word' id='word_1_55' title='bbox 1508 1143 1666 1257; x_wconf 86' lang='lat' dir='ltr'>inquo</span> <span class='ocrx_word' id='word_1_56' title='bbox 1850 1142 1854 1149; x_wconf 80' lang='grc'><strong>’</strong></span> 
     </span>
     <span class='ocr_line' id='line_1_7' title="bbox 248 1271 1688 1400; baseline 0.006 -48"><span class='ocrx_word' id='word_1_57' title='bbox 248 1271 355 1357; x_wconf 87' lang='lat' dir='ltr'>libro</span> <span class='ocrx_word' id='word_1_58' title='bbox 383 1273 557 1383; x_wconf 87' lang='lat' dir='ltr'>majores</span> <span class='ocrx_word' id='word_1_59' title='bbox 585 1272 873 1376; x_wconf 87' lang='lat' dir='ltr'>admonentur,</span> <span class='ocrx_word' id='word_1_60' title='bbox 903 1271 1107 1356; x_wconf 79' lang='lat' dir='ltr'>vanitates</span> <span class='ocrx_word' id='word_1_61' title='bbox 1136 1273 1280 1358; x_wconf 89' lang='lat' dir='ltr'>mundi</span> <span class='ocrx_word' id='word_1_62' title='bbox 1309 1274 1529 1384; x_wconf 84' lang='lat' dir='ltr'>despicere,</span> <span class='ocrx_word' id='word_1_63' title='bbox 1556 1275 1688 1400; x_wconf 39' lang='lat' dir='ltr'>unde!</span> 
     </span>
     <span class='ocr_line' id='line_1_8' title="bbox 247 1390 1664 1510; baseline 0.006 -28"><span class='ocrx_word' id='word_1_64' title='bbox 247 1401 335 1510; x_wconf 83' lang='lat' dir='ltr'>ipso</span> <span class='ocrx_word' id='word_1_65' title='bbox 363 1396 468 1488; x_wconf 85' lang='lat' dir='ltr'>liber</span> <span class='ocrx_word' id='word_1_66' title='bbox 495 1433 520 1486; x_wconf 90' lang='lat' dir='ltr'>u</span> <span class='ocrx_word' id='word_1_67' title='bbox 551 1403 733 1487; x_wconf 84' lang='lat' dir='ltr'>vurritete</span> <span class='ocrx_word' id='word_1_68' title='bbox 761 1390 993 1485; x_wconf 81' lang='lat' dir='ltr'>inchoatur¹</span> <span class='ocrx_word' id='word_1_69' title='bbox 1007 1401 1171 1489; x_wconf 79' lang='lat' dir='ltr'>diceus:</span> <span class='ocrx_word' id='word_1_70' title='bbox 1238 1401 1412 1488; x_wconf 78' lang='lat' dir='ltr'>Vunitus</span> <span class='ocrx_word' id='word_1_71' title='bbox 1439 1403 1664 1490; x_wconf 70' lang='lat' dir='ltr'><strong><em>vanitatum</em></strong></span> 
     </span>
    </p>

    <p class='ocr_par' dir='ltr' id='par_1_4' title="bbox 121 1529 1665 1645">
     <span class='ocr_line' id='line_1_9' title="bbox 121 1529 1665 1645; baseline 0.002 -32"><span class='ocrx_word' id='word_1_72' title='bbox 121 1571 132 1588; x_wconf 93' lang='lat'>··</span> <span class='ocrx_word' id='word_1_73' title='bbox 182 1537 188 1550; x_wconf 87' lang='lat'>&#39;</span> <span class='ocrx_word' id='word_1_74' title='bbox 246 1537 283 1614; x_wconf 91' lang='lat' dir='ltr'>et</span> <span class='ocrx_word' id='word_1_75' title='bbox 309 1532 445 1618; x_wconf 78' lang='lat' dir='ltr'>orrrrrio</span> <span class='ocrx_word' id='word_1_76' title='bbox 473 1533 648 1620; x_wconf 85' lang='lat' dir='ltr'>conitus.</span> <span class='ocrx_word' id='word_1_77' title='bbox 704 1529 870 1616; x_wconf 81' lang='lat' dir='ltr'>Tertius</span> <span class='ocrx_word' id='word_1_78' title='bbox 907 1541 1048 1616; x_wconf 86' lang='lat' dir='ltr'>eutem</span> <span class='ocrx_word' id='word_1_79' title='bbox 1088 1531 1194 1616; x_wconf 86' lang='lat' dir='ltr'>liber</span> <span class='ocrx_word' id='word_1_80' title='bbox 1229 1533 1426 1643; x_wconf 88' lang='lat' dir='ltr'>congruit</span> <span class='ocrx_word' id='word_1_81' title='bbox 1452 1535 1665 1645; x_wconf 75' lang='lat' dir='ltr'>perfectis3</span> 
     </span>
    </p>

    <p class='ocr_par' dir='ltr' id='par_1_5' title="bbox 87 1660 1665 2034">
     <span class='ocr_line' id='line_1_10' title="bbox 151 1660 1664 1772; baseline 0.005 -28"><span class='ocrx_word' id='word_1_82' title='bbox 151 1753 156 1764; x_wconf 54' lang='grc'>,</span> <span class='ocrx_word' id='word_1_83' title='bbox 247 1689 342 1746; x_wconf 89' lang='lat' dir='ltr'>nmn</span> <span class='ocrx_word' id='word_1_84' title='bbox 372 1666 415 1746; x_wconf 90' lang='lat' dir='ltr'>iu</span> <span class='ocrx_word' id='word_1_85' title='bbox 444 1691 493 1748; x_wconf 88' lang='lat' dir='ltr'>eo</span> <span class='ocrx_word' id='word_1_86' title='bbox 521 1663 630 1748; x_wconf 93' lang='lat' dir='ltr'>libro</span> <span class='ocrx_word' id='word_1_87' title='bbox 659 1691 743 1748; x_wconf 92' lang='lat' dir='ltr'>nou</span> <span class='ocrx_word' id='word_1_88' title='bbox 772 1660 955 1762; x_wconf 83' lang='lat' dir='ltr'>adversa,</span> <span class='ocrx_word' id='word_1_89' title='bbox 983 1660 1055 1745; x_wconf 87' lang='lat' dir='ltr'>sed</span> <span class='ocrx_word' id='word_1_90' title='bbox 1082 1661 1194 1746; x_wconf 87' lang='lat' dir='ltr'>laetu</span> <span class='ocrx_word' id='word_1_91' title='bbox 1220 1663 1496 1772; x_wconf 84' lang='lat' dir='ltr'>reperiuntur.</span> <span class='ocrx_word' id='word_1_92' title='bbox 1540 1664 1664 1752; x_wconf 82' lang='lat' dir='ltr'>letius</span> 
     </span>
     <span class='ocr_line' id='line_1_11' title="bbox 87 1790 1664 1916; baseline 0.003 -38"><span class='ocrx_word' id='word_1_93' title='bbox 87 1790 91 1802; x_wconf 84' lang='lat'>&#39;</span> <span class='ocrx_word' id='word_1_94' title='bbox 178 1838 182 1846; x_wconf 92' lang='lat'>·</span> <span class='ocrx_word' id='word_1_95' title='bbox 216 1795 354 1878; x_wconf 80' lang='lat' dir='ltr'>enim</span> <span class='ocrx_word' id='word_1_96' title='bbox 384 1795 617 1879; x_wconf 81' lang='lat' dir='ltr'>Salomonis</span> <span class='ocrx_word' id='word_1_97' title='bbox 645 1793 833 1916; x_wconf 82' lang='lat' dir='ltr'>ordinem</span> <span class='ocrx_word' id='word_1_98' title='bbox 860 1796 1002 1876; x_wconf 89' lang='lat' dir='ltr'>tenens</span> <span class='ocrx_word' id='word_1_99' title='bbox 1031 1791 1081 1882; x_wconf 92' lang='grc' dir='ltr'>Β.</span> <span class='ocrx_word' id='word_1_100' title='bbox 1104 1790 1353 1878; x_wconf 75' lang='lat' dir='ltr'>Benedictus</span> <span class='ocrx_word' id='word_1_101' title='bbox 1380 1821 1465 1878; x_wconf 92' lang='lat' dir='ltr'>nou</span> <span class='ocrx_word' id='word_1_102' title='bbox 1493 1797 1664 1910; x_wconf 84' lang='lat' dir='ltr'>ignarus</span> 
     </span>
     <span class='ocr_line' id='line_1_12' title="bbox 246 1922 1665 2034; baseline 0.003 -26"><span class='ocrx_word' id='word_1_103' title='bbox 246 1925 544 2010; x_wconf 86' lang='lat' dir='ltr'>ecclesiastieae</span> <span class='ocrx_word' id='word_1_104' title='bbox 571 1922 814 2034; x_wconf 82' lang='lat' dir='ltr'>disciplinae</span> <span class='ocrx_word' id='word_1_105' title='bbox 841 1922 969 2007; x_wconf 83' lang='lat' dir='ltr'>dixit:</span> <span class='ocrx_word' id='word_1_106' title='bbox 1024 1923 1223 2007; x_wconf 77' lang='lat' dir='ltr'>Ausculto</span> <span class='ocrx_word' id='word_1_107' title='bbox 1251 1922 1377 2028; x_wconf 77' lang='lat' dir='ltr'>ofili,</span> <span class='ocrx_word' id='word_1_108' title='bbox 1405 1924 1449 2008; x_wconf 89' lang='lat' dir='ltr'>id</span> <span class='ocrx_word' id='word_1_109' title='bbox 1476 1935 1540 2010; x_wconf 87' lang='lat' dir='ltr'>est</span> <span class='ocrx_word' id='word_1_110' title='bbox 1558 1928 1665 2012; x_wconf 77' lang='lat' dir='ltr'>sieut</span> 
     </span>
    </p>

    <p class='ocr_par' dir='ltr' id='par_1_6' title="bbox 116 2053 1664 2166">
     <span class='ocr_line' id='line_1_13' title="bbox 116 2053 1664 2166; baseline 0.002 -26"><span class='ocrx_word' id='word_1_111' title='bbox 116 2121 120 2130; x_wconf 68' lang='grc'>,</span> <span class='ocrx_word' id='word_1_112' title='bbox 246 2055 443 2140; x_wconf 86' lang='lat' dir='ltr'>Salomon</span> <span class='ocrx_word' id='word_1_113' title='bbox 469 2059 512 2140; x_wconf 89' lang='lat' dir='ltr'>in</span> <span class='ocrx_word' id='word_1_114' title='bbox 543 2055 677 2166; x_wconf 88' lang='lat' dir='ltr'>primo</span> <span class='ocrx_word' id='word_1_115' title='bbox 705 2081 780 2137; x_wconf 91' lang='lat' dir='ltr'>suo</span> <span class='ocrx_word' id='word_1_116' title='bbox 801 2054 910 2138; x_wconf 92' lang='lat' dir='ltr'>libro</span> <span class='ocrx_word' id='word_1_117' title='bbox 937 2053 1132 2162; x_wconf 83' lang='lat' dir='ltr'>parrulos</span> <span class='ocrx_word' id='word_1_118' title='bbox 1158 2053 1276 2163; x_wconf 88' lang='lat' dir='ltr'>quusi</span> <span class='ocrx_word' id='word_1_119' title='bbox 1316 2055 1423 2140; x_wconf 90' lang='lat' dir='ltr'>tilios</span> <span class='ocrx_word' id='word_1_120' title='bbox 1460 2057 1664 2143; x_wconf 87' lang='lat' dir='ltr'>allocutos</span> 
     </span>
    </p>

    <p class='ocr_par' dir='ltr' id='par_1_7' title="bbox 66 2181 1684 2564">
     <span class='ocr_line' id='line_1_14' title="bbox 66 2181 1663 2294; baseline 0.001 -23"><span class='ocrx_word' id='word_1_121' title='bbox 66 2229 69 2234; x_wconf 28' lang='lat' dir='ltr'>v</span> <span class='ocrx_word' id='word_1_122' title='bbox 245 2197 320 2276; x_wconf 85' lang='lat' dir='ltr'>est.</span> <span class='ocrx_word' id='word_1_123' title='bbox 377 2187 551 2286; x_wconf 79' lang='lat' dir='ltr'>Quidam</span> <span class='ocrx_word' id='word_1_124' title='bbox 596 2186 689 2269; x_wconf 83' lang='lat' dir='ltr'>libri</span> <span class='ocrx_word' id='word_1_125' title='bbox 732 2184 890 2268; x_wconf 87' lang='lat' dir='ltr'>babent</span> <span class='ocrx_word' id='word_1_126' title='bbox 926 2181 1130 2288; x_wconf 80' lang='lat' dir='ltr'>oresenitu,</span> <span class='ocrx_word' id='word_1_127' title='bbox 1171 2190 1216 2269; x_wconf 88' lang='lat' dir='ltr'>et</span> <span class='ocrx_word' id='word_1_128' title='bbox 1254 2185 1422 2294; x_wconf 83' lang='lat' dir='ltr'>quidum</span> <span class='ocrx_word' id='word_1_129' title='bbox 1462 2187 1663 2290; x_wconf 76' lang='lat' dir='ltr'>otamlto3</span> 
     </span>
     <span class='ocr_line' id='line_1_15' title="bbox 160 2299 1662 2434; baseline 0.002 -29"><span class='ocrx_word' id='word_1_130' title='bbox 160 2299 1662 2434; x_wconf 33' lang='lat' dir='ltr'>&#39;mmmwmmwmmmfflffimmwd</span> 
     </span>
     <span class='ocr_line' id='line_1_16' title="bbox 247 2447 1684 2564; baseline 0.002 -26"><span class='ocrx_word' id='word_1_131' title='bbox 247 2451 478 2540; x_wconf 77' lang='lat' dir='ltr'>crreserrttore</span> <span class='ocrx_word' id='word_1_132' title='bbox 502 2458 566 2536; x_wconf 90' lang='lat' dir='ltr'>est</span> <span class='ocrx_word' id='word_1_133' title='bbox 586 2449 757 2533; x_wconf 76' lang='lat' dir='ltr'>uteribus</span> <span class='ocrx_word' id='word_1_134' title='bbox 785 2447 987 2554; x_wconf 79' lang='lat' dir='ltr'>scrrltorc3</span> <span class='ocrx_word' id='word_1_135' title='bbox 1014 2447 1190 2536; x_wconf 70' lang='lat' dir='ltr'>scaettae-c</span> <span class='ocrx_word' id='word_1_136' title='bbox 1219 2451 1388 2560; x_wconf 84' lang='lat' dir='ltr'>ponitur</span> <span class='ocrx_word' id='word_1_137' title='bbox 1411 2481 1488 2564; x_wconf 88' lang='lat' dir='ltr'>pro</span> <span class='ocrx_word' id='word_1_138' title='bbox 1506 2454 1684 2560; x_wconf 75' lang='lat' dir='ltr'>crudire,</span> 
     </span>
    </p>

    <p class='ocr_par' dir='ltr' id='par_1_8' title="bbox 80 2582 1674 3086">
     <span class='ocr_line' id='line_1_17' title="bbox 82 2582 1664 2694; baseline 0 -22"><span class='ocrx_word' id='word_1_139' title='bbox 82 2669 86 2680; x_wconf 82' lang='grc'>,</span> <span class='ocrx_word' id='word_1_140' title='bbox 246 2585 468 2672; x_wconf 75' lang='lat' dir='ltr'><em>obscultare</em></span> <span class='ocrx_word' id='word_1_141' title='bbox 495 2613 593 2670; x_wconf 83' lang='lat' dir='ltr'>vero</span> <span class='ocrx_word' id='word_1_142' title='bbox 621 2586 684 2668; x_wconf 83' lang='lat' dir='ltr'>est</span> <span class='ocrx_word' id='word_1_143' title='bbox 712 2584 971 2666; x_wconf 77' lang='lat' dir='ltr'>emrrrrruniter</span> <span class='ocrx_word' id='word_1_144' title='bbox 996 2582 1153 2684; x_wconf 85' lang='lat' dir='ltr'>andire,</span> <span class='ocrx_word' id='word_1_145' title='bbox 1191 2583 1288 2694; x_wconf 88' lang='lat' dir='ltr'>quia</span> <span class='ocrx_word' id='word_1_146' title='bbox 1315 2583 1365 2668; x_wconf 84' lang='lat' dir='ltr'>ot</span> <span class='ocrx_word' id='word_1_147' title='bbox 1391 2583 1436 2668; x_wconf 91' lang='lat' dir='ltr'>iu</span> <span class='ocrx_word' id='word_1_148' title='bbox 1464 2585 1664 2672; x_wconf 90' lang='lat' dir='ltr'>hocloco</span> 
     </span>
     <span class='ocr_line' id='line_1_18' title="bbox 80 2711 1663 2826; baseline 0 -24"><span class='ocrx_word' id='word_1_149' title='bbox 80 2751 84 2770; x_wconf 87' lang='lat'><strong>·</strong></span> <span class='ocrx_word' id='word_1_150' title='bbox 245 2747 320 2826; x_wconf 90' lang='lat' dir='ltr'>pro</span> <span class='ocrx_word' id='word_1_151' title='bbox 348 2713 471 2800; x_wconf 82' lang='lat' dir='ltr'>sinnd</span> <span class='ocrx_word' id='word_1_152' title='bbox 497 2715 679 2826; x_wconf 87' lang='lat' dir='ltr'>ponitur.</span> <span class='ocrx_word' id='word_1_153' title='bbox 724 2711 848 2799; x_wconf 88' lang='lat' dir='ltr'>Nunc</span> <span class='ocrx_word' id='word_1_154' title='bbox 877 2713 1098 2798; x_wconf 84' lang='lat' dir='ltr'>ridendum</span> <span class='ocrx_word' id='word_1_155' title='bbox 1126 2723 1202 2816; x_wconf 85' lang='lat' dir='ltr'>eut,</span> <span class='ocrx_word' id='word_1_156' title='bbox 1231 2743 1314 2823; x_wconf 84' lang='lat' dir='ltr'>quc</span> <span class='ocrx_word' id='word_1_157' title='bbox 1342 2715 1502 2800; x_wconf 80' lang='lat' dir='ltr'>ratione</span> <span class='ocrx_word' id='word_1_158' title='bbox 1528 2716 1663 2802; x_wconf 88' lang='lat' dir='ltr'>Bene·</span> 
     </span>
     <span class='ocr_line' id='line_1_19' title="bbox 244 2832 1674 2956; baseline -0.001 -22"><span class='ocrx_word' id='word_1_159' title='bbox 244 2851 379 2935; x_wconf 88' lang='lat' dir='ltr'>dictus</span> <span class='ocrx_word' id='word_1_160' title='bbox 419 2875 514 2932; x_wconf 89' lang='lat' dir='ltr'>cum</span> <span class='ocrx_word' id='word_1_161' title='bbox 552 2845 680 2931; x_wconf 85' lang='lat' dir='ltr'>dixit:</span> <span class='ocrx_word' id='word_1_162' title='bbox 721 2845 811 2950; x_wconf 80' lang='lat' dir='ltr'>fiii!</span> <span class='ocrx_word' id='word_1_163' title='bbox 842 2845 1055 2956; x_wconf 78' lang='lat' dir='ltr'>praemisit</span> <span class='ocrx_word' id='word_1_164' title='bbox 1093 2832 1141 2944; x_wconf 66' lang='lat' dir='ltr'>o,</span> <span class='ocrx_word' id='word_1_165' title='bbox 1179 2845 1404 2930; x_wconf 81' lang='lat' dir='ltr'>suffecisset</span> <span class='ocrx_word' id='word_1_166' title='bbox 1445 2846 1510 2930; x_wconf 94' lang='lat' dir='ltr'>illi</span> <span class='ocrx_word' id='word_1_167' title='bbox 1550 2841 1674 2934; x_wconf 89' lang='lat' dir='ltr'>enim</span> 
     </span>
     <span class='ocr_line' id='line_1_20' title="bbox 244 2975 1660 3086; baseline 0.001 -21"><span class='ocrx_word' id='word_1_168' title='bbox 244 2983 393 3067; x_wconf 83' lang='lat' dir='ltr'>dixisse</span> <span class='ocrx_word' id='word_1_169' title='bbox 418 2980 483 3086; x_wconf 78' lang='lat' dir='ltr'>fili</span> <span class='ocrx_word' id='word_1_170' title='bbox 511 2983 688 3079; x_wconf 89' lang='lat' dir='ltr'>tuntum,</span> <span class='ocrx_word' id='word_1_171' title='bbox 717 2977 816 3086; x_wconf 89' lang='lat' dir='ltr'>quia</span> <span class='ocrx_word' id='word_1_172' title='bbox 837 2977 882 3060; x_wconf 91' lang='lat' dir='ltr'>in</span> <span class='ocrx_word' id='word_1_173' title='bbox 904 2977 977 3060; x_wconf 93' lang='lat' dir='ltr'>illo</span> <span class='ocrx_word' id='word_1_174' title='bbox 996 2976 1177 3077; x_wconf 88' lang='lat' dir='ltr'>nornine,</span> <span class='ocrx_word' id='word_1_175' title='bbox 1195 2975 1306 3086; x_wconf 90' lang='lat' dir='ltr'>qnod</span> <span class='ocrx_word' id='word_1_176' title='bbox 1326 2981 1390 3060; x_wconf 90' lang='lat' dir='ltr'>est</span> <span class='ocrx_word' id='word_1_177' title='bbox 1402 2977 1479 3083; x_wconf 78' lang='lat' dir='ltr'>fili,</span> <span class='ocrx_word' id='word_1_178' title='bbox 1495 2983 1660 3066; x_wconf 79' lang='lat' dir='ltr'>vocatio</span> 
     </span>
    </p>

    <p class='ocr_par' dir='ltr' id='par_1_9' title="bbox 146 3091 1666 3223">
     <span class='ocr_line' id='line_1_21' title="bbox 146 3091 1666 3223; baseline -0.003 -24"><span class='ocrx_word' id='word_1_179' title='bbox 146 3091 149 3100; x_wconf 29' lang='lat'>³</span> <span class='ocrx_word' id='word_1_180' title='bbox 244 3115 503 3223; x_wconf 74' lang='lat' dir='ltr'>intelligitur.</span> <span class='ocrx_word' id='word_1_181' title='bbox 540 3108 621 3194; x_wconf 88' lang='lat' dir='ltr'>Sed</span> <span class='ocrx_word' id='word_1_182' title='bbox 650 3107 787 3218; x_wconf 87' lang='lat' dir='ltr'>[quia]</span> <span class='ocrx_word' id='word_1_183' title='bbox 810 3108 917 3192; x_wconf 88' lang='lat' dir='ltr'>sieut</span> <span class='ocrx_word' id='word_1_184' title='bbox 939 3107 1076 3192; x_wconf 92' lang='lat' dir='ltr'>solent</span> <span class='ocrx_word' id='word_1_185' title='bbox 1102 3107 1234 3192; x_wconf 89' lang='lat' dir='ltr'>multa</span> <span class='ocrx_word' id='word_1_186' title='bbox 1262 3108 1521 3220; x_wconf 84' lang='lat' dir='ltr'>nomiuupro</span> <span class='ocrx_word' id='word_1_187' title='bbox 1537 3139 1666 3220; x_wconf 83' lang='lat' dir='ltr'>exug-</span> 
     </span>
    </p>

    <p class='ocr_par' dir='ltr' id='par_1_10' title="bbox 119 3232 1806 3750">
     <span class='ocr_line' id='line_1_22' title="bbox 119 3232 1717 3357; baseline 0.001 -29"><span class='ocrx_word' id='word_1_188' title='bbox 119 3259 122 3266; x_wconf 83' lang='lat'>&#39;</span> <span class='ocrx_word' id='word_1_189' title='bbox 244 3237 488 3357; x_wconf 77' lang='lat' dir='ltr'>geratione,</span> <span class='ocrx_word' id='word_1_190' title='bbox 519 3241 563 3325; x_wconf 92' lang='lat' dir='ltr'>id</span> <span class='ocrx_word' id='word_1_191' title='bbox 591 3239 655 3324; x_wconf 87' lang='lat' dir='ltr'>est</span> <span class='ocrx_word' id='word_1_192' title='bbox 699 3239 1037 3349; x_wconf 80' lang='lat' dir='ltr'>augmentatione</span> <span class='ocrx_word' id='word_1_193' title='bbox 1075 3239 1313 3326; x_wconf 81' lang='lat' dir='ltr'>intellectus</span> <span class='ocrx_word' id='word_1_194' title='bbox 1350 3239 1414 3322; x_wconf 91' lang='lat' dir='ltr'>sui</span> <span class='ocrx_word' id='word_1_195' title='bbox 1456 3232 1717 3329; x_wconf 72' lang='lat' dir='ltr'>assumere·</span> 
     </span>
     <span class='ocr_line' id='line_1_23' title="bbox 244 3361 1666 3487; baseline -0.001 -27"><span class='ocrx_word' id='word_1_196' title='bbox 244 3377 442 3487; x_wconf 87' lang='lat' dir='ltr'>quasdam</span> <span class='ocrx_word' id='word_1_197' title='bbox 477 3361 731 3482; x_wconf 83' lang='lat' dir='ltr'>adjectiones</span> <span class='ocrx_word' id='word_1_198' title='bbox 771 3371 1023 3474; x_wconf 78' lang='lat' dir='ltr'>sillabarum,</span> <span class='ocrx_word' id='word_1_199' title='bbox 1059 3369 1175 3454; x_wconf 79' lang='lat' dir='ltr'>verbi</span> <span class='ocrx_word' id='word_1_200' title='bbox 1206 3370 1356 3480; x_wconf 87' lang='lat' dir='ltr'>gratia,</span> <span class='ocrx_word' id='word_1_201' title='bbox 1394 3371 1503 3456; x_wconf 84' lang='lat' dir='ltr'>sicut</span> <span class='ocrx_word' id='word_1_202' title='bbox 1539 3375 1666 3482; x_wconf 86' lang='lat' dir='ltr'>diues,</span> 
     </span>
     <span class='ocr_line' id='line_1_24' title="bbox 234 3491 1806 3612; baseline 0.003 -24"><span class='ocrx_word' id='word_1_203' title='bbox 234 3513 393 3612; x_wconf 76' lang='lat' dir='ltr'>poteris,</span> <span class='ocrx_word' id='word_1_204' title='bbox 421 3491 602 3589; x_wconf 76' lang='lat' dir='ltr'>excelsus</span> <span class='ocrx_word' id='word_1_205' title='bbox 630 3508 674 3588; x_wconf 91' lang='lat' dir='ltr'>et</span> <span class='ocrx_word' id='word_1_206' title='bbox 695 3507 859 3588; x_wconf 87' lang='lat' dir='ltr'>caetera</span> <span class='ocrx_word' id='word_1_207' title='bbox 894 3506 1111 3586; x_wconf 87' lang='lat' dir='ltr'>assumunt</span> <span class='ocrx_word' id='word_1_208' title='bbox 1140 3527 1250 3606; x_wconf 74' lang='lat' dir='ltr'>proc</span> <span class='ocrx_word' id='word_1_209' title='bbox 1276 3508 1320 3585; x_wconf 89' lang='lat' dir='ltr'>et</span> <span class='ocrx_word' id='word_1_210' title='bbox 1344 3529 1397 3587; x_wconf 78' lang='lat' dir='ltr'>ea</span> <span class='ocrx_word' id='word_1_211' title='bbox 1422 3502 1451 3592; x_wconf 86' lang='lat' dir='ltr'>i.</span> <span class='ocrx_word' id='word_1_212' title='bbox 1480 3531 1516 3594; x_wconf 89' lang='lat' dir='ltr'>e.</span> <span class='ocrx_word' id='word_1_213' title='bbox 1537 3531 1666 3612; x_wconf 61' lang='lat' dir='ltr'>prce</span> <span class='ocrx_word' id='word_1_214' title='bbox 1805 3589 1806 3592; x_wconf 10' lang='lat' dir='ltr'>a</span> 
     </span>
     <span class='ocr_line' id='line_1_25' title="bbox 243 3629 1695 3750; baseline -0.001 -28"><span class='ocrx_word' id='word_1_215' title='bbox 243 3639 356 3722; x_wconf 83' lang='lat' dir='ltr'>‹tiucs</span> <span class='ocrx_word' id='word_1_216' title='bbox 383 3641 426 3722; x_wconf 91' lang='lat' dir='ltr'>et</span> <span class='ocrx_word' id='word_1_217' title='bbox 447 3641 707 3743; x_wconf 70' lang='lat' dir='ltr'>praepotens,</span> <span class='ocrx_word' id='word_1_218' title='bbox 737 3635 815 3720; x_wconf 90' lang='lat' dir='ltr'>boc</span> <span class='ocrx_word' id='word_1_219' title='bbox 843 3639 907 3718; x_wconf 90' lang='lat' dir='ltr'>est</span> <span class='ocrx_word' id='word_1_220' title='bbox 931 3629 1051 3717; x_wconf 76' lang='lat' dir='ltr'>vanu</span> <span class='ocrx_word' id='word_1_221' title='bbox 1088 3633 1201 3716; x_wconf 84' lang='lat' dir='ltr'>diues</span> <span class='ocrx_word' id='word_1_222' title='bbox 1228 3638 1273 3717; x_wconf 88' lang='lat' dir='ltr'>et</span> <span class='ocrx_word' id='word_1_223' title='bbox 1298 3633 1418 3720; x_wconf 85' lang='lat' dir='ltr'>ualde</span> <span class='ocrx_word' id='word_1_224' title='bbox 1438 3644 1595 3742; x_wconf 67' lang='lat' dir='ltr'>amara,</span> <span class='ocrx_word' id='word_1_225' title='bbox 1620 3641 1666 3722; x_wconf 85' lang='lat' dir='ltr'>&#39;et</span> <span class='ocrx_word' id='word_1_226' title='bbox 1693 3743 1695 3750; x_wconf 17' lang='grc' dir='ltr'>Ι</span> 
     </span>
    </p>

    <p class='ocr_par' dir='ltr' id='par_1_11' title="bbox 204 3752 1666 4144">
     <span class='ocr_line' id='line_1_26' title="bbox 204 3752 1666 3876; baseline -0.003 -21"><span class='ocrx_word' id='word_1_227' title='bbox 204 3816 213 3836; x_wconf 74' lang='lat'>=</span> <span class='ocrx_word' id='word_1_228' title='bbox 242 3769 435 3876; x_wconf 73' lang='lat' dir='ltr'>erueturne,</span> <span class='ocrx_word' id='word_1_229' title='bbox 464 3771 507 3855; x_wconf 92' lang='lat' dir='ltr'>id</span> <span class='ocrx_word' id='word_1_230' title='bbox 536 3765 938 3876; x_wconf 63' lang='lat' dir='ltr'>submittendum:</span> <span class='ocrx_word' id='word_1_231' title='bbox 966 3752 1444 3854; x_wconf 61' lang='lat' dir='ltr'>inanescentem</span> <span class='ocrx_word' id='word_1_232' title='bbox 1472 3767 1553 3852; x_wconf 92' lang='lat' dir='ltr'>boc</span> <span class='ocrx_word' id='word_1_233' title='bbox 1571 3769 1666 3854; x_wconf 90' lang='lat' dir='ltr'>loco</span> 
     </span>
     <span class='ocr_line' id='line_1_27' title="bbox 244 3898 1665 4016; baseline -0.001 -28"><span class='ocrx_word' id='word_1_234' title='bbox 244 3909 291 3988; x_wconf 91' lang='lat' dir='ltr'>nt</span> <span class='ocrx_word' id='word_1_235' title='bbox 319 3913 592 4016; x_wconf 81' lang='lat' dir='ltr'>exaggeraret</span> <span class='ocrx_word' id='word_1_236' title='bbox 638 3899 895 3986; x_wconf 80' lang='lat' dir='ltr'>vocatiouem</span> <span class='ocrx_word' id='word_1_237' title='bbox 924 3927 1053 4007; x_wconf 83' lang='lat' dir='ltr'>suam,</span> <span class='ocrx_word' id='word_1_238' title='bbox 1090 3898 1308 4008; x_wconf 83' lang='lat' dir='ltr'>praemisit</span> <span class='ocrx_word' id='word_1_239' title='bbox 1334 3925 1371 4003; x_wconf 90' lang='lat' dir='ltr'>o,</span> <span class='ocrx_word' id='word_1_240' title='bbox 1407 3927 1500 3985; x_wconf 87' lang='lat' dir='ltr'>curn</span> <span class='ocrx_word' id='word_1_241' title='bbox 1529 3899 1665 3986; x_wconf 85' lang='lat' dir='ltr'>dixit:</span> 
     </span>
     <span class='ocr_line' id='line_1_28' title="bbox 240 4031 1664 4144; baseline -0.002 -22"><span class='ocrx_word' id='word_1_242' title='bbox 240 4037 331 4143; x_wconf 76' lang='lat' dir='ltr'>tili!</span> <span class='ocrx_word' id='word_1_243' title='bbox 371 4035 480 4122; x_wconf 87' lang='lat' dir='ltr'>Nam</span> <span class='ocrx_word' id='word_1_244' title='bbox 511 4035 625 4144; x_wconf 75' lang='lat' dir='ltr'>otili</span> <span class='ocrx_word' id='word_1_245' title='bbox 653 4033 736 4118; x_wconf 90' lang='lat' dir='ltr'>duo</span> <span class='ocrx_word' id='word_1_246' title='bbox 764 4037 862 4118; x_wconf 86' lang='lat' dir='ltr'>aunt</span> <span class='ocrx_word' id='word_1_247' title='bbox 888 4034 1094 4137; x_wconf 82' lang='lat' dir='ltr'>vocativa,</span> <span class='ocrx_word' id='word_1_248' title='bbox 1120 4063 1169 4118; x_wconf 82' lang='lat' dir='ltr'>ao</span> <span class='ocrx_word' id='word_1_249' title='bbox 1196 4033 1232 4118; x_wconf 89' lang='lat' dir='ltr'>si</span> <span class='ocrx_word' id='word_1_250' title='bbox 1261 4031 1441 4120; x_wconf 84' lang='lat' dir='ltr'>diceret:</span> <span class='ocrx_word' id='word_1_251' title='bbox 1470 4033 1552 4118; x_wconf 84' lang='lat' dir='ltr'>filit</span> <span class='ocrx_word' id='word_1_252' title='bbox 1582 4032 1664 4119; x_wconf 86' lang='lat' dir='ltr'>filit</span> 
     </span>
    </p>

    <p class='ocr_par' dir='ltr' id='par_1_12' title="bbox 205 4164 1774 5078">
     <span class='ocr_line' id='line_1_29' title="bbox 205 4164 1664 4277; baseline -0.003 -22"><span class='ocrx_word' id='word_1_253' title='bbox 205 4249 214 4274; x_wconf 66' lang='grc'><em>,</em></span> <span class='ocrx_word' id='word_1_254' title='bbox 243 4169 372 4255; x_wconf 76' lang='lat' dir='ltr'>Filius</span> <span class='ocrx_word' id='word_1_255' title='bbox 401 4172 511 4253; x_wconf 90' lang='lat' dir='ltr'>enim</span> <span class='ocrx_word' id='word_1_256' title='bbox 548 4170 690 4255; x_wconf 88' lang='lat' dir='ltr'>multis</span> <span class='ocrx_word' id='word_1_257' title='bbox 718 4168 850 4256; x_wconf 90' lang='lat' dir='ltr'>modis</span> <span class='ocrx_word' id='word_1_258' title='bbox 877 4167 1042 4270; x_wconf 88' lang='lat' dir='ltr'>dicitur,</span> <span class='ocrx_word' id='word_1_259' title='bbox 1071 4165 1113 4250; x_wconf 91' lang='lat' dir='ltr'>id</span> <span class='ocrx_word' id='word_1_260' title='bbox 1141 4169 1205 4252; x_wconf 87' lang='lat' dir='ltr'>est</span> <span class='ocrx_word' id='word_1_261' title='bbox 1233 4173 1397 4267; x_wconf 84' lang='lat' dir='ltr'>netum,</span> <span class='ocrx_word' id='word_1_262' title='bbox 1425 4164 1664 4277; x_wconf 85' lang='lat' dir='ltr'>adoptione,</span> 
     </span>
     <span class='ocr_line' id='line_1_30' title="bbox 242 4295 1665 4414; baseline -0.003 -28"><span class='ocrx_word' id='word_1_263' title='bbox 242 4303 485 4404; x_wconf 83' lang='lat' dir='ltr'>imitatione,</span> <span class='ocrx_word' id='word_1_264' title='bbox 514 4303 702 4388; x_wconf 87' lang='lat' dir='ltr'>doctriua</span> <span class='ocrx_word' id='word_1_265' title='bbox 739 4307 784 4386; x_wconf 86' lang='lat' dir='ltr'>et</span> <span class='ocrx_word' id='word_1_266' title='bbox 810 4306 950 4414; x_wconf 85' lang='lat' dir='ltr'>geute.</span> <span class='ocrx_word' id='word_1_267' title='bbox 1006 4295 1168 4385; x_wconf 86' lang='lat' dir='ltr'>Natura</span> <span class='ocrx_word' id='word_1_268' title='bbox 1207 4298 1319 4384; x_wconf 90' lang='lat' dir='ltr'>enim</span> <span class='ocrx_word' id='word_1_269' title='bbox 1358 4303 1403 4384; x_wconf 87' lang='lat' dir='ltr'>et</span> <span class='ocrx_word' id='word_1_270' title='bbox 1440 4297 1665 4410; x_wconf 83' lang='lat' dir='ltr'>adoptione</span> 
     </span>
     <span class='ocr_line' id='line_1_31' title="bbox 242 4427 1665 4540; baseline -0.004 -24"><span class='ocrx_word' id='word_1_271' title='bbox 242 4434 435 4518; x_wconf 82' lang='lat' dir='ltr'>erunibus</span> <span class='ocrx_word' id='word_1_272' title='bbox 463 4438 609 4518; x_wconf 91' lang='lat' dir='ltr'>notum</span> <span class='ocrx_word' id='word_1_273' title='bbox 639 4439 726 4535; x_wconf 84' lang='lat' dir='ltr'>est;</span> <span class='ocrx_word' id='word_1_274' title='bbox 758 4430 991 4519; x_wconf 82' lang='lat' dir='ltr'>imitatione</span> <span class='ocrx_word' id='word_1_275' title='bbox 1018 4433 1171 4532; x_wconf 86' lang='lat' dir='ltr'>autem,</span> <span class='ocrx_word' id='word_1_276' title='bbox 1199 4429 1299 4540; x_wconf 90' lang='lat' dir='ltr'>quio</span> <span class='ocrx_word' id='word_1_277' title='bbox 1326 4430 1437 4514; x_wconf 84' lang='lat' dir='ltr'>illius</span> <span class='ocrx_word' id='word_1_278' title='bbox 1464 4435 1527 4516; x_wconf 86' lang='lat' dir='ltr'>eet</span> <span class='ocrx_word' id='word_1_279' title='bbox 1555 4427 1665 4513; x_wconf 87' lang='lat' dir='ltr'>tilius</span> 
     </span>
     <span class='ocr_line' id='line_1_32' title="bbox 243 4559 1665 4678; baseline -0.006 -28"><span class='ocrx_word' id='word_1_280' title='bbox 243 4567 348 4678; x_wconf 85' lang='lat' dir='ltr'>quis,</span> <span class='ocrx_word' id='word_1_281' title='bbox 385 4567 501 4676; x_wconf 90' lang='lat' dir='ltr'>cujus</span> <span class='ocrx_word' id='word_1_282' title='bbox 553 4593 677 4674; x_wconf 86' lang='lat' dir='ltr'>opem</span> <span class='ocrx_word' id='word_1_283' title='bbox 725 4566 925 4668; x_wconf 90' lang='lat' dir='ltr'>imitatur,</span> <span class='ocrx_word' id='word_1_284' title='bbox 967 4564 1077 4649; x_wconf 86' lang='lat' dir='ltr'>uude</span> <span class='ocrx_word' id='word_1_285' title='bbox 1112 4562 1315 4649; x_wconf 91' lang='lat' dir='ltr'>Dominus</span> <span class='ocrx_word' id='word_1_286' title='bbox 1350 4561 1395 4646; x_wconf 94' lang='lat' dir='ltr'>iu</span> <span class='ocrx_word' id='word_1_287' title='bbox 1434 4559 1665 4670; x_wconf 84' lang='lat' dir='ltr'>Evangelio</span> 
     </span>
     <span class='ocr_line' id='line_1_33' title="bbox 243 4690 1685 4804; baseline -0.006 -21"><span class='ocrx_word' id='word_1_288' title='bbox 243 4701 350 4785; x_wconf 85' lang='lat' dir='ltr'>dixit</span> <span class='ocrx_word' id='word_1_289' title='bbox 377 4697 571 4784; x_wconf 87' lang='lat' dir='ltr'>Jndueis:</span> <span class='ocrx_word' id='word_1_290' title='bbox 626 4696 707 4782; x_wconf 82' lang='lat' dir='ltr'>Vos</span> <span class='ocrx_word' id='word_1_291' title='bbox 735 4724 785 4784; x_wconf 74' lang='lat' dir='ltr'>ecc</span> <span class='ocrx_word' id='word_1_292' title='bbox 810 4707 931 4804; x_wconf 76' lang='lat' dir='ltr'>parre</span> <span class='ocrx_word' id='word_1_293' title='bbox 958 4695 1119 4782; x_wconf 83' lang='lat' dir='ltr'>diabolo</span> <span class='ocrx_word' id='word_1_294' title='bbox 1146 4695 1258 4798; x_wconf 78' lang='lat' dir='ltr'>estis,</span> <span class='ocrx_word' id='word_1_295' title='bbox 1298 4693 1397 4800; x_wconf 76' lang='lat' dir='ltr'>meio</span> <span class='ocrx_word' id='word_1_296' title='bbox 1422 4690 1514 4800; x_wconf 80' lang='lat' dir='ltr'>ejus</span> <span class='ocrx_word' id='word_1_297' title='bbox 1540 4715 1685 4798; x_wconf 68' lang='lat' dir='ltr'>opertu</span> 
     </span>
     <span class='ocr_line' id='line_1_34' title="bbox 237 4820 1774 4938; baseline -0.008 -22"><span class='ocrx_word' id='word_1_298' title='bbox 237 4836 375 4938; x_wconf 80' lang='lat' dir='ltr'>locere</span> <span class='ocrx_word' id='word_1_299' title='bbox 402 4831 533 4917; x_wconf 74' lang='lat' dir='ltr'>ueritis.</span> <span class='ocrx_word' id='word_1_300' title='bbox 570 4831 791 4917; x_wconf 75' lang='lat' dir='ltr'>Doctrina</span> <span class='ocrx_word' id='word_1_301' title='bbox 819 4858 927 4934; x_wconf 80' lang='lat' dir='ltr'>vero,</span> <span class='ocrx_word' id='word_1_302' title='bbox 973 4832 1081 4916; x_wconf 88' lang='lat' dir='ltr'>sicut</span> <span class='ocrx_word' id='word_1_303' title='bbox 1117 4834 1216 4914; x_wconf 88' lang='lat' dir='ltr'>sunt</span> <span class='ocrx_word' id='word_1_304' title='bbox 1256 4827 1332 4912; x_wconf 85' lang='lat' dir='ltr'>filii</span> <span class='ocrx_word' id='word_1_305' title='bbox 1370 4823 1483 4912; x_wconf 91' lang='lat' dir='ltr'>docti</span> <span class='ocrx_word' id='word_1_306' title='bbox 1517 4852 1544 4909; x_wconf 87' lang='lat' dir='ltr'>u</span> <span class='ocrx_word' id='word_1_307' title='bbox 1578 4821 1663 4932; x_wconf 84' lang='lat' dir='ltr'>suis</span> <span class='ocrx_word' id='word_1_308' title='bbox 1768 4820 1774 4834; x_wconf 83' lang='grc'>’</span> 
     </span>
     <span class='ocr_line' id='line_1_35' title="bbox 243 4955 1666 5078; baseline -0.007 -30"><span class='ocrx_word' id='word_1_309' title='bbox 243 4965 470 5078; x_wconf 65' lang='lat' dir='ltr'>magistris,</span> <span class='ocrx_word' id='word_1_310' title='bbox 509 4970 635 5076; x_wconf 90' lang='lat' dir='ltr'>gente</span> <span class='ocrx_word' id='word_1_311' title='bbox 663 4970 815 5068; x_wconf 87' lang='lat' dir='ltr'>autem,</span> <span class='ocrx_word' id='word_1_312' title='bbox 843 4965 950 5049; x_wconf 88' lang='lat' dir='ltr'>sicut</span> <span class='ocrx_word' id='word_1_313' title='bbox 978 4963 1058 5048; x_wconf 90' lang='lat' dir='ltr'>iuit</span> <span class='ocrx_word' id='word_1_314' title='bbox 1085 4963 1156 5048; x_wconf 88' lang='lat' dir='ltr'>ille</span> <span class='ocrx_word' id='word_1_315' title='bbox 1184 4963 1310 5065; x_wconf 77' lang='lat' dir='ltr'>dives,</span> <span class='ocrx_word' id='word_1_316' title='bbox 1340 4955 1499 5072; x_wconf 83' lang='lat' dir='ltr'>positus</span> <span class='ocrx_word' id='word_1_317' title='bbox 1526 4956 1571 5043; x_wconf 90' lang='lat' dir='ltr'>iu</span> <span class='ocrx_word' id='word_1_318' title='bbox 1599 4957 1666 5039; x_wconf 93' lang='lat' dir='ltr'>in·</span> 
     </span>
    </p>

    <p class='ocr_par' dir='ltr' id='par_1_13' title="bbox 87 4982 1869 5332">
     <span class='ocr_line' id='line_1_36' title="bbox 87 4982 1869 5308; baseline -0.003 -129"><span class='ocrx_word' id='word_1_319' title='bbox 87 5119 90 5126; x_wconf 85' lang='grc'><strong>’</strong></span> <span class='ocrx_word' id='word_1_320' title='bbox 241 5099 374 5201; x_wconf 74' lang='lat' dir='ltr'>terno,</span> <span class='ocrx_word' id='word_1_321' title='bbox 395 5098 538 5181; x_wconf 85' lang='lat' dir='ltr'>videns</span> <span class='ocrx_word' id='word_1_322' title='bbox 574 5083 775 5181; x_wconf 79' lang='lat' dir='ltr'>Lanarum</span> <span class='ocrx_word' id='word_1_323' title='bbox 802 5098 846 5180; x_wconf 93' lang='lat' dir='ltr'>in</span> <span class='ocrx_word' id='word_1_324' title='bbox 875 5097 970 5181; x_wconf 86' lang='lat' dir='ltr'>sinu</span> <span class='ocrx_word' id='word_1_325' title='bbox 999 5094 1216 5192; x_wconf 81' lang='lat' dir='ltr'>Abrabue3</span> <span class='ocrx_word' id='word_1_326' title='bbox 1244 5092 1355 5177; x_wconf 89' lang='lat' dir='ltr'>nude</span> <span class='ocrx_word' id='word_1_327' title='bbox 1382 5091 1499 5176; x_wconf 92' lang='lat' dir='ltr'>illum</span> <span class='ocrx_word' id='word_1_328' title='bbox 1526 5089 1664 5176; x_wconf 78' lang='lat' dir='ltr'>Abru-</span> <span class='ocrx_word' id='word_1_329' title='bbox 1747 5127 1748 5130; x_wconf 37' lang='lat'>¹</span> <span class='ocrx_word' id='word_1_330' title='bbox 1853 4982 1869 5308; x_wconf 51' lang='grc' dir='ltr'>ι</span> 
     </span>
     <span class='ocr_line' id='line_1_37' title="bbox 243 5219 1706 5332; baseline -0.004 -22"><span class='ocrx_word' id='word_1_331' title='bbox 243 5227 337 5312; x_wconf 83' lang='lat' dir='ltr'>bam</span> <span class='ocrx_word' id='word_1_332' title='bbox 378 5229 511 5312; x_wconf 87' lang='lat' dir='ltr'>lilium</span> <span class='ocrx_word' id='word_1_333' title='bbox 549 5230 712 5313; x_wconf 82' lang='lat' dir='ltr'>vocarit</span> <span class='ocrx_word' id='word_1_334' title='bbox 747 5229 911 5315; x_wconf 87' lang='lat' dir='ltr'>dicens:</span> <span class='ocrx_word' id='word_1_335' title='bbox 955 5225 1045 5314; x_wconf 85' lang='lat' dir='ltr'>Fili</span> <span class='ocrx_word' id='word_1_336' title='bbox 1080 5223 1310 5328; x_wconf 73' lang='lat' dir='ltr'>recordare,</span> <span class='ocrx_word' id='word_1_337' title='bbox 1352 5223 1451 5332; x_wconf 78' lang='lat' dir='ltr'>quio</span> <span class='ocrx_word' id='word_1_338' title='bbox 1477 5219 1706 5327; x_wconf 76' lang='lat' dir='ltr'>recepisti·</span> 
     </span>
    </p>
   </div>
   <div class='ocr_carea' id='block_1_2' title="bbox 1853 4907 1881 4976">
    <p class='ocr_par' dir='ltr' id='par_1_14' title="bbox 1853 4907 1881 4976">
     <span class='ocr_line' id='line_1_38' title="bbox 1853 4907 1881 4976; baseline 0 -56"><span class='ocrx_word' id='word_1_339' title='bbox 1853 4907 1881 4976; x_wconf 43' lang='grc' dir='ltr'>ξ,</span> 
     </span>
    </p>
   </div>
   <div class='ocr_carea' id='block_1_3' title="bbox 0 0 1972 5762">
    <p class='ocr_par' dir='ltr' id='par_1_15' title="bbox 0 0 1972 5762">
     <span class='ocr_line' id='line_1_39' title="bbox 0 0 1972 5762; baseline 0 2"><span class='ocrx_word' id='word_1_340' title='bbox 0 0 1972 5762; x_wconf 95' lang='lat' dir='ltr'> </span> 
     </span>
    </p>
   </div>
   <div class='ocr_carea' id='block_1_4' title="bbox 103 5309 1880 5736">
    <p class='ocr_par' dir='ltr' id='par_1_16' title="bbox 103 5309 1880 5736">
     <span class='ocr_line' id='line_1_40' title="bbox 103 5309 1880 5736; baseline -0.005 -295"><span class='ocrx_word' id='word_1_341' title='bbox 103 5458 106 5466; x_wconf 87' lang='lat'><em>.</em></span> <span class='ocrx_word' id='word_1_342' title='bbox 241 5361 343 5443; x_wconf 88' lang='lat' dir='ltr'>bono</span> <span class='ocrx_word' id='word_1_343' title='bbox 381 5363 422 5442; x_wconf 89' lang='lat' dir='ltr'>in</span> <span class='ocrx_word' id='word_1_344' title='bbox 451 5362 534 5445; x_wconf 84' lang='lat' dir='ltr'>rito</span> <span class='ocrx_word' id='word_1_345' title='bbox 562 5369 645 5464; x_wconf 76' lang='lat' dir='ltr'>trrrr,</span> <span class='ocrx_word' id='word_1_346' title='bbox 683 5367 720 5442; x_wconf 86' lang='lat' dir='ltr'>et</span> <span class='ocrx_word' id='word_1_347' title='bbox 748 5362 939 5458; x_wconf 62' lang='lat' dir='ltr'>interiens</span> <span class='ocrx_word' id='word_1_348' title='bbox 972 5359 1164 5442; x_wconf 86' lang='lat' dir='ltr'>similiter</span> <span class='ocrx_word' id='word_1_349' title='bbox 1190 5355 1313 5446; x_wconf 77' lang='lat' dir='ltr'>treola.</span> <span class='ocrx_word' id='word_1_350' title='bbox 1375 5353 1430 5438; x_wconf 86' lang='lat' dir='ltr'>Et</span> <span class='ocrx_word' id='word_1_351' title='bbox 1469 5351 1661 5438; x_wconf 84' lang='lat' dir='ltr'>sirniliter</span> <span class='ocrx_word' id='word_1_352' title='bbox 1856 5309 1880 5736; x_wconf 44' lang='grc' dir='ltr'>ἱ</span> 
     </span>
    </p>
   </div>
  </div>
 </body>
</html>
