3960 5774
76 104 281 264 ⁷⁴84
729 115 1075 262 cremium.-
1174 85 1256 232 s?

197 419 322 502 quum
356 329 500 500 junior
536 389 724 477 videatur
761 417 870 496 esse,
896 393 1036 475 tomen
1075 327 1212 474 senior
1242 391 1307 472 ert
1340 385 1384 472 in
1412 386 1485 472 illc
1510 385 1614 473 bore
1745 450 1751 462 .

196 523 285 630 illo,
315 551 365 642 ep
393 519 505 634 qnod
532 520 678 607 melios
706 520 808 608 iecit
837 519 907 606 ille
935 547 1059 630 quom
1087 547 1185 606 cous
1212 519 1351 634 senior
1377 517 1514 608 faciut.
1561 515 1615 604 Et
1686 569 1690 577 -

17 697 21 704 ·
196 655 277 742 boc
305 658 429 742 etium
459 652 686 740 notandum
714 661 799 757 est,
828 655 925 766 quic
951 654 1012 739 ite
1037 651 1117 738 iste
1139 649 1283 762 junior
1309 653 1465 736 'secrete
1491 649 1613 734 debet

197 787 404 904 corrigere
440 813 560 872 suum
592 784 769 897 priorem
798 785 957 872 duabus
996 784 1061 870 rel
1090 783 1224 869 tribus
1252 782 1434 886 vicibus,
1459 789 1631 874 secrete.

43 931 46 938 ’
158 921 270 1025 asie,
297 927 346 1006 ut
373 920 532 1006 docuno'
559 923 603 1002 ct
630 917 787 1020 cbbuti,
815 918 851 1035 rii
880 943 982 1026 opus
1010 917 1148 1020 luerit,
1179 913 1309 1027 possit
1336 915 1542 1004 nuntiare.

308 1051 526 1162 Sequitur:
566 1048 781 1136 Dominico
808 1049 876 1134 die
902 1047 1059 1132 lectioni
1086 1056 1225 1134 noceret
1251 1047 1413 1149 coenes,
1440 1049 1615 1154 exremis
1727 1073 1731 1080 ·

196 1183 284 1284 dic,
311 1185 381 1290 qui
406 1182 538 1266 coriis
564 1184 714 1289 officiis
741 1173 1074 1288 eleprctoti'sssiin'tff
1101 1181 1181 1264 hoc
1217 1162 1494 1290 e'stJ'dn‘ibus,
1516 1179 1615 1262 obe·

111 1317 117 1328 '
198 1313 378 1397 dientiae
405 1296 646 1408 commissus
673 1319 781 1399 snut.
825 1311 883 1394 Et
908 1310 1120 1396 sciendum
1149 1316 1225 1412 est,
1254 1314 1352 1420 quio
1379 1311 1487 1396 sicut
1514 1310 1616 1394 dicit

129 1525 133 1534 .
198 1445 265 1528 dic
301 1443 509 1528 dominico
537 1444 712 1548 exceptis
747 1443 836 1542 dio,
870 1442 941 1547 qui
969 1425 1099 1524 coriis
1125 1445 1274 1547 olficiis
1302 1443 1481 1546 deputati
1509 1447 1615 1542 send,

31 1631 34 1640 .
198 1572 260 1656 itu
288 1573 602 1680 intelligendum
631 1579 694 1656 est·
722 1572 845 1654 etium
882 1570 925 1654 iu
955 1570 1148 1655 omnibus
1175 1572 1341 1673 diebus,
1370 1600 1463 1655 curu
1502 1572 1614 1672 dicit,

199 1730 350 1788 rucurc-
370 1702 548 1804 lectioni,
576 1704 757 1811 exceptis
786 1701 864 1804 bis,
891 1702 963 1808 qni
987 1701 1108 1784 variis
1126 1701 1273 1786 officiis
1292 1702 1480 1810 deputati
1503 1707 1615 1798 sunt,

57 1927 59 1932 ,
199 1834 242 1923 lr.
271 1863 307 1952 e.
348 1835 418 1944 qui
448 1832 573 1916 tutem
603 1833 879 1918 obedientiam
910 1831 1068 1916 hubent
1095 1833 1372 1935 commissarii,
1400 1859 1506 1942 qnae
1544 1861 1616 1914 ex·

159 2059 164 2068 ,
198 1966 374 2076 spectari
415 1992 497 2048 uon
526 1970 686 2073 potest;
725 1969 825 2050 tunc
853 1965 979 2050 etiam
1007 1964 1142 2066 boris,
1170 1965 1320 2074 quibus
1360 1963 1430 2047 otii
1456 1971 1618 2047 ducunt

114 2161 122 2192 .
199 2097 389 2197 lectioni,
417 2095 487 2179 illc
514 2096 640 2179 debet
670 2092 784 2178 suurn
815 2096 1091 2181 obedientiam
1132 2123 1350 2207 peregere,
1379 2097 1475 2204 quic
1516 2097 1616 2177 obc-

11 2245 16 2256 ’
60 2237 75 2251 ’·
180 2227 357 2310 'dientio
384 2225 608 2310 fortissime
643 2231 769 2334 atque
797 2225 1008 2336 praeclaro
1034 2254 1151 2312 ormo
1178 2235 1262 2330 eet,
1290 2228 1398 2310 sicut
1430 2225 1617 2333 eruperiue

199 2356 318 2445 dixit.
373 2355 418 2442 Si
446 2361 583 2440 autem
613 2357 789 2441 scribere
817 2357 1038 2442 necessitas
1065 2386 1219 2469 magno
1247 2363 1334 2458 est,
1362 2358 1488 2440 etium
1515 2357 1617 2438 scri·

200 2488 296 2573 bere
326 2491 493 2597 potest,
513 2489 583 2573 sed
612 2487 750 2573 ridere
777 2486 921 2593 debet,
950 2516 1003 2572 ne
1030 2487 1140 2575 bunc
1169 2488 1354 2573 ordinem
1384 2494 1617 2596 temporum

168 2617 439 2704 'confundat
495 2619 713 2706 Acidioons
751 2618 861 2702 enim
902 2619 1054 2703 dicitur
1095 2619 1263 2704 otiosus.
1321 2619 1439 2718 Quod
1475 2625 1615 2702 uritern

199 2749 301 2834 dicit
337 2750 407 2866 qui
441 2755 557 2834 cocat
584 2751 663 2834 otio
690 2757 762 2833 unt
784 2747 960 2854 labidis,
999 2756 1137 2861 potest
1163 2751 1256 2861 quis
1283 2777 1427 2835 vocure
1456 2751 1545 2832 otio
1576 2755 1619 2832 et

40 2903 65 2982 f
151 2936 160 2954 ·
201 2909 285 2965 nou
314 2881 477 2985 fabulis,
505 2911 599 2968 cum
628 2885 687 2968 itu
714 2873 789 2984 es't,
818 2887 866 2966 ut
894 2882 954 2967 nit
980 2886 1094 2992 egat,
1125 2910 1199 2964 neo
1229 2881 1390 2966 sabulos
1418 2880 1616 2992 loquitur.
1687 2901 1721 2987 J

68 3049 70 3056 ·
154 3077 158 3084 .
204 3011 295 3096 Hoc
324 3040 422 3096 vero
450 3011 559 3120 quod
588 3014 691 3097 dicit
717 3040 796 3098 oron
824 3013 955 3098 solnm
982 3013 1062 3096 sili
1090 3010 1248 3095 inutilis
1274 3017 1355 3114 est,
1397 3011 1619 3096 sedetiam

27 3151 53 3206 .·
86 3251 91 3264 .
138 3138 171 3226 ’.
202 3141 308 3226 ulios
344 3141 514 3245 extollit,
544 3143 762 3228 videndum
794 3148 879 3248 est,
909 3145 1021 3254 quod
1060 3143 1115 3225 sit
1141 3143 1251 3226 istud
1280 3141 1445 3228 extollit.
1502 3139 1620 3225 Istud

97 3301 99 3308 ⁴
203 3273 312 3356 cuim
332 3271 485 3356 eutoltit
509 3273 778 3385 intelligitur:
801 3275 1030 3385 juctuntice
1045 3275 1302 3358 occasionem
1317 3273 1478 3373 tribuit,
1500 3273 1619 3382 quusi

105 3471 122 3518 .·
203 3403 377 3494 diceret:
416 3431 500 3486 non
530 3403 662 3488 solum
691 3432 735 3491 sc
762 3405 927 3514 dejicit,
955 3405 1026 3490 sed
1055 3409 1178 3490 etium
1206 3405 1297 3490 aliis
1325 3405 1475 3489 tribuit
1501 3433 1620 3488 occo·
1672 3419 1680 3434 '

34 3511 40 3522 ⁸
77 3634 83 3642 ¹
173 3525 177 3532 ’
203 3536 360 3619 sionem
383 3535 579 3644 jactandi.
638 3535 765 3620 Verbi
790 3538 930 3646 gratie
958 3541 1022 3622 cst
1048 3537 1143 3621 tulis
1171 3536 1312 3640 irater,
1341 3537 1414 3646 qui
1437 3538 1622 3622 intentus

204 3671 267 3750 est
295 3666 483 3766 lectiuni;
511 3665 659 3752 deinde
686 3668 793 3752 ulter
819 3673 895 3771 est,
924 3670 994 3779 qui
1024 3696 1108 3754 non
1137 3674 1200 3752 est
1228 3669 1414 3752 intentus
1438 3667 1625 3768 lectioni.

205 3798 301 3905 lste,
330 3798 402 3908 qui
431 3797 809 3908 iegit,ou1nulios
838 3801 970 3901 videt,
1002 3829 1087 3886 uon
1115 3828 1202 3884 esse
1231 3798 1411 3884 intentos
1439 3798 1620 3900 lectioni,

204 3931 389 4022 elevatur
418 3929 460 4013 in
490 3936 626 4013 urente
654 3930 816 4017 diceneo
855 3929 947 4042 Ego
975 3933 1094 4044 lego,
1123 3933 1203 4016 istc
1238 3937 1401 4034 untcnr,
1431 3931 1503 4040 qui
1537 3957 1622 4015 non
1709 3953 1714 3962 ·

121 4065 125 4074 ’
203 4061 320 4172 legit,
350 4062 464 4172 pejor
492 4068 567 4165 est,
596 4089 717 4172 quum
741 4091 833 4174 ego.
878 4063 941 4148 Dc
964 4063 1044 4150 boc
1067 4063 1205 4166 verbo,
1235 4063 1344 4172 qnod
1371 4069 1434 4148 cst
1455 4049 1638 4166 extollit,

206 4195 255 4304 B.
276 4193 535 4300 Augustinus
565 4194 687 4295 docet
715 4192 759 4276 iu
776 4193 842 4282 Ps.
863 4201 915 4284 72
928 4196 960 4310 ¹)
990 4197 1067 4281 boc
1096 4196 1220 4280 modo
1242 4195 1404 4280 diceus:
1432 4199 1470 4280 et
1496 4193 1624 4279 ubem-
1650 4204 1652 4212 ’

28 4335 31 4344 ’
77 4428 79 4435 .
204 4326 349 4409 doratio
371 4323 515 4428 poris,
552 4324 676 4410 donce
701 4323 866 4410 tollatur
892 4325 1003 4411 lrerro.
1058 4326 1106 4411 ld
1135 4325 1246 4436 quod
1275 4323 1431 4410 dictum
1459 4333 1523 4410 est
1549 4323 1623 4408 tol·

204 4455 342 4558 lutur,
368 4455 439 4538 alii
467 4453 728 4561 interpretati
756 4464 855 4539 sunt
880 4463 1113 4562 ortlerotdr,
1151 4455 1223 4541 ulii
1259 4483 1356 4540 vero
1395 4453 1622 4574 cctollotnr,

87 4680 93 4690 ‚
205 4615 332 4670 uuum
362 4586 530 4668 verbum
559 4609 776 4690 graecum,
804 4586 911 4670 sicut
947 4589 1168 4698 uuicuique
1206 4587 1337 4670 visum
1374 4583 1459 4688 eet',
1486 4595 1623 4668 truns-

207 4715 397 4812 icrcutes,
426 4712 625 4822 quodibi
654 4714 835 4822 positum
864 4721 928 4800 eet
953 4716 1252 4826 ἀνταναιρεθῇ.
1297 4715 1378 4800 Sed
1406 4715 1478 4824 qui
1508 4715 1624 4798 dixe-
1685 4779 1699 4790 „

205 4850 305 4930 r'nnt
341 4844 526 4948 cottam,
555 4849 598 4929 et
634 4843 706 4954 qui
734 4843 929 4930 dixerunt
961 4853 1197 4954 coloratur,
1227 4874 1313 4931 non
1351 4873 1479 4955 usque
1518 4845 1622 4929 odeo

199 5091 204 5110 '
295 5079 732 5220 erenricus
801 5068 828 5188 s
