3968 5774
812 193 897 290 cap.
921 196 1087 271 xxrru.
1575 202 1656 288 363
1736 305 1738 310 ,

255 424 438 511 bibemus
477 418 636 503 diverse
671 423 898 528 unguento.
956 419 1094 504 llblres
1121 426 1254 504 nutem
1286 419 1401 529 quusi
1432 422 1667 506 l'onr'entunu

254 565 295 639 et
331 555 588 662 unguentum
628 549 818 654 adhibet,
858 581 949 636 eum
986 553 1188 662 peccatori
1226 550 1343 635 dieit:
1385 551 1544 636 Forislis
1580 553 1658 636 uli·

161 667 166 676 ⁹
256 683 411 794 quaudo
439 683 631 797 renen-ae,
659 709 764 768 rrrruo
786 692 917 768 ordenr
940 683 1012 767 lun
1036 685 1079 766 r'rr
1101 681 1288 780 Iloruino,
1319 691 1361 766 et
1376 713 1465 766 cnm
1487 683 1658 767 adhibet

253 821 310 904 illi
339 815 569 926 exernplnnr
601 811 756 929 David,
794 814 864 922 qui
895 842 966 923 per
995 813 1289 922 poenitentium
1321 815 1470 897 meruit
1497 815 1657 910 snlrari,
1701 842 1703 846 ’

251 959 292 1034 et
321 954 453 1032 netem
483 945 564 1029 elin
594 949 729 1046 rerba,
758 973 862 1056 quoe
892 946 998 1028 lenis
1025 947 1067 1028 et
1096 944 1232 1028 dulnin
1260 972 1347 1028 esse
1374 947 1578 1046 videntur,
1607 947 1658 1030 de
1689 959 1690 962 ‘

251 1105 376 1189 regno
408 1081 501 1176 llei,
543 1083 744 1184 qnatenus
784 1081 1013 1161 revertetur
1051 1081 1241 1187 peccator
1263 1076 1329 1158 'nd
1360 1077 1491 1160 loennr
1526 1105 1655 1178 srurrn,
1701 1081 1704 1088 ’

251 1208 355 1294 unde
392 1209 498 1289 sieut
535 1235 579 1288 os
617 1209 753 1318 lupsns
789 1215 862 1292 est.
921 1207 1198 1292 illedioonriuo
1229 1207 1458 1290 diuinorum
1487 1209 1658 1311 seriptu-

151 1339 154 1346 ’
249 1366 387 1424 orn-nno
426 1338 528 1420 bene
566 1339 676 1423 dicit.
737 1338 852 1450 Quid·
878 1339 987 1420 eninr
1022 1344 1085 1420 est
1120 1339 1231 1423 uliud
1270 1338 1472 1447 seriptum
1508 1336 1656 1436 (liunus,
1718 1429 1720 1432 ,

229 1470 323 1554 uisi
369 1469 664 1552 uredienruenta
706 1470 960 1553 intirmorum
1002 1471 1251 1571 urrimnrnm,
1293 1495 1399 1578 qune
1438 1467 1658 1552 hortantur

217 1611 220 1618 ’
250 1607 490 1712 peneutores,
519 1629 571 1683 ue
588 1601 816 1711 desperent,
847 1593 898 1684 n'e
910 1600 1171 1712 desperando
1192 1599 1472 1710 perenutsed
1492 1609 1656 1682 sumunt

249 1732 350 1814 vires
373 1731 412 1814 in
433 1731 692 1840 poenitendo,
725 1731 972 1840 plangendo,
997 1731 1165 1832 orendo,
1192 1731 1414 1840 uigilando,
1437 1734 1481 1810 et
1498 1757 1656 1837 semper

247 1861 405 1946 illorum
436 1862 622 1971 exuruplu
650 1863 889 1964 utterulnnt,
932 1863 1002 1972 qni
1034 1869 1126 1972 post
1154 1861 1311 1969 lupsnur
1342 1887 1414 1971 por
1443 1860 1656 1970 poeniteu-
1740 1933 1742 1938 .
1897 1941 1901 1953 ,

248 1992 342 2072 tiene
375 1995 610 2073 meruerunt
639 1991 759 2074 etiruu
791 1993 934 2076 tenelius
968 1991 1141 2077 lloruiuo
1178 1990 1355 2102 plaeere,
1398 2017 1519 2099 (quern
1558 2005 1655 2074 unte

247 2120 399 2229 lnpsunr
430 2119 659 2230 plueebnut.
718 2119 800 2204 lste
828 2121 963 2222 loeus,
1005 2120 1046 2204 in
1085 2149 1167 2230 quo
1196 2121 1296 2204 dieit
1323 2123 1478 2224 urqerte
1504 2118 1656 2202 errulum

245 2275 293 2333 ox
319 2250 441 2349 vobin,
471 2251 697 2358 rienessnriu
727 2253 918 2336 diseretio
947 2257 1027 2336 est·
1066 2251 1174 2336 Num
1203 2255 1380 2360 nonest
1408 2253 1579 2350 rectum,
1611 2258 1656 2332 ut

245 2381 302 2464 ite
319 2380 546 2492 expellatur
567 2384 647 2486 ille,
678 2382 748 2494 qni
773 2383 814 2468 in
840 2383 1089 2469 nronnsterio
1114 2385 1192 2466 luit
1210 2382 1391 2466 nutritus
1410 2383 1462 2466 nb
1481 2380 1655 2464 infautia

172 2573 175 2582 f
245 2511 284 2595 iu
315 2512 422 2598 bonu
451 2513 547 2613 rite,
578 2523 620 2596 et
647 2523 715 2598 eut
742 2517 791 2600 ud
823 2516 1016 2626 pejorem,
1047 2515 1073 2600 i.
1098 2543 1133 2602 e.
1162 2515 1214 2600 ud
1237 2514 1480 2598 sneeulnrern
1511 2510 1652 2611 vium,
1706 2591 1709 2596 ,

109 2693 113 2703 ›
244 2643 360 2726 sieuti
390 2644 607 2751 expellitur
635 2645 717 2746 ille,
747 2645 817 2755 qui
846 2646 896 2728 de
919 2645 1080 2730 soeculo
1110 2645 1276 2729 ueniens
1306 2651 1347 2728 et
1369 2644 1411 2727 iu
1435 2645 1544 2727 bonu
1568 2641 1654 2726 ritu

243 2778 338 2856 ento
377 2801 460 2858 uon
491 2776 605 2860 vixit.
662 2779 723 2862 rte
753 2805 825 2887 per
853 2775 932 2858 lro'o
961 2775 1020 2857 ite
1048 2776 1171 2859 debet
1212 2776 1298 2859 lieri
1334 2773 1414 2856 iste
1449 2771 1653 2881 expulsine

243 2905 269 2992 i.
299 2933 333 2990 e.
361 2904 393 2988 si
423 2903 642 2990 sueenlnris
672 2905 808 3004 fuerit,
838 2906 908 3014 qui
939 2905 1202 3016 expellendus
1232 2910 1315 3006 est,
1344 2903 1574 3014 expelletur
1602 2901 1653 2984 nd

242 3034 468 3136 soeculum,
510 3036 618 3122 unde
647 3035 784 3132 renit;
823 3035 856 3117 si
885 3045 1020 3120 autern
1052 3035 1144 3136 ille,
1185 3035 1256 3144 qui
1285 3031 1548 3144 expellendus
1577 3038 1653 3130 est,

243 3166 322 3250 l'uit
348 3167 401 3250 eb
429 3167 606 3252 iul'untiu
634 3168 676 3250 in
707 3166 967 3266 rnonnsterio,
996 3167 1102 3250 sieut
1130 3165 1318 3264 diximus,
1350 3163 1540 3260 nutritus,
1572 3189 1651 3244 uon
1751 3189 1754 3198 ·

243 3295 362 3381 debet
398 3297 568 3407 expelli,
609 3297 679 3382 sed
722 3297 852 3406 retegis
891 3297 933 3381 in
973 3323 1174 3380 eureerenr
1215 3295 1346 3400 rnitti,
1389 3292 1654 3404 quoadusque

242 3426 389 3510 mulum
420 3455 538 3512 surum
568 3427 758 3513 erneudet
796 3435 839 3510 et
869 3428 1019 3512 bonurn
1052 3425 1174 3510 otium
1206 3427 1337 3512 lneere
1367 3424 1475 3512 uelit.
1535 3421 1650 3504 lstnd

241 3556 346 3640 ouini
373 3557 482 3666 qnod
517 3559 617 3643 dieit
639 3558 808 3662 Auferte
836 3555 984 3642 orrolnru
1015 3584 1065 3642 eo
1094 3555 1216 3654 uolrie,
1246 3555 1295 3641 de
1314 3555 1442 3640 rouo
1465 3553 1654 3665 apostolo

240 3687 423 3797 sumpsit.
494 3688 640 3774 l’uulus
676 3689 887 3799 apostolus
927 3687 1037 3772 enim
1074 3686 1179 3772 dixit
1219 3687 1295 3774 lroo
1335 3684 1560 3771 Corinthiis
1603 3685 1653 3768 de

126 3845 127 3848 ‘
241 3815 321 3918 illo,
353 3817 422 3938 qni
452 3847 545 3904 eurn
576 3847 703 3904 uxore
734 3819 952 3929 patrissui
982 3819 1219 3906 nroeelmtns
1249 3827 1323 3920 est,
1354 3845 1473 3929 quem
1500 3817 1542 3900 iu
1565 3841 1673 3929 eur·¹
1775 3924 1779 3933 ι

240 3974 393 4043 uerenr,
430 3950 535 4034 sieut
565 3951 681 4035 uurlti
714 3951 971 4061 intelligunt,
1008 3951 1133 4059 jussit
1160 3950 1284 4035 uritti.
1342 3949 1483 4034 Nostri
1513 3957 1649 4032 rrrrtern
1718 3965 1719 3970 '

239 4078 424 4190 magistri
467 4082 710 4190 intelligunt
751 4082 808 4165 itu
852 4081 1046 4181 discrete,
1092 4079 1198 4166 sient
1239 4079 1424 4191 srrqrerius
1462 4079 1649 4164 dixinurs.

240 4207 329 4295 Hoe
349 4219 485 4295 nutem
508 4211 617 4322 quod
638 4211 738 4296 eicie
766 4211 967 4316 infidelis,
997 4211 1037 4293 ei
1066 4211 1249 4313 discedit,
1280 4209 1471 4311 discedot,
1501 4209 1652 4294 I'nnlns

240 4342 450 4450 apostolus
480 4343 581 4427 dicit
609 4341 833 4428 Corinthiis
872 4342 922 4426 de
950 4341 1229 4444 matrimonio,
1272 4341 1380 4451 quod
1410 4345 1574 4425 eorrstut
1601 4369 1650 4424 ex

241 4471 347 4556 fideli
367 4479 418 4556 'et
449 4473 603 4558 inlideli
633 4503 819 4584 persone,
850 4479 897 4587 ut
926 4473 1113 4583 quumvis
1134 4501 1217 4556 unu
1242 4499 1415 4582 persone
1444 4471 1499 4554 sit
1520 4471 1650 4554 fidelis

238 4603 437 4711 etnltern
465 4601 665 4706 infidelis,
708 4605 763 4689 ob
793 4603 872 4689 lroe
901 4633 983 4688 uon
1015 4603 1300 4688 dividetur-
1331 4602 1389 4685 itu
1417 4605 1575 4703 touren,
1614 4601 1649 4706 si

238 4733 541 4833 consenseriut,
587 4723 780 4820 insimul
814 4733 1023 4833 lrnbiternr
1067 4735 1098 4820 si
1130 4761 1226 4818 rero
1255 4761 1337 4820 nou
1368 4729 1445 4815 sibi
1475 4729 1649 4816 invieenr

236 4859 527 4969 consenseriut,
557 4873 600 4951 et
620 4865 796 4950 infidelis
816 4864 907 4950 rnlt
922 4865 1139 4967 discedere,
1170 4891 1253 4948 uon
1273 4861 1519 4948 detineatur.
1579 4859 1652 4946 Ait

237 4991 364 5105 enim:
397 4993 599 5100 Infidolie,
628 4995 674 5092 si,
693 4993 874 5095 discedit,
904 4992 1111 5097 discedam
1138 5017 1215 5076 uon
1245 4983 1304 5077 eet
1332 4989 1652 5096 errinr‚roroitrrti
1684 5067 1686 5072 ,

235 5122 430 5229 rrrlrjeeter
455 5129 589 5232 proter
616 5131 686 5210 ord
714 5151 830 5212 soror·
858 5123 899 5209 iu
923 5122 1130 5232 ojrrrruodi.
1173 5121 1227 5208 Iu
1245 5125 1350 5230 poce
1377 5128 1508 5209 rentem
1537 5145 1651 5208 roeo·
