3974 5778
240 179 364 302 'ese
661 273 665 282 .
912 213 1066 306 oux

285 457 459 542 sequens
486 436 566 537 est,
592 435 643 518 ut
668 433 914 522 credendum
931 435 1006 542 ¹sit,
1032 435 1214 522 noluisse
1230 435 1275 521 iu
1291 438 1461 539 catate,
1487 463 1581 522 cnm
1602 453 1700 545 pro*

284 551 409 645 batur
439 562 614 649 soluisse
639 564 686 651 in
713 564 860 668 hieme,
888 594 982 651 cum
1009 565 1081 650 ille
1101 566 1273 652 deuotus
1293 565 1383 652 Deo
1410 566 1583 668 exstitit,
1610 567 1698 668 sed,

281 693 389 776 sicut
416 693 524 798 dixi,
558 723 695 794 causa·
718 696 974 786 discretionis
1002 697 1293 783 condescendit
1319 695 1610 808 pusillanimis,
1647 724 1699 780 ne

281 821 599 912 murmurationi
628 828 798 914 daretur
825 827 999 930 occasio,
1026 827 1120 913 ideo
1143 829 1261 936 dixit,
1290 857 1375 914 uon
1394 829 1543 936 legere.
1586 824 1695 911 Nem

282 981 409 1062 quare
438 953 510 1039 ille
537 955 699 1060 dixerit,
728 984 814 1041 nou
840 957 992 1067 legere,
1019 957 1257 1044 manifestat
1278 959 1462 1059 interius,
1488 984 1581 1041 curn
1599 956 1698 1040 sub-

281 1086 344 1171 dit
377 1093 546 1196 propter
581 1084 811 1172 brevitatem
837 1087 1029 1174 noctium.¹
1078 1088 1131 1172 lu
1157 1087 1238 1175 hoc
1266 1091 1419 1200 quippe
1444 1089 1562 1192 loco,
1603 1114 1697 1208 cum

281 1217 383 1332 dicit
408 1219 835 1326 propter'brcoitutcm
861 1221 1059 1323 noctium,
1098 1221 1369 1331 intelligitur,
1397 1221 1495 1332 quia
1522 1220 1698 1321 maxime

281 1349 365 1432 illis
400 1337 588 1434 ‘efficitur
624 1349 805 1435 brevitas
843 1351 1027 1436 noctium
1067 1352 1110 1434 in
1146 1351 1409 1457 doruricndo,
1452 1352 1523 1462 qui
1559 1353 1605 1435 in
1631 1351 1698 1436 die

281 1480 488 1583 laborant,
517 1485 562 1566 et
589 1485 790 1591 quantum
817 1483 911 1593 plns
940 1483 1144 1568 desudant
1170 1484 1213 1566 in
1242 1511 1366 1594 opere
1389 1485 1550 1583 diurno,
1578 1486 1698 1565 tarrto

280 1611 339 1706 eis
368 1610 550 1696 eflicitur
577 1640 705 1724 parra
731 1641 816 1698 nos
836 1615 880 1698 in
903 1614 1160 1702 dormiendo.
1201 1612 1697 1722 solomonemque:

281 1745 416 1843 Quare
444 1771 530 1829 non
559 1744 665 1828 dixit
691 1771 818 1851 esque
844 1747 902 1830 ccl
934 1744 1136 1831 mendas
1165 1745 1436 1852 Septembres,
1472 1773 1565 1830 cum
1597 1744 1699 1853 Sep·

212 1935 217 1944 -
280 1876 441 1960 tembsr
477 1879 521 1960 ct
558 1876 741 1963 October
778 1877 969 1987 aequales
1004 1878 1195 1964 ridentur
1229 1879 1382 1964 habere
1422 1885 1564 1965 noctes
1603 1906 1696 1962 eum

218 2070 225 2084 .
279 2008 433 2093 Martio
462 2014 505 2092 et
533 2009 688 2120 Aprile.
745 2009 822 2094 Oui
860 2011 1191 2120 respondendum
1229 2017 1313 2112 est,
1354 2011 1470 2121 quia,
1511 2010 1698 2120 quamvis

190 2187 225 2212 κ·
281 2141 471 2251 aequales
511 2139 729 2224 videantur
763 2145 920 2226 noctes.
939 2141 1116 2244 habere,
1159 2157 1298 2228 temen
1328 2145 1460 2254 major
1487 2144 1607 2228 labor
1634 2148 1725 2244 est,

116 2330 120 2337 -
266 2274 327 2356 -in
353 2271 589 2382 Septembri
617 2275 660 2356 et
688 2271 883 2375 Octobri,
920 2303 1042 2382 quarn
1072 2275 1116 2356 in
1145 2273 1297 2360 blartio
1326 2282 1369 2358 et
1396 2275 1553 2384 Aprili.¹
1600 2273 1699 2357 Ideo

121 2483 124 2492 .
281 2408 344 2487 est
373 2403 503 2512 major
517 2403 637 2487 labor
655 2401 698 2484 in
716 2403 945 2512 Septembri
968 2409 1012 2487 et
1034 2404 1220 2502 Octobri,
1248 2403 1345 2512 qnia
1363 2404 1407 2487 iu
1428 2406 1518 2489 istis
1540 2405 1700 2490 duobus

100 2605 111 2628 ,
199 2591 205 2606 ·
282 2532 489 2618 mensibus
516 2529 646 2615 instat
673 2531 900 2631 vindemiar
941 2560 1027 2617 non
1065 2533 1174 2616 euim
1215 2533 1347 2642 ligata
1383 2541 1448 2618 est
1475 2535 1624 2618 veritas
1649 2535 1698 2616 'iu

283 2663 431 2762 verbis,
459 2661 501 2748 b.
531 2689 567 2747 e.
597 2689 682 2745 non
706 2662 836 2747 debes
863 2661 1088 2772 aliquando
1116 2663 1372 2774 intelligere,
1406 2664 1513 2748 sicud
1534 2669 1698 2764 sonant,

280 2793 352 2878 sed
388 2792 510 2902 juxta
547 2775 847 2898 intentionem,
891 2823 976 2905 qua
1011 2793 1081 2878 ille
1117 2802 1284 2878 sanetus
1322 2795 1385 2879 vel
1426 2797 1570 2880 doctor
1611 2794 1701 2876 vult

193 2915 202 2932 '
282 2924 438 3028 dicere,
478 2925 587 3010 sient
625 2925 667 3008 in
707 2925 786 3010 hoc
823 2925 915 3011 loco
953 2925 996 3014 S.
1026 2925 1273 3010 Benedictus
1302 2927 1425 3030 iacit,
1463 2955 1554 3011 enm
1585 2925 1700 3026 dicit,

197 3057 200 3062 ’
280 3062 450 3169 propter
477 3056 722 3144 brevitatem
755 3057 936 3143 noctium
973 3058 1112 3170 legere
1147 3087 1230 3142 non
1259 3060 1430 3162 debere,
1472 3087 1566 3144 cnm
1594 3057 1697 3158 uult,

281 3196 330 3274 ut
356 3191 533 3302 legatur.
580 3187 673 3275 Hoc
694 3188 819 3274 etiam
841 3192 1251 3276 animadvertendum
1280 3199 1354 3294 est,
1385 3192 1495 3302 qnia,
1525 3193 1560 3276 si
1582 3189 1700 3275 labor

281 3329 480 3424 nonest,
520 3330 563 3408 st
601 3323 870 3436 congregatio
906 3325 1043 3434 legere
1080 3324 1257 3410 uoluerit
1294 3333 1467 3437 propter
1503 3327 1701 3435 nrajorenr

282 3457 543 3573 devotionem
561 3455 662 3569 ‘Deo
690 3456 975 3560 exhibendam,
1005 3457 1133 3571 legat,
1161 3457 1259 3566 qnia
1286 3458 1466 3543 intentio
1494 3457 1538 3546 S.
1567 3457 1699 3543 Bene·

283 3587 385 3672 dicti
413 3615 499 3671 non
528 3587 620 3691 init,
649 3591 699 3672 ut
726 3587 896 3674 omnino
924 3617 1010 3673 non
1036 3573 1256 3700 legeretur,
1285 3590 1393 3675 sicut
1410 3591 1601 3695 diximus,
1628 3589 1699 3673 sed

283 3747 405 3803 causa
442 3719 700 3805 discretionis
739 3721 820 3806 hoe
860 3722 1009 3806 dixisse
1050 3722 1328 3830 cognoscitur.
1383 3723 1429 3818 Si
1468 3751 1563 3807 uero
1600 3748 1701 3804 con·

282 3848 472 3960 gregatio
511 3878 594 3934 non
639 3853 772 3936 omnis
815 3851 993 3936 voluerit
1032 3851 1194 3962 legere,
1233 3851 1572 3962 distinguendum
1613 3877 1701 3933 esse

101 3973 107 3986 '
282 3984 475 4088 putamus
500 3978 582 4064 hoc
605 3979 739 4082 ruodo,
770 4010 805 4063 r.
827 4009 892 4086 gr.
915 3979 1131 4096 siluerint
1151 3981 1488 4082 XXXmouaclri,
1516 3991 1560 4064 et
1581 3981 1700 4088 quiu-

283 4106 415 4191 decim
443 4106 600 4191 ineunt
625 4109 797 4194 studiosi
826 4116 869 4195 et
896 4111 1056 4215 deuoti,
1095 4115 1139 4195 et
1173 4113 1243 4194 alii
1281 4111 1513 4218 quindecim
1545 4109 1699 4196 lnedut

281 4239 618 4350 negligentiores,
649 4245 858 4349 torpentes
887 4248 1012 4353 atque
1038 4242 1192 4352 ignavi,
1221 4240 1352 4324 atilli
1380 4241 1556 4327 studiosi
1583 4241 1700 4325 rolu-

161 4457 165 4466 ,
283 4371 391 4454 erint
410 4371 561 4482 legere,
591 4371 660 4454 isti
687 4376 825 4454 anton
844 4377 1058 4482 torpentes
1080 4375 1123 4454 et
1141 4370 1281 4482 ignaui
1301 4371 1526 4474 noluerint,
1548 4372 1702 4457 debent

283 4501 355 4586 is'ti
384 4501 525 4612 ignari
552 4501 704 4618 nutriri¹
733 4506 776 4585 et
803 4501 952 4606 doceri,
981 4507 1031 4584 ut
1049 4501 1128 4610 ipsi
1151 4501 1321 4612 cupiant
1344 4501 1496 4609 legere,
1523 4501 1630 4587 sicut
1656 4505 1699 4585 et

285 4631 436 4715 caeteri
471 4630 659 4716 studiosi.
724 4630 770 4714 si
803 4641 939 4714 antem
980 4658 1067 4713 non
1104 4629 1318 4740 potuerint
1354 4629 1414 4713 ita
1452 4630 1612 4733 doceri,
1654 4637 1701 4714 nt
1746 4703 1750 4712 .

14 4799 17 4806 Δ
107 4759 108 4764 '
283 4761 420 4870 legere
448 4761 630 4872 cupimt,
661 4789 745 4846 uon
772 4766 835 4846 est
855 4761 1088 4870 legendum,
1116 4790 1171 4850 ne
1199 4767 1358 4851 occasio
1386 4763 1699 4848 murmurationi

284 4893 423 4994 detur,
462 4895 639 4980 maxime
676 4893 774 5002 quia
802 4899 988 5002 tempore
1014 4893 1205 4980 lectionis
1234 4895 1386 4980 debent
1423 4894 1617 5004 vigilare,
1657 4900 1700 4977 et
1841 5011 1842 5016 Ν
1973 4895 1975 4898 ’

196 5138 197 5142 Ν
232 5119 236 5128 .
285 5024 498 5109 dorminut
537 5032 710 5134 propter
748 5024 1127 5135 pusillanimitatem
1168 5051 1296 5115 suam.
1362 5025 1518 5110 Iterum
1557 5026 1593 5109 si
1630 5025 1699 5107 isti

284 5153 460 5264 triginta
478 5153 634 5238 tueriut
653 5155 882 5240 devotionis
902 5160 945 5240 et
963 5161 1131 5240 mactae
1149 5158 1484 5261 conuersationis,
1504 5161 1699 5242 ettamen
