3974 5778
857 235 942 330 cep.
969 235 1072 310 x111.
1309 195 1310 200 Ν
1600 245 1680 330 297

234 463 237 475 '
275 463 385 550 orodi
414 461 521 546 nitio.
580 458 703 545 Nnuc
732 459 950 546 videndum
981 466 1054 562 est,
1084 489 1209 570 qnare
1233 462 1274 550 S.
1294 460 1539 548 Benedictus
1568 461 1685 560 dixit,
1802 499 1805 504 ·

276 590 518 678 dominicam
548 589 775 676 orationem
806 591 885 676 dici
914 593 956 675 iu
988 620 1098 693 rece,
1130 620 1223 677 cnm
1253 592 1452 677 Dominus
1483 593 1689 700 inspector

277 721 407 810 cordis
436 723 499 804 est
527 724 570 804 ct
597 720 639 806 iu
663 721 785 804 corde
807 723 980 832 requirit
1006 729 1049 807 ct
1067 723 1188 832 juxta
1204 723 1442 832 qualitatem
1468 721 1603 806 cordis
1625 723 1688 806 iu·

280 851 398 964 spicit
428 849 693 936 orationem?
737 849 834 935 Ideo
865 851 973 934 cuim
1004 851 1225 962 praecepit,
1257 853 1299 936 in
1331 850 1548 964 veredici,
1579 849 1619 937 h.
1649 861 1683 940 e.

274 985 437 1095 propter
466 987 649 1065 versutos
688 985 731 1064 et
757 979 987 1090 simplicem
1029 1009 1123 1067 narn
1165 989 1263 1067 suut
1302 979 1421 1065 multi
1452 980 1602 1065 versuti
1642 987 1685 1066 ct

276 1114 450 1226 perversi
492 1115 678 1196 tenentes
719 1110 859 1195 odium
900 1111 1037 1196 fratris
1072 1113 1115 1196 iu
1145 1111 1266 1196 corde
1302 1114 1345 1194 ct
1373 1112 1522 1196 nolunt
1550 1111 1684 1196 dicere

176 1347 180 1355 Ι
266 1246 377 1329 ,nane
406 1243 655 1328 seutentiam
684 1243 726 1327 in
757 1241 964 1328 dominice
992 1243 1199 1344 oratioue,
1241 1242 1273 1328 i,
1299 1271 1333 1332 e.
1373 1241 1542 1328 Dimitte
1570 1242 1684 1326 scobis
1827 1251 1829 1256 ’

273 1374 405 1461 debita
443 1381 601 1476 esurire,
640 1375 745 1459 sicat
783 1378 819 1457 et
857 1399 932 1460 reos
971 1374 1211 1458 dinrittimns
1247 1373 1491 1458 debitoribus
1518 1376 1682 1475 orostris,

273 1506 341 1592 sed
377 1505 615 1590 transiliunt
652 1505 787 1607 illam,
829 1533 880 1590 ne
914 1534 956 1590 se
991 1505 1181 1618 obligent
1217 1505 1347 1617 magis
1376 1503 1549 1590 dicendo
1578 1503 1684 1589 hanc

276 1637 537 1736 seutentiam,
568 1635 660 1736 sed,
689 1665 783 1720 cum
814 1635 979 1721 dicuutz
1012 1635 1168 1721 Panem
1194 1642 1377 1723 riostrnm
1404 1633 1683 1741 quotidianum

257 1765 327 1860 ,dn
354 1766 469 1850 nobis
497 1765 624 1868 bodio,
655 1765 933 1852 transilientes
961 1767 1241 1877 subjungunt:
1270 1771 1307 1850 ct
1334 1793 1385 1848 nc
1412 1788 1485 1848 nos
1512 1762 1684 1850 inducas

273 1900 316 1981 in
338 1895 603 1994 tentotioncm,
634 1896 706 1981 scd
725 1895 851 1982 tibere
874 1921 949 1981 nos
971 1925 998 1982 c
1023 1894 1141 1997 comto,
1171 1902 1214 1981 et
1236 1899 1405 2006 propter
1427 1893 1530 1980 tales
1552 1895 1683 1979 voluit

272 2029 313 2115 S.
351 2025 620 2130 Benedictus,
665 2026 744 2112 diei
780 2026 821 2112 in
864 2054 961 2114 soce
1000 2026 1107 2112 hauc
1148 2025 1390 2113 orationem.
1457 2023 1512 2108 lit
1548 2024 1683 2108 reddit

271 2181 450 2260 cansam,
495 2184 620 2266 quare
656 2159 699 2241 iu
739 2185 837 2243 rece
874 2157 1060 2260 dicatur,
1107 2185 1199 2242 euru
1236 2155 1475 2266 subjunxit:
1514 2159 1684 2258 propter
1784 2229 1787 2235 ,

271 2284 553 2372 recordaturum
580 2287 750 2392 spinas,
779 2313 881 2393 quoe
909 2287 1012 2372 oriri
1039 2285 1188 2388 celnod·
1228 2291 1270 2370 et
1298 2283 1565 2395 prolongavit
1592 2282 1684 2368 red·

272 2413 466 2499 ditionem
503 2445 649 2502 causas
689 2417 863 2522 iterum,
904 2443 997 2503 cum
1035 2418 1292 2528 subjunxitt.
1314 2421 1358 2500 nt
1396 2412 1572 2500 corruenti
1603 2439 1683 2518 per

268 2545 399 2649 ipsias
419 2545 616 2632 orationis
636 2547 904 2654 sponsionem,
933 2573 1012 2654 prm
1033 2549 1191 2634 diecret:
1221 2546 1390 2633 Dimitte
1407 2545 1523 2630 nobis
1548 2543 1681 2630 debite

127 2720 131 2731 ·
268 2680 425 2775 nostra,
454 2675 557 2762 sic-od
585 2684 621 2762 ct
649 2704 722 2763 nos
751 2677 992 2764 dimittimus
1020 2677 1266 2764 debitoribus
1294 2677 1467 2778 creabis,
1504 2682 1683 2784 pnrpent

245 2830 310 2889 se
337 2807 388 2889 nb
416 2806 645 2913 lssdrrsmodi
672 2807 781 2894 nitio.
831 2809 1030 2912 &cruenti
1059 2809 1085 2896 i.
1116 2837 1150 2894 e.
1181 2807 1292 2910 victi,
1321 2807 1452 2906 tracti,
1481 2807 1675 2915 superati,

269 2935 478 3046 compulsi,
507 2962 555 3021 ec
582 2938 617 3022 si
647 2937 799 3022 diceret
825 2938 916 3024 eliis
945 2939 1104 3025 verbis:
1146 2937 1238 3022 ideo
1267 2937 1371 3040 dico,
1402 2935 1445 3021 in
1474 2964 1573 3021 uoce
1602 2935 1680 3020 dici

269 3065 373 3150 hanc
401 3067 650 3173 cretionem,
691 3073 757 3171 nt,
794 3069 890 3180 quia
926 3070 1074 3157 noluut
1109 3071 1257 3180 sponte
1286 3097 1359 3153 sna
1394 3067 1610 3154 emendare
1639 3096 1680 3152 se

268 3202 308 3280 et
336 3197 480 3304 ejicere
509 3198 646 3284 odium
678 3200 727 3284 dc
750 3199 872 3286 corde
900 3228 987 3303 suo,
1018 3201 1164 3286 saltem
1193 3199 1398 3286 cridiendo
1427 3201 1608 3310 superati
1638 3204 1682 3282 et

267 3327 363 3413 vieti
402 3331 455 3414 eb
483 3329 559 3414 hac
591 3331 798 3416 sententia
835 3331 1066 3440 sponsionis
1108 3331 1321 3416 dimittant
1362 3337 1405 3416 et
1425 3319 1612 3442 'purgem
1641 3358 1682 3412 se
1837 3327 1841 3448 J
1907 3373 1913 3389 ·

270 3459 321 3542 ab
340 3459 575 3568 hujusmodi
596 3461 711 3564 vitio,
740 3461 765 3548 i.
785 3491 820 3548 e.
850 3463 903 3546 ab
934 3463 1005 3549 illo
1032 3463 1147 3565 vitio,
1177 3463 1287 3574 quod
1311 3462 1353 3547 iu
1372 3462 1494 3547 corde
1516 3461 1680 3548 habeut.

52 3570 56 3674 ἶ
122 3637 125 3642 -
267 3587 441 3697 Propter
481 3589 684 3699 simplices
725 3590 817 3677 ideo
857 3591 961 3695 dixi,
1002 3595 1048 3676 nt
1084 3591 1128 3676 iu
1163 3620 1261 3677 voce
1290 3592 1451 3712 dicatur
1479 3589 1682 3678 dominica
1733 3655 1734 3658 κ

265 3719 421 3821 oratio,
461 3721 558 3831 qnia
586 3722 689 3810 tales
717 3727 814 3808 snut
842 3721 1071 3833 simplices,
1114 3723 1183 3834 qni
1213 3728 1286 3809 erut
1314 3749 1399 3810 uou
1428 3721 1681 3834 intelligunt,

264 3853 335 3933 uut
354 3878 413 3952 ee,
439 3880 543 3970 quae
565 3851 753 3958 audiunt,
779 3850 1091 3940 obliviscuntur.
1137 3851 1211 3938 lsti
1234 3853 1349 3955 tales,
1378 3879 1471 3938 cnm
1491 3850 1678 3950 andiunt,
1787 3957 1792 3972 .
1821 3931 1824 3940 ,

263 3984 334 4062 aut
361 3977 619 4092 intelligant,
661 3981 695 4068 si
737 4010 819 4068 nou
859 3983 1124 4095 intelligunt,
1165 3979 1198 4067 si
1237 4007 1334 4067 vero
1371 3979 1680 4082 obliviscuntur,
1849 4016 1851 4024 ¹

266 4109 590 4201 reminiscantur.

311 4242 317 4255 ’
373 4240 498 4326 Nunc
528 4243 749 4329 videndum
780 4252 862 4348 est,
904 4276 986 4358 qna
1023 4242 1184 4330 ratione
1217 4243 1323 4327 dixit
1351 4243 1390 4327 S.
1424 4239 1680 4340 Benedictus,

263 4369 304 4454 iu
324 4381 490 4482 vespere
518 4376 561 4458 et
589 4373 632 4458 iu
661 4376 866 4463 matutino
889 4374 1133 4462 dominicam
1164 4373 1391 4460 orationem
1421 4371 1500 4457 dici
1530 4369 1681 4454 solum·

265 4499 408 4605 mode,
438 4509 482 4588 et
510 4531 595 4590 non
622 4505 674 4590 ad
703 4505 783 4592 alia
812 4506 960 4594 officia.
1018 4501 1176 4618 Vesper
1203 4501 1300 4588 finis
1327 4506 1389 4587 cst
1418 4499 1680 4607 dici,1uatn·

262 4627 395 4726 tinum
427 4633 521 4720 linis
550 4641 612 4724 est
640 4636 784 4722 noctis.
828 4636 879 4721 Iu
898 4635 964 4721 die
993 4640 1036 4720 et
1064 4634 1108 4721 iu
1131 4640 1253 4746 noete
1274 4633 1381 4720 solet
1397 4631 1522 4743 homo
1546 4627 1677 4731 irasci,

262 4762 303 4873 et
345 4772 562 4876 propterea
602 4765 708 4853 dixit
742 4765 784 4856 S.
813 4762 1083 4872 Benedictus,
1123 4765 1168 4851 iu
1186 4764 1286 4850 iius
1311 4762 1407 4887 diei
1447 4765 1490 4848 et
1519 4757 1563 4844 iu
1594 4759 1675 4844 fine

260 4891 394 4978 noetis
429 4895 536 4986 haue
565 4897 795 4998 orationem
833 4897 1078 4986 dominicam
1120 4896 1199 4983 dici
1235 4893 1280 4982 iu
1314 4919 1437 4998 roes,
1478 4897 1527 4978 nt
1555 4891 1678 4979 finem

147 5061 149 5070 ·
261 5020 339 5108 diei
370 5025 455 5112 sire
485 5028 618 5116 noctis
648 5057 734 5117 non
762 5029 987 5142 aliquando¹
1014 5030 1196 5114 trauseat
1219 5026 1309 5140 quis
1333 5026 1420 5113 sinc
1444 5025 1680 5113 reconcilia·
1848 5059 1849 5064 ¹

193 5177 198 5188 ’
261 5153 372 5243 tium
401 5157 541 5246 fratris
570 5165 741 5274 propter
767 5158 883 5265 illud,
914 5157 1023 5272 quod
1046 5157 1242 5272 scriptum
1262 5155 1450 5250 satirici
1472 5183 1553 5245 nori
1578 5159 1680 5248 occi-
