3968 5774
19 218 23 227 ’
193 213 276 306 418
759 215 846 310 oua
868 207 1065 346 XXXVII.¹

111 533 113 538 ,
194 439 270 534 bus
296 436 499 536 minuitur
524 463 668 522 munus
694 441 865 548 propter
885 437 1160 522 minutionem
1187 435 1418 548 anguinis.
1457 432 1509 520 ln
1535 434 1602 522 iu·

192 569 375 654 lantibus
403 567 683 654 consideretur
708 567 934 654 auctoritas
959 569 1127 678 regulae
1153 595 1232 678 pro
1263 567 1601 678 augmentatione

191 701 316 802 ritae,
336 701 380 784 in
407 699 572 784 senibus
600 727 697 784 uero
724 706 896 810 propter
921 701 1266 786 sustentationem
1285 699 1407 784 ritae.
1462 695 1603 782 &ien-

190 831 289 914 dum
318 836 381 916 est
408 831 540 934 euim,
568 819 665 942 quia
692 832 924 916 infantibus
950 831 1160 943 usquead
1188 859 1320 916 anuos
1345 833 1505 939 septeni
1534 830 1600 914 rel

190 970 286 1048 octo
313 968 357 1048 ct
384 993 433 1050 eo
460 963 637 1072 amplius
656 964 777 1072 [illis]
799 963 1008 1048 licentiam
1021 953 1189 1077 jocandi
1208 961 1336 1048 abbas
1349 959 1474 1044 debet
1491 960 1597 1046 dara

74 1153 80 1163 .
192 1095 367 1182 Pulchre
400 1098 508 1180 enim
537 1095 585 1180 Β.
615 1094 862 1181 Benedictus
897 1095 1039 1206 junxit
1073 1123 1192 1179 senes
1228 1122 1323 1179 cum
1357 1093 1600 1192 infantibus,
1659 1157 1663 1165 .

190 1229 289 1340 quin
323 1227 542 1310 honestum
579 1232 665 1324 est,
704 1255 795 1310 cnm
832 1253 951 1310 sanes
978 1225 1254 1325 nuarnducant‚
1281 1223 1463 1308 infantes
1490 1229 1600 1306 stare

189 1366 233 1441 et
258 1357 405 1452 ceteris
429 1356 677 1439 ministrare.
722 1355 845 1438 Nune
868 1355 1088 1438 ridendum
1118 1362 1194 1452 est,
1221 1353 1399 1462 quanliter
1425 1351 1597 1436 docendi

188 1496 286 1570 snrrt
313 1487 511 1570 inlantes:
553 1483 717 1568 Debent
744 1487 853 1568 errius
882 1486 1021 1568 decern
1041 1485 1222 1568 institutes
1242 1483 1405 1566 tresrel
1422 1487 1599 1590 quatuor

189 1615 434 1722 uraugistros,
473 1615 581 1700 sicut
618 1616 794 1699 dirimas
831 1615 1041 1722 superius,
1086 1615 1237 1698 babere
1276 1620 1446 1721 propter
1481 1612 1597 1712 illud,

135 1775 139 1784 ·
187 1745 298 1853 quod
337 1743 439 1827 dicit
466 1743 508 1829 S.
538 1743 786 1829 Benedictus
821 1744 891 1825 redi
925 1749 963 1826 et
1002 1744 1071 1824 ald
1111 1745 1164 1826 ud
1198 1741 1383 1826 narrandus
1416 1741 1596 1823 carnalia

185 1879 390 1972 errentur,
425 1873 523 1982 quia
558 1874 792 1957 nullatenus
827 1876 917 1956 siue
955 1902 1030 1957 suo
1070 1872 1267 1980 magistro
1303 1899 1511 1981 quoquam
1538 1871 1597 1952 irc

187 2001 361 2104 debent,
394 2005 465 2086 sed
495 2003 693 2112 quidquid
721 2011 876 2113 aguuut,
916 2007 957 2087 in
988 2002 1180 2089 omnibus
1207 2029 1369 2108 senrnmr
1394 2027 1490 2082 cuns
1516 1999 1597 2081 illis

190 2131 376 2238 irrugistri
413 2161 556 2216 corum
597 2135 751 2216 debent
777 2161 865 2216 esse
892 2140 935 2216 et
960 2133 1188 2216 custodiam
1228 2130 1310 2212 illis
1347 2131 1595 2237 impendere,
1657 2215 1663 2230 ‚

186 2290 236 2342 eo
264 2264 374 2370 quod
402 2264 436 2347 si
464 2269 524 2350 sio
546 2294 630 2348 non
651 2266 775 2348 luerit
801 2265 881 2346 illis
904 2263 1091 2347 custodia
1110 2260 1308 2360 exhibita,
1336 2290 1595 2372 unoquoqunrn

110 2435 117 2448 ·
183 2394 253 2476 ndi
290 2401 328 2476 et
364 2395 434 2478 rudi
471 2395 699 2480 custodiam
739 2393 961 2480 habebunt.
1019 2391 1204 2476 Infantes
1232 2420 1331 2475 uero
1369 2397 1593 2504 antequam

187 2525 340 2608 caelant
359 2525 403 2610 iu
430 2527 702 2626 refectorium,
727 2526 880 2608 debent
898 2524 1035 2609 doceri
1049 2524 1237 2626 sollicite,
1253 2529 1301 2605 nt
1317 2553 1411 2607 cum
1429 2525 1595 2606 silentio

67 2723 72 2748 ,
184 2655 344 2740 intrent
379 2663 423 2741 et
460 2656 762 2742 rationabiliter
789 2684 833 2740 se
870 2656 1073 2740 inclinent
1111 2658 1327 2740 aduersum
1355 2657 1623 2742 intrandum·

74 2839 84 2858 ι
185 2793 228 2869 et
255 2789 498 2872 exeundum.
555 2788 611 2872 lit
636 2791 774 2874 nullus
802 2817 853 2872 cx
880 2790 939 2872 eis
974 2791 1084 2870 lorus
1121 2789 1232 2870 exire
1261 2788 1406 2892 debet,
1445 2818 1594 2899 usque·
1665 2858 1669 2866 .

145 2921 261 3024 'quio
299 2945 440 3000 omues·
483 2922 636 3028 pariter
678 2922 914 3038 collaudent
952 2918 1193 3016 Dominum,
1234 2919 1306 3026 qni
1346 2918 1420 3002 dut
1459 2948 1591 3003 escarn
1640 2967 1643 2976 ,

111 3077 114 3086 ·
149 3045 289 3127 'orarii
331 3048 443 3129 currui
472 3055 515 3130 et
552 3050 685 3158 replet
727 3079 869 3134 omines
911 3055 1122 3156 sperantes
1151 3049 1193 3129 in
1223 3077 1267 3128 se
1306 3047 1592 3132 benedictione

180 3175 358 3260 coelesti.
402 3177 562 3261 Deinde
589 3207 682 3262 cum
712 3180 901 3262 verrerint
929 3178 1111 3284 hospites
1139 3177 1347 3284 sapientes
1376 3177 1419 3259 in
1449 3206 1592 3262 ursona·

178 3305 328 3406 sterio,
367 3306 490 3392 debet
530 3308 658 3392 abbas
696 3337 822 3393 nunna
866 3336 1011 3391 vocare
1040 3336 1090 3388 cx
1118 3307 1201 3390 illis
1228 3315 1272 3390 ct
1309 3309 1485 3416 probare
1513 3311 1592 3391 isto

30 3477 34 3484 .
178 3435 327 3520 sinodo:
371 3435 484 3522 Vade
513 3447 555 3522 et
581 3440 751 3548 loquere
779 3469 870 3526 cum
901 3439 1064 3548 hospite
1092 3438 1144 3521 de
1170 3443 1293 3521 cantu
1316 3443 1390 3522 aut
1408 3438 1460 3523 de
1478 3466 1592 3523 com·
1746 3529 1748 3532 ,
1854 3412 1857 3463 ³
1970 3419 1971 3424 Ν

179 3575 280 3672 poto
310 3567 373 3651 rel
401 3567 452 3651 de
487 3571 758 3680 grammatica
785 3598 856 3653 seu
889 3571 1014 3653 etiam
1044 3569 1096 3652 do
1123 3568 1262 3677 aliqua
1292 3573 1383 3650 arte
1410 3569 1592 3654 rationa-

179 3697 316 3784 biliter
353 3708 479 3809 atque
517 3701 813 3786 honestissime.
872 3701 1021 3784 Postea
1062 3728 1160 3784 vero
1202 3699 1327 3784 debet
1364 3702 1451 3810 ipsc
1478 3703 1593 3812 prior

34 3947 37 3956 ι
176 3828 291 3940 qrrasi
334 3857 417 3914 nou
455 3832 597 3918 videns
645 3835 868 3946 diligenter
911 3833 1125 3919 attendere
1166 3839 1209 3922 ct
1249 3831 1407 3939 ridere,
1450 3842 1590 3918 atrurn

175 3963 347 4047 horrente
374 3973 448 4056 unt
475 3969 702 4053 uerecunde
730 3969 892 4054 locutus
928 3967 1053 4052 suerit
1081 3995 1174 4052 cnm
1211 3965 1394 4075 hospite,
1421 3971 1465 4051 ct
1491 3996 1593 4077 qna·
1739 4078 1743 4084 ἱ
1827 4076 1835 4093 .

172 4097 268 4180 liter
294 4099 441 4207 aspicit
474 4101 518 4183 in
545 4108 769 4208 couspcctu
797 4101 995 4211 hospitis,
1030 4128 1084 4183 ua
1112 4100 1263 4206 passim
1290 4099 1484 4208 aspiciat,
1518 4101 1589 4182 sed

171 4229 429 4314 solumunodo
469 4229 687 4338 hospitem.
746 4231 845 4315 Post
881 4233 1101 4316 discessum
1139 4249 1238 4315 nero¹
1264 4227 1438 4340 hospitis
1466 4229 1593 4330 debet

173 4359 287 4441 illurn
303 4361 415 4468 prior
429 4362 664 4457 admonere,
680 4361 752 4444 ubi
769 4361 1029 4470 negligenter
1045 4361 1322 4471 interrogauit
1334 4361 1398 4445 vel
1413 4391 1591 4470 respou-

170 4490 233 4572 dit
260 4498 334 4574 uut
363 4492 713 4600 negligenteraut
734 4490 855 4574 uniaris
877 4491 1022 4576 timide
1044 4492 1109 4576 uel
1133 4520 1227 4576 oum
1247 4491 1404 4576 laetitia
1420 4492 1584 4576 locutus

168 4627 255 4723 est,
287 4629 333 4704 nt
360 4625 490 4728 possit
523 4623 786 4733 postmodum
819 4620 871 4705 ad
909 4627 1099 4729 potentes
1136 4623 1307 4707 reddere
1332 4649 1587 4732 responsum.

169 4749 369 4859 Magister
397 4782 497 4838 vero
526 4755 730 4837 infantum
761 4751 885 4834 debet
921 4779 1009 4835 esse
1036 4740 1169 4837 bonius
1206 4760 1333 4864 atque
1370 4754 1588 4864 religiosus

89 4912 92 4917 ·
169 4888 211 4966 et
238 4884 388 4968 timeus
417 4883 563 4988 Deum,
593 4884 666 4993 qui
693 4883 876 4968 sollicite·
896 4889 998 4994 agat
1026 4891 1069 4966 et
1096 4891 1325 4993 temperate
1352 4914 1453 4996 erga
1480 4887 1586 4974 illos.

167 5013 266 5098 Non
301 5015 393 5101 illos
431 5015 602 5098 nimium
642 5012 853 5122 flagellare
892 5021 966 5096 aut
1007 5015 1114 5097 uuale
1150 5021 1331 5099 tractare
1358 5045 1429 5100 eos
1450 5017 1585 5116 debet,

164 5149 234 5230 sed
263 5147 386 5230 debet
417 5176 607 5258 araguaru
638 5145 867 5243 aristodium
896 5143 1049 5226 habere
1079 5178 1203 5260 super
1231 5151 1324 5231 illos
1352 5161 1478 5258 atque
1505 5149 1587 5231 sol·
1758 5243 1760 5246 ,
1846 5186 1851 5267 3
