3964 5760
935 159 941 168 ·
962 127 978 181 Ι

297 317 402 399 72·
541 357 546 368 ·
938 301 1156 394 Prosus·
1220 255 1223 261 ’

299 535 437 645 itaquo
463 531 726 643 intelligitur:
756 527 880 614 uuins
900 526 1079 616 bominis
1099 528 1238 617 statio.
1288 524 1369 610 lllni
1391 521 1709 610 arrimadrertere

300 667 514 766 debemus,
556 663 652 776 qnia
690 667 788 749 snnt
827 663 949 750 rnnlti
986 664 1029 749 ia
1061 659 1337 761 monasterio,
1375 661 1419 741 et
1447 659 1584 740 taurm
1612 651 1709 742 foris

119 793 127 808 '
240 837 247 846 ·
301 799 590 884 monasterinm
618 804 729 899 snat,
756 827 806 884 co
833 791 945 910 quod
972 799 1006 881 si
1041 795 1260 881 rideantur
1279 817 1451 902 corpore
1467 789 1611 898 jugum
1627 783 1709 868 Do·

302 933 401 1016 rnini
431 933 557 1034 ferre,
595 937 735 1014 tamen
764 934 904 1015 mente
941 935 985 1012 et
1012 927 1134 1012 corde
1162 953 1378 1011 excussum
1405 921 1580 1014 lrabeat,
1605 917 1711 1026 qnia,

303 1063 490 1172 quamvis
516 1089 688 1172 corpore
716 1067 888 1171 propter
915 1060 1108 1144 timorem
1137 1055 1289 1162 flagelli
1330 1059 1419 1156 crat¹
1440 1049 1711 1136 excommuni-

303 1193 477 1276 cationis
493 1192 647 1303 aliqnid
667 1193 833 1277 obedire
854 1191 1060 1292 ridentur,
1085 1195 1225 1274 tamen
1246 1190 1385 1270 mente
1404 1213 1486 1268 nou
1507 1179 1710 1300 obediunt.

304 1323 361 1408 Et
385 1332 481 1434 suat
510 1324 641 1424 multi,
669 1326 754 1436 qui,
782 1323 969 1436 quamvis
996 1321 1047 1406 de
1073 1320 1325 1405 monasterio
1359 1321 1507 1402 exeant
1532 1340 1711 1421 corporo,

307 1463 441 1538 manen
471 1460 618 1542 mente·
638 1461 681 1542 et
708 1456 830 1542 corde
853 1457 900 1562 in
930 1453 1184 1538 monasterio
1213 1459 1325 1556 sunt,
1352 1477 1403 1534 eo
1431 1445 1539 1558 qnod
1566 1443 1710 1527 autad
1848 1467 1858 1484 ·

307 1587 512 1671 meliorem
551 1585 903 1672 corruersationem
946 1586 1106 1672 radunt
1146 1584 1210 1670 vel
1248 1581 1446 1681 similem,
1490 1583 1563 1662 aut
1598 1603 1712 1658 cansa

266 1769 271 1780 ·
308 1716 578 1806 obedientiali.
635 1717 711 1804 lsti
740 1720 844 1805 tales
874 1719 967 1828 plus
994 1726 1093 1802 sunt
1121 1719 1162 1803 in
1192 1713 1456 1810 monasterio,
1485 1710 1554 1818 qai
1584 1711 1713 1790 mente

308 1853 404 1932 srrnt
432 1849 475 1931 in
505 1851 752 1935 monasterio
780 1859 824 1936 et
854 1879 936 1934 non
965 1880 1150 1963 corpore,
1196 1877 1320 1962 qaam
1351 1847 1426 1946 illi,
1453 1843 1537 1954 qui,
1552 1867 1713 1948 corpore

218 2087 222 2096 Ι
312 1970 501 2062 ridentur
542 1987 585 2066 et
629 2011 714 2068 non
751 1988 849 2068 snut
888 1987 1039 2068 mente.
1097 1983 1150 2068 Et
1178 1986 1297 2070 vbene
1335 1983 1440 2066 dixit
1464 1973 1715 2086 passiouilms
1755 1967 1762 1980 ’

212 2197 218 2210 ,
313 2109 467 2198 (lire-isti
490 2141 568 2220 per
590 2118 830 2222 patientiam
846 2118 1157 2224 participemur,
1186 2125 1227 2200 at
1247 2119 1365 2225 rapui
1390 2115 1480 2221 apres
1499 2131 1715 2194 orreraouar

283 2271 398 2328 esse
425 2253 637 2348 eorrsortes,
675 2251 772 2359 qnia
800 2251 937 2333 nullus
966 2251 1045 2334 erit
1071 2281 1239 2360 compos
1269 2251 1387 2360 regui
1415 2241 1612 2340 coelestis,
1650 2235 1715 2344 qni

313 2403 398 2459 non
426 2375 549 2460 inerit
582 2377 783 2489 particeps
812 2383 1046 2490 passionum
1076 2381 1244 2470 Christi.
1303 2369 1713 2464 Auiuradrertcndmu

314 2511 389 2602 est,
418 2505 623 2615 quiahoc,
653 2511 763 2616 quod
784 2509 832 2600 B.
855 2511 1103 2597 Benedictus
1131 2512 1258 2595 dixit:
1282 2507 1547 2614 passionibus
1574 2497 1717 2585 Christi

312 2662 389 2738 per
420 2637 661 2740 patientiam
689 2642 1007 2747 participemur,
1050 2649 1092 2725 al
1121 2642 1237 2750 repat
1263 2641 1353 2745 eiras
1388 2659 1614 2720 :recreamur
1639 2655 1718 2712 esse

317 2772 530 2868 corrsortes,
559 2769 712 2854 Paulus
741 2771 852 2856 lueri
882 2773 1046 2882 eloquio
1074 2748 1257 2880 exponit,
1300 2796 1394 2853 curn
1422 2766 1544 2848 dicit:
1586 2758 1634 2844 sa·
1656 2759 1718 2860 ler-

318 2895 467 3012 crirrras
494 2900 594 2981 socii
613 2902 867 3006 passiormm,
895 2904 1018 2988 simul
1045 2910 1083 2989 et
1111 2901 1396 2987 cousolatioais
1417 2896 1579 2980 criraus.
1621 2883 1720 2968 Vide

319 3027 462 3126 modo,
505 3031 615 3138 qnod
644 3031 692 3118 B.
722 3031 967 3119 Benedictus
996 3036 1126 3119 dixit:
1163 3033 1431 3140 passionibus
1464 3011 1615 3123 (tristi
1650 3042 1721 3120 per

316 3159 554 3262 patientiam
576 3163 880 3270 participemur,
912 3166 1061 3251 Paulus
1081 3168 1202 3250 dicit:
1232 3166 1271 3248 si
1292 3162 1494 3268 laerimus
1511 3155 1610 3238 socii
1625 3173 1721 3254 pars·

322 3291 505 3396 aloriano:
545 3300 588 3378 et
615 3295 724 3403 quod
754 3296 821 3384 illc
857 3281 980 3384 dixit:
1024 3304 1067 3380 ul
1102 3301 1218 3406 rapui
1256 3297 1343 3402 ap‘as
1381 3309 1605 3374 ruereomur
1642 3303 1723 3363 esse

199 3417 202 3425 ’
267 3413 271 3426 ’
323 3430 534 3527 eorrsorles,
563 3425 712 3510 l’anlas
741 3428 864 3515 dicit:
894 3438 931 3514 et
960 3429 1246 3516 eorrsolalioais
1274 3418 1461 3510 erimus.¹

749 3657 985 3738 lle'ldCl'l'
1017 3660 1216 3736 Pirithoo
1227 3657 1301 3736 US.

436 3797 637 3908 Prologus
657 3808 720 3885 est
740 3805 1013 3911 praelocutio:
1042 3807 1391 3916 praelocutio-ost,
1424 3801 1464 3882 iu
1489 3824 1570 3904 qua
1590 3793 1727 3874 doctor

329 3933 575 4034 rrrauit'estat,
596 3962 676 4042 qua
696 3935 855 4020 ratione
876 3938 1025 4021 librum
1045 3939 1223 4047 scripsit.
1269 3931 1508 4022 Notandum
1527 3930 1589 4008 est
1612 3920 1728 4010 enirn,

306 4060 423 4165 ¹quia
440 4091 533 4169 pars
548 4065 864 4174 praelocutionis
885 4071 964 4152 l'uit
983 4070 1067 4172 illa,
1098 4074 1136 4154 in
1160 4097 1242 4178 qna
1265 4094 1340 4148 suo
1358 4056 1536 4146 auditori
1556 4051 1728 4134 dixerat:

328 4189 537 4292 Ausara,
570 4213 595 4277 'o
627 4195 705 4297 fili,
737 4205 954 4303 praecepta
992 4207 1032 4283 et
1074 4201 1244 4307 reliqna.
1303 4193 1424 4278 Nunc
1460 4191 1612 4283 rutena
1638 4175 1731 4286 qaia

329 4319 562 4406 decreuerat
590 4322 659 4406 ille
686 4353 783 4407 surus
810 4329 978 4413 numitor
1001 4361 1100 4432 csse,
1127 4327 1427 4413 aluenuations
1443 4315 1631 4403 omnibus
1653 4305 1732 4388 sais

241 4443 246 4454 '
289 4547 292 4554 Ι
331 4452 603 4552 larcrdtatibus,
644 4461 800 4540 rectam
843 4461 1031 4564 omlinem
1064 4461 1212 4561 tenurit,
1253 4485 1348 4542 curo
1384 4463 1479 4563 post
1514 4445 1623 4527 illam
1664 4433 1732 4517 ad·

330 4585 597 4668 nuorritioncm
628 4587 728 4669 dicit
755 4586 805 4670 de
829 4593 1050 4696 gerraribus
1080 4594 1144 4675 rel
1162 4593 1253 4674 -vita
1282 4584 1606 4674 uronaclrormn,·
1622 4562 1732 4679 quasi

331 4714 505 4798 diceret:
550 4717 654 4816 Quia
675 4719 761 4828 jam
794 4720 1008 4804 decrevisti
1038 4749 1151 4804 meus
1180 4719 1346 4808 ancillor
1367 4743 1466 4811 esse,
1495 4711 1588 4794 ideo
1609 4696 1734 4786 maui-

333 4845 436 4928 festo
466 4844 555 4946 tibi,
592 4855 692 4959 qum
729 4859 772 4932 et
810 4879 914 4960 anae
955 4863 1053 4936 suat
1082 4883 1232 4964 gerrem
1262 4845 1567 4940 rrrorraehoram,
1594 4828 1736 4918 deiude

333 4975 385 5058 ud
409 4978 517 5086 qrtod
542 5007 671 5088 genius
694 4987 735 5066 lc
760 4984 1033 5092 praedicando
1058 4985 1200 5084 tudio:
1231 4985 1323 5068 ideo
1345 4976 1558 5088 sabjauxit
1575 4972 1617 5056 in
1636 4966 1735 5048 line:
1970 5083 1971 5090 Ν

256 5209 260 5216 ,
334 5107 417 5192 His
456 5138 549 5220 erpo
584 5113 747 5198 arnissis
774 5115 831 5200 ad
867 5121 1161 5216 coerrolilarum
1194 5116 1467 5226 prassinam
1500 5131 1626 5217 praem
1654 5097 1767 5184 dis··
1970 5107 1971 5158 l

330 5244 559 5350 posterulam
590 5249 644 5358 (cl
663 5247 802 5360 reliq.)
832 5251 1050 5359 adjuvaute
1079 5251 1258 5338 Dorrriuo
1285 5247 1506 5334 amianas.
