3930 5788
850 162 934 253 Cap.
958 157 1067 236 exn.
1579 165 1655 248 571
1787 203 1791 212 .
1903 209 1905 216 Α

259 418 396 474 οιιιιιεε
424 385 503 470 isto
535 381 675 472 modo:
707 379 864 491 Adjnro
890 409 961 464 vos
991 385 1032 466 ει
1050 385 1221 492 conjuro
1245 409 1316 496 per
1335 382 1660 470 communionem

257 515 433 628 corporis
472 519 517 598 ει
555 512 767 624 sauguinis
804 510 970 598 Domini
1008 513 1139 599 nostri
1175 514 1272 599 deso
1314 512 1466 600 Christi
1509 521 1551 598 et
1589 542 1663 624 ρει·
1788 543 1791 552 ’

208 641 211 648 ’
255 653 438 736 εειιειιιιιι
467 643 717 757 ιεριὶειιιιιιιι
747 649 790 732 ει
818 643 1186 732 remunerationem
1216 647 1401 732 eoelestis
1440 643 1581 756 gandii
1618 650 1661 729 ει

256 777 545 894 professionem
575 781 784 880 nostram,
813 803 934 886 quum
965 775 1135 886 professi
1164 805 1323 881 sumus,
1354 777 1662 889 etquicunque

255 908 447 1020 cognovit
475 906 589 991 illum
630 907 672 994 in
702 906 776 992 tuli
805 911 974 1017 peceato
1006 907 1238 1012 detentum,
1269 909 1378 1020 qnod
1416 907 1530 994 illum
1566 904 1687 1020 pro-⁸

70 1120 87 1134 .,
255 1044 367 1130 ιιὶιει
393 1041 445 1129 ad
475 1037 725 1126 oblationem
755 1037 955 1142 sacrificii,
968 1040 997 1143 ¹)
1036 1040 1203 1130 nuntiet
1235 1039 1336 1131 milri
1373 1046 1498 1152 atque
1534 1040 1661 1124 mani·

256 1177 397 1275 ιεειει,
442 1178 643 1282 qnatenus
685 1197 770 1284 ego
815 1172 1116 1282 praevaricator
1160 1170 1281 1282 liujus
1325 1171 1532 1281 praecepti
1578 1200 1662 1256 non

109 1323 112 1330 ·
256 1307 436 1392 existam.
497 1302 653 1388 Deinde
682 1305 716 1388 si
745 1303 893 1414 aliquis
921 1293 1187 1415 cognoverit,
1216 1305 1356 1390 veniat
1394 1310 1438 1390 et
1473 1303 1662 1401 nuntiet;
1790 1311 1794 1318 ’

256 1438 288 1520 ci
316 1440 451 1520 antem
482 1463 565 1561 non
596 1435 767 1539 verterit,
796 1443 896 1522 tnnc
926 1436 1047 1521 debet
1075 1435 1304 1549 specialiter
1332 1462 1662 1547 nmnnqnemqne

258 1595 398 1652 vocare
426 1574 467 1651 et
495 1569 751 1678 interrogare
779 1568 829 1653 de
856 1573 970 1655 motu
1003 1575 1046 1654 et
1074 1570 1232 1654 incessu
1261 1568 1383 1657 illiue.
1439 1567 1600 1652 Deinde
1628 1566 1663 1648 si

254 1727 333 1782 nou
375 1699 527 1808 poterit
566 1725 816 1809 cognoscere
854 1699 1092 1812 iudignum,
1122 1707 1223 1786 tnnc
1263 1699 1571 1798 octrumum
1608 1697 1660 1779 ad
1712 1803 1713 1806 w
1834 1761 1839 1772 .

254 1828 534 1916 ordinandum.
579 1828 623 1914 Si
647 1832 786 1913 antem
810 1836 1052 1942 cognoverit
1072 1833 1286 1944 indignum
1309 1861 1407 1932 esse,
1437 1858 1520 1913 non
1542 1827 1664 1910 debet

71 1965 92 2047 2·
253 1961 420 2060 offerre,
449 1960 477 2046 i.
507 1989 541 2043 e.
574 1959 608 2043 si
637 1961 769 2069 rnejor
798 1991 892 2072 pars
922 1963 1070 2048 dixerit
1097 1965 1157 2048 illi
1186 1963 1271 2048 sive
1299 1963 1404 2046 rnale
1434 1962 1518 2045 sivo
1548 1959 1661 2061 berre,

255 2095 295 2175 et
325 2089 555 2202 spirituales
585 2091 750 2195 inerint,
780 2094 852 2204 qui
879 2094 1079 2200 dixerint,
1110 2103 1208 2204 tune
1238 2092 1483 2180 eredendum
1511 2095 1574 2174 est
1602 2089 1659 2172 illi

257 2223 396 2332 majori
434 2223 554 2332 perti.
595 2271 644 2288 -
691 2224 739 2308 ln
781 2225 861 2312 lroe
898 2217 1003 2312 enim
1044 2226 1153 2329 loco,
1197 2257 1278 2338 qno
1316 2225 1415 2312 dicit
1454 2221 1662 2307 seicrrs'se

251 2355 373 2438 ιιιιιιιο
401 2355 533 2462 scrupis
562 2355 805 2462 discipliuae
832 2357 1011 2467 repertori
1044 2358 1269 2466 subditum,
1299 2358 1543 2466 intelligunt
1578 2355 1660 2458 ulii,

77 2504 80 2514 ·
251 2490 297 2568 nt
325 2484 470 2569 debeat
499 2485 591 2570 duci
623 2515 696 2597 per
721 2496 875 2597 septem
902 2491 1065 2600 gradem,
1096 2492 1122 2577 i.
1143 2521 1178 2576 e.
1200 2497 1246 2572 ut
1270 2491 1393 2574 etium
1415 2486 1658 2596 flagelletur,

75 2653 80 2672 ι
252 2615 398 2698 etlroc
426 2617 699 2725 cornprobant
727 2618 918 2729 parlier,
948 2620 1058 2729 quod
1089 2621 1257 2706 iuferius
1285 2619 1408 2704 dicit:
1452 2643 1660 2702 rreeocco·
1826 2629 1831 2646 '

81 2741 82 2744 ‘
252 2747 363 2828 stoue
391 2747 609 2832 sacerdotii
637 2747 905 2835 obliviscetur
922 2751 1083 2860 repulere
1121 2729 1384 2839 obedientiam
1412 2753 1448 2833 et
1476 2745 1661 2850 discipli·
1768 2727 1823 2800 ἦ
1903 2781 1905 2788 v

60 2935 83 3002 p
253 2903 357 2962 uum
416 2877 660 2964 Obedientiu
696 2881 849 2965 attinet
887 2880 938 2964 ad
979 2882 1216 2967 exercitium
1252 2881 1408 2992 operis,
1447 2876 1663 2987 disciplina

252 3035 345 3093 vero
373 3009 523 3094 attinet
549 3009 601 3094 ud
631 3016 786 3122 septem
817 3013 981 3122 gradus,
1012 3012 1108 3122 quia
1137 3014 1180 3098 in
1208 3013 1287 3124 liae
1316 3010 1482 3120 regula,
1511 3007 1582 3090 ubi
1611 3006 1660 3088 dc

247 3139 409 3247 judiciis
444 3139 563 3241 dicit,
595 3141 854 3251 disciplinam
884 3143 1088 3254 appellat,
1119 3169 1367 3253 quamquam
1408 3140 1531 3222 etiam
1567 3137 1660 3226 aliie
1773 3139 1774 3142 ‘

252 3269 378 3352 enodis
407 3271 664 3380 disciplinam
695 3273 818 3376 dicat,
850 3273 957 3357 sicut
985 3281 1046 3357 est
1074 3274 1200 3357 illuc:
1230 3272 1280 3356 de
1309 3269 1525 3378 ‹lisciplinu
1553 3268 1661 3379 psal·
1722 3347 1723 3352 c

60 3397 86 3432 ι’
253 3397 357 3482 leudi
396 3406 453 3484 et·
473 3399 822 3512 suscipiendorum
865 3402 1050 3490 fratrum.
1111 3403 1165 3486 ιιι
1203 3402 1281 3486 lroe
1322 3398 1547 3484 notandum
1587 3403 1660 3498 εει,

79 3601 84 3614 ,
251 3528 282 3609 εἰ
313 3529 404 3612 ιειὶε
428 3538 490 3615 εει
517 3533 716 3634 sacerdos,
746 3533 827 3622 ie.
858 3533 995 3619 senior
1022 3542 1093 3618 ant
1123 3534 1227 3616 lorte
1257 3531 1384 3615 durus
1414 3535 1457 3612 et
1484 3527 1658 3637 sapiens,

252 3656 318 3766 qni
344 3663 607 3772 cognoscitur
636 3665 752 3774 pejor
773 3663 858 3750 lieri
888 3693 960 3776 per
989 3665 1209 3776 flagellum,
1239 3662 1346 3745 sient
1368 3661 1455 3769 jam
1484 3657 1658 3741 diximus
1753 3719 1757 3728 .

86 3872 88 3878 .
251 3787 300 3872 de
330 3787 562 3895 monachis,
591 3823 675 3878 ιιοιι
705 3801 767 3881 εει
797 3795 1079 3908 flagellandus.
1135 3795 1193 3904 Si
1215 3804 1350 3878 entem
1386 3789 1548 3900 juvenis
1585 3794 1657 3886 εει,

83 3947 89 4051 j
251 3919 319 4029 qni
350 3923 527 4008 noluerit
555 3928 771 4014 emendare
799 3927 881 4011 alio
909 3925 1050 4030 modo,
1083 3923 1354 4035 flagellandus
1381 3929 1461 4020 est3
1499 3945 1656 4002 necnon

77 4048 79 4056 '
250 4055 371 4137 etiam
403 4056 516 4161 illud,
556 4058 598 4142 in
629 4087 711 4168 quo
741 4056 891 4142 dicitur
919 4080 999 4140 riou
1032 4059 1234 4156 sacerdos,
1263 4053 1336 4138 sed
1363 4047 1522 4136 rebellio
1542 4049 1658 4153 jecce-

250 4192 365 4288 cetur,
397 4235 447 4252 -
477 4191 592 4300 quusi
622 4189 799 4273 diceret:
838 4215 921 4272 non
950 4187 1057 4296 sicut
1077 4181 1272 4272 'sacerdos
1299 4186 1370 4270 sed
1400 4185 1448 4265 nt
1475 4177 1657 4277 rebellio,
1773 4265 1775 4280 ,

252 4313 327 4400 hoc
354 4322 428 4422 εει,
456 4319 564 4403 sieut
591 4318 790 4429 superbus
812 4317 1046 4427 judicatum
1076 4345 1236 4402 necnon
1267 4320 1310 4398 ει
1337 4311 1437 4396 illud
1469 4305 1658 4407 inaximo,

83 4499 90 4574 .'
248 4440 290 4525 in
326 4473 407 4555 quo
458 4447 609 4532 dicitnr
645 4446 804 4532 obedire
844 4454 915 4531 out
951 4447 1070 4532 subdi
1106 4445 1279 4556 repulere
1302 4437 1495 4544 occiserit,
1539 4438 1660 4526 riatur

250 4571 446 4690 intelligi:
478 4589 549 4666 ant
573 4576 770 4690 suscipiat
792 4575 991 4686 judicium
1022 4577 1199 4688 regulae,
1228 4579 1300 4662 ant
1327 4577 1448 4674 certe,
1477 4571 1512 4656 si
1541 4570 1659 4657 notu·

250 4704 339 4809 erit,
367 4707 419 4792 de
447 4711 694 4798 monasterio
722 4705 964 4822 expellatur.
1009 4705 1186 4792 Obedire
1213 4706 1365 4792 attinet
1386 4705 1439 4790 ad
1462 4701 1659 4790 obedien·
1753 4699 1761 4786 f
1829 4775 1833 4782 .

88 4953 89 4962 Ν
249 4831 374 4939 ιιειιι,
411 4839 529 4926 subdi
572 4869 669 4928 vero
712 4843 764 4928 ad
782 4875 788 4890 ·
807 4837 1106 4950 suscipiendam
1148 4834 1420 4948 disciplinam.
1486 4833 1544 4918 nt
1581 4830 1660 4916 hoo
1768 4937 1770 4943 k

249 5021 508 5045 *nunu-...-

335 5122 363 5211 ¹)
382 5122 545 5198 meere
566 5123 612 5196 ee
636 5121 854 5209 saracenam
876 5095 1050 5220 mesen.
1065 5159 1103 5178 -
1117 5120 1201 5196 coe.
1214 5117 1407 5237 nasonem
1441 5077 1485 5194 ει
1505 5088 1654 5194 neren.

1181 5395 1304 5493 ’,ι
