3960 5774
829 191 914 283 cap.
938 193 1133 264 xxxxix.
1602 202 1675 283 491
1736 171 1740 178 ’

387 408 616 516 8εηιιίῑιπε’
635 410 809 492 arutirmi
838 436 927 494 orem
950 411 1122 515 (tertosa,
1150 411 1307 496 tertiani
1320 421 1356 497 et
1381 416 1682 520 correptrnrtiaai.

65 629 71 650 ι
281 543 390 625 itanc
419 539 596 624 orationi
614 541 759 648 jrrrrxit
781 539 919 626 fletum
945 547 987 625 et
1006 542 1169 627 lectioni
1194 545 1564 654 compunctionem,
1589 546 1684 654 qaia

35 674 46 755 ’ἶ
277 673 317 755 in
355 669 542 754 oratioue
582 674 646 752 cst
685 669 803 755 ttetas
843 675 886 754 et
913 669 955 753 in
985 673 1160 758 lectione
1189 681 1250 757 cst
1278 677 1561 784 compunctio,
1591 678 1616 760 i.
1647 709 1682 761 o.

191 787 194 794 ⁴
274 799 502 910 suspirium.

383 934 598 1044 Sequitur:
627 943 744 1042 atprrc
767 935 1033 1020 abstinentiae
1049 960 1213 1040 operam
1231 935 1382 1020 dorrrns.
1427 937 1683 1021 attatiuantio

114 1143 118 1152 .
273 1070 379 1152 cuim
419 1067 570 1150 attinet
605 1066 656 1150 ad
694 1066 830 1151 citmm
870 1071 913 1148 ct
951 1070 1114 1172 potum3
1156 1093 1341 1170 operam,
1370 1069 1395 1150 i.
1426 1097 1461 1151 c.
1501 1068 1680 1152 mortium
1816 1099 1817 1106 ¹

271 1207 394 1306 atque
423 1196 693 1305 diligentiam.
751 1195 989 1280 Notandum
1019 1201 1082 1282 est
1109 1197 1242 1294 carim,
1271 1199 1367 1308 quia
1396 1198 1504 1282 istud
1543 1201 1682 1281 ctericus

271 1331 320 1412 ad
343 1327 571 1437 superiores
593 1327 746 1436 species
771 1327 893 1412 etiam
919 1327 1215 1432 retundebat,
1245 1327 1271 1412 i.
1293 1357 1327 1412 e.
1352 1329 1494 1414 (taurus
1513 1357 1677 1439 operam

272 1460 448 1550 lectioni,
480 1460 619 1542 cicuras
640 1487 805 1568 operam
830 1460 1004 1546 orationi
1027 1487 1120 1544 cum
1144 1459 1319 1560 fletibus,
1349 1460 1490 1545 (icarus
1515 1491 1679 1570 operum

272 1593 589 1702 compunctioni,
620 1593 760 1677 demus
788 1621 954 1699 operam
979 1591 1265 1676 abstinentiae.
1323 1591 1542 1676 Sciendum
1567 1621 1680 1677 uaru-

271 1753 347 1833 que
383 1727 468 1822 est,
505 1723 600 1832 quia
639 1724 822 1832 quinque
861 1728 981 1823 srrrrt,
1010 1750 1115 1833 quae
1153 1723 1277 1822 dixit,
1310 1724 1335 1808 i.
1372 1751 1405 1809 e.
1449 1723 1679 1827 lectionem,
1719 1747 1721 1752 ·

271 1854 409 1952 fletus,
439 1853 689 1953 orationem,
719 1855 1102 1964 compunctionem,
1139 1852 1444 1939 abstinentiam.
1506 1852 1562 1936 Bt
1603 1853 1680 1938 hoc
1711 1933 1713 1938 ,

269 1982 474 2066 sciendum
505 1988 580 2085 est,
610 1985 706 2100 quia
724 1984 914 2069 aliudest
941 2011 1076 2089 opera,
1105 1985 1269 2095 quaudo
1298 1992 1360 2068 eet
1388 1984 1677 2094 feminini-ge·

270 2112 375 2196 ueris
411 2111 565 2221 primae
601 2112 908 2223 decliuptiouis,
946 2115 1078 2218 aliud,
1113 2115 1278 2224 quarrdo
1308 2116 1492 2200 neutrius
1520 2119 1679 2227 gerionis

272 2243 413 2326 tertiae
455 2243 742 2328 declinationis
785 2246 943 2328 numeri
989 2245 1169 2352 pluralis.
1228 2245 1401 2344 Quando
1436 2253 1572 2330 autem
1618 2253 1680 2331 est
1784 2357 1785 2360 ,

269 2372 450 2456 feminini
492 2375 653 2483 generis
693 2375 846 2486 primae
886 2374 1191 2476 declinationis,
1219 2375 1338 2460 sicuti
1376 2377 1419 2460 iu
1460 2376 1552 2460 hoc*
1573 2377 1676 2481 loco,
1731 2471 1750 2491 η’

268 2503 416 2586 attinet
436 2503 487 2588 ad
513 2504 693 2590 studium
717 2513 759 2589 et
785 2505 1054 2614 diligentium,
1085 2536 1175 2593 cum
1203 2507 1304 2592 dicit
1331 2535 1494 2613 operam
1522 2508 1679 2606 deterres,
1800 2573 1804 2588 .
1851 2587 1861 2603 ,

130 2687 133 2698 ·
268 2635 294 2718 i.
323 2664 358 2721 e.
388 2637 567 2732 studium
607 2643 649 2721 et
685 2638 936 2747 diligentiam
973 2637 1216 2740 habeamus,
1247 2640 1272 2726 i.
1300 2667 1334 2745 e.
1370 2638 1413 2722 in
1444 2638 1543 2741 ista,
1572 2665 1676 2747 qnae
1722 2683 1725 2694 ·
1766 2623 1770 2632 ¹
1887 2617 1898 2632 ’

262 2767 348 2877 jam
377 2767 500 2870 dixit,
530 2767 614 2852 sire
652 2797 757 2878 quae
795 2767 978 2852 dicturus
1015 2775 1088 2855 est.
1147 2771 1320 2869 Quando
1356 2775 1494 2854 autem
1533 2769 1679 2853 tertiae
1768 2781 1769 2784 ‘

268 2897 549 2984 cicoliuationis
589 2906 674 3001 est,
705 2902 856 2983 attinet
894 2901 946 2983 ad
986 2899 1146 3001 aucuia,
1182 2931 1287 3010 quaa
1324 2903 1448 2985 homo
1489 2899 1678 2986 manibus

268 3036 471 3138 operatur,
501 3030 608 3114 sicut
636 3031 821 3140 superius
849 3031 968 3131 dicit,
998 3059 1089 3116 amu
1120 3032 1225 3116 dixit
1252 3031 1303 3116 de
1332 3060 1453 3142 opere
1482 3057 1677 3115 manuam

267 3161 520 3270 quotidiano.
579 3161 684 3247 Nam
727 3161 905 3271 qualiter
938 3189 1060 3272 agore
1097 3164 1246 3248 debeat
1281 3164 1531 3265 monachus,
1560 3163 1681 3247 docet

267 3293 343 3377 hoc
379 3294 502 3381 modo
544 3295 592 3379 B.
635 3295 743 3402 Papa
780 3294 1002 3404 Gregorius
1044 3295 1086 3377 iu
1128 3295 1259 3404 prima
1297 3301 1414 3403 perta
1454 3293 1679 3379 Ezechielis

175 3451 187 3464 ··
268 3427 491 3534 prophetae
532 3427 695 3523 dicens3
736 3424 798 3510 eit
824 3423 958 3508 enim:
977 3426 1009 3535 ¹)
1051 3425 1134 3512 Sed
1160 3428 1203 3508 in
1232 3427 1365 3512 antis
1393 3427 1504 3512 socri
1531 3425 1677 3531 eloptrii
1808 3405 1815 3421 ⁸

266 3558 340 3641 iste
367 3557 480 3642 debet
511 3557 638 3643 strniii
667 3557 798 3640 riustri
837 3559 935 3639 ordo
964 3560 1146 3660 seruari,
1174 3563 1218 3640 at
1255 3557 1352 3642 traca
1392 3559 1480 3642 ideo
1517 3583 1680 3666 capreos·

266 3713 416 3786 carnus,
446 3696 640 3793 paratarma
669 3685 719 3768 dc
745 3685 953 3791 iuiprcitate
980 3695 1122 3774 acastre
1158 3688 1379 3793 carroperacti
1407 3694 1681 3794 eopnasccutcs
1797 3769 1800 3774 ,
1950 3743 1951 3748 Ν

266 3814 386 3915 analo,
418 3843 519 3922 perae
545 3817 728 3920 tecturus,
757 3817 938 3918 vitemus,
965 3845 1015 3902 ae
1042 3819 1129 3904 ulia
1154 3820 1380 3925 sociamns3
1414 3824 1450 3902 et
1478 3820 1679 3922 carrajam
1743 3887 1745 3892 ,
1808 3825 1820 3880 4

266 3973 315 4030 ee
342 3975 488 4058 arupao
516 3974 592 4032 usu
620 3947 884 4032 lacrimosum
907 3949 957 4033 dc
968 3956 1225 4054 peecatorum
1249 3948 1486 4034 rererissiane
1511 3949 1680 4052 coeperit

265 4105 351 4163 csse
376 4079 542 4185 fidncia,
566 4105 646 4183 per
672 4079 793 4162 verto
819 4075 910 4174 Dei,
938 4105 1040 4184 quac
1066 4080 1339 4189 iutellipimus,
1370 4083 1427 4164 od
1442 4079 1566 4162 aweit
1586 4102 1679 4182 quo·
1920 4165 1921 4168 ,

267 4235 341 4313 qno
378 4215 415 4294 ot
451 4208 555 4294 otios
592 4208 816 4293 tradamus.
873 4210 944 4294 Ad
971 4211 1042 4295 troo
1069 4211 1175 4296 euim
1208 4209 1468 4317 iuteltipeuda
1494 4213 1609 4306 suut,
1638 4211 1679 4288 at
1827 4289 1828 4292 ,
1890 4226 1892 4228 ·

264 4345 300 4421 et
321 4341 436 4425 uobis
446 4341 612 4446 prostat
633 4347 671 4424 et
690 4338 903 4432 interdicat
921 4339 1103 4446 spiritaii
1124 4339 1222 4424 otiis
1247 4345 1516 4445 conserantur.
1564 4335 1680 4423 Unde
1776 4427 1778 4430 ,
1909 4361 1910 4366 ‘
1950 4447 1951 4454 Ν

268 4469 363 4555 deae
387 4495 495 4556 auare
521 4470 697 4556 dicitur:
738 4469 933 4556 »Ouucde
958 4470 1137 4558 oaiuarea
1165 4470 1276 4554 istud
1301 4477 1338 4554 et
1365 4469 1485 4571 uode,
1525 4468 1680 4575 tepuere
1829 4489 1832 4496 ·
1907 4469 1912 4480 ’

266 4601 323 4685 od
347 4603 458 4707 titios
487 4601 673 4706 Israet‹,·
713 4623 762 4686 ec
789 4600 829 4685 si
856 4601 893 4688 ci
921 4601 972 4686 dc
999 4625 1117 4688 sono
1143 4599 1229 4686 cito
1256 4600 1500 4708 toqueretur:
1527 4599 1683 4686 maredo
1834 4617 1835 4622 ‘

43 4758 48 4815 ὲ
263 4737 472 4943 gauere,
500 4738 690 4818 saturare
726 4738 762 4816 et
802 4739 961 4834 emoto,
989 4733 1126 4840 accipe
1163 4737 1201 4817 et
1237 4757 1406 4842 sporpe,
1436 4732 1680 4836 conluctaret
1721 4857 1723 4862 Α

43 4878 47 4889 ’
178 4869 180 4872 ’
305 4862 414 4948 bora.
