3930 5788
271 168 356 270 sec
557 165 561 172 ’
881 171 1080 274 annu
1193 211 1198 218 ·

175 509 179 520 ,
272 391 587 514 irmingardem
616 403 682 486 aa
707 399 880 490 cinnes
920 408 957 488 e
982 401 1092 488 aaa
1117 401 1233 506 ηιςιι
1259 407 1298 486 ιι
1323 391 1401 508 quo
1426 402 1532 487 aaa
1552 335 1686 503 'esen

273 533 568 637 nescientibus,
587 561 778 648 unorum
807 561 916 620 unus
942 538 1033 620 erat
1059 531 1262 636 Thomas,
1297 532 1426 618 dixit:
1464 535 1517 622 Si
1543 557 1687 643 coperc-

92 772 98 788 .
205 789 207 794 ¹
271 667 432 752 abacis
457 692 543 772 me,
583 675 622 752 et
640 671 807 774 pmrcsa
833 693 965 752 meum
993 666 1128 774 edique
1158 665 1455 776 capuacisaetic.
1508 663 1578 798 Et·
1591 665 1686 752 ideo
1785 777 1788 780 Ι
1869 712 1871 715 v

158 885 162 896 ,
273 826 438 885 necesse
464 803 540 902 est,
569 802 618 885 nt
644 799 776 886 lector
802 799 1003 900 discretus
1024 797 1082 882 sit
1103 798 1148 882 in
1169 799 1454 910 intelligendo,
1482 803 1687 908 quatenus

273 931 316 1012 in
344 928 434 1040 ipsa
462 930 666 1040 scriptura
693 930 846 1034 divina,
874 957 980 1040 quae
1008 928 1190 1014 Domino
1216 929 1401 1014 dictante
1428 928 1687 1014 veracissima

181 1069 184 1079 '
272 1063 335 1141 eet
377 1064 421 1143 et
447 1057 567 1143 valde
602 1056 800 1162 discreta,
839 1060 979 1170 aliqna
1016 1061 1288 1144 contrarietas
1326 1088 1412 1143 non
1439 1058 1687 1148 inveniatur.

186 1189 189 1196 ’
275 1193 335 1274 Ac
363 1219 438 1300 pec
465 1189 558 1294 hoc,
596 1191 705 1276 sicut
733 1193 777 1274 in
805 1189 927 1274 dictis
958 1191 1123 1274 Domini
1151 1192 1195 1271 et
1225 1189 1342 1272 l'auli
1372 1189 1597 1274 necessaria
1623 1195 1687 1272 est
1810 1225 1813 1228 ·

273 1319 488 1423 discretio,
527 1327 576 1406 ut
601 1320 884 1433 intelligatur,
923 1319 1014 1402 aliis
1043 1318 1192 1403 dixisse
1219 1319 1347 1420 illud,
1389 1322 1416 1408 i.
1445 1350 1482 1406 e.
1512 1321 1687 1420 laudem,

272 1480 355 1561 qna
382 1451 497 1562 digni
526 1457 659 1554 erant,
687 1452 779 1536 aliis
806 1450 960 1537 dixisse
986 1478 1166 1534 emonem
1190 1450 1415 1552 divisionis,
1435 1449 1528 1562 ‘qno
1557 1453 1688 1534 iucre-

272 1584 398 1694 pandi
426 1588 570 1680 arante
598 1589 642 1668 et·
663 1582 862 1668 Dominus
888 1583 980 1666 aliis
1007 1582 1126 1686 dixit,
1155 1583 1272 1684 scire,
1299 1588 1343 1666 et
1369 1583 1472 1668 alios
1500 1583 1688 1688 increpa·

96 1709 98 1712 ’
274 1714 392 1816 verit,
420 1713 517 1824 qnia
545 1712 795 1816 nesciebant,
824 1716 932 1800 sicnt
957 1715 1224 1826 'l'homam;¹)
1254 1743 1350 1798 nam
1377 1713 1413 1797 si
1439 1713 1554 1796 omni
1585 1717 1690 1794 tenu
1766 1745 1768 1748 ·

274 1875 375 1957 pore
401 1845 651 1955 intelligitur
673 1845 823 1932 dixisse
838 1845 967 1932 l'ater
988 1845 1250 1950 Benedictus,
1279 1873 1366 1929 esse
1394 1843 1688 1928 dimittendum

276 2005 403 2062 nunna
430 1981 505 2060 ant
532 1978 636 2061 duos
664 1977 847 2064 seniores
875 2007 969 2065 cnm
998 1978 1194 2062 iratribus
1222 1981 1393 2096 propter
1418 1975 1688 2084 disciplinam,
1712 1999 1715 2004 ·

276 2115 323 2224 nt
339 2110 438 2194 velit
458 2109 649 2194 abbatem
674 2135 834 2218 semper
848 2119 966 2196 extra
989 2108 1250 2194 refectorium
1275 2107 1529 2213 manducare,
1558 2107 1690 2216 inagis

45 2266 48 2273 ·
110 2327 116 2340 ,
274 2242 530 2326 occasionem
555 2243 713 2352 peccati
735 2249 924 2351 procreat
946 2247 1071 2352 atquc
1084 2241 1451 2349 transgressionem
1471 2239 1690 2349 praecepti,

14 2391 57 2472 ’,
164 2385 173 2406 ”
275 2401 398 2486 qnam
426 2371 753 2460 aedificationem
782 2380 970 2483 generet·
995 2374 1183 2474 animae,
1223 2373 1320 2482 qnia
1359 2372 1405 2465 si
1433 2371 1561 2456 abbas
1588 2371 1691 2455 ioris

227 2562 231 2570 ·
276 2505 600 2610 manducaverit,
645 2513 747 2631 tunc
787 2507 822 2593 si
861 2505 1037 2592 carnalis
1076 2505 1227 2609 luerit,
1270 2503 1538 2588 manducabit
1578 2531 1726 2628 more·

276 2665 477 2725 canoram
503 2638 718 2725 hominum
747 2667 841 2725 cum
877 2638 1126 2724 scurrilitate
1153 2643 1279 2748 atqne
1308 2636 1476 2722 levitate
1503 2643 1548 2722 et
1580 2637 1690 2746 joco.

277 2769 567 2879 'transgressio
596 2773 749 2881 qnippe
778 2772 985 2882 praecepti
1008 2773 1088 2856 erit
1111 2771 1155 2854 in
1179 2797 1242 2867 eo,
1271 2769 1381 2878 quael
1406 2771 1549 2880 regula
1575 2769 1691 2871 dicit,

143 2887 153 2906 ⁹
278 2927 420 2986 omues
447 2901 570 2985 simul
599 2903 791 2987 accedere
818 2903 871 2986 ad
900 2930 1106 3003 mensam,
1145 2907 1189 2986 et
1215 2929 1299 2986 non
1330 2928 1472 2985 ornnes
1499 2901 1696 2985 accedent

146 3027 150 3036 ’
276 3031 422 3135 simul,
460 3060 511 3116 eo
538 3034 649 3144 qnod
677 3059 754 3118 nec
780 3032 909 3117 abbas
949 3033 1029 3118 erit
1066 3031 1126 3114 ibi
1159 3059 1294 3140 neque
1321 3031 1392 3139 qni
1420 3059 1514 3114 cum
1541 3030 1694 3115 abbate

278 3162 629 3250 manducaverint.
685 3160 741 3246 Et
767 3165 865 3273 qnia
892 3163 934 3252 S.
963 3147 1224 3248 Benedictus
1245 3163 1470 3271 cognorit,
1508 3163 1694 3246 carnales

277 3291 464 3378 homines
492 3293 679 3382 invenire
704 3295 874 3402 jocandi
901 3299 1026 3403 atque
1052 3294 1207 3404 aliquid
1233 3292 1460 3379 scurriliter
1485 3291 1714 3403 agendi‚²)·
1830 3403 1833 3410 ι

277 3423 376 3508 inde
403 3423 612 3534 praecepit
639 3424 838 3534 superins,
865 3430 914 3509 nt
941 3424 1025 3525 ille,
1055 3425 1126 3535 qni
1149 3454 1224 3536 pro
1238 3454 1313 3509 sua
1338 3425 1533 3508 tarditate
1557 3424 1693 3534 [qnia]

104 3561 107 3568 ’
279 3557 394 3642 tarde
425 3559 536 3645 veuit
562 3557 615 3644 ad
643 3557 826 3644 officinm
856 3561 1117 3660 nocturnum,
1148 3558 1305 3643 intrare
1314 3557 1351 3669 ³)
1377 3557 1504 3658 intus,
1531 3555 1692 3651 dicens:

208 3709 212 3718 ·
276 3690 373 3799 qnia
397 3695 504 3800 sorte
531 3693 609 3776 crit
642 3689 760 3794 tulis,
796 3693 868 3798 qui
888 3717 939 3778 ae
972 3695 1043 3773 out
1069 3687 1271 3776 recollocet
1296 3695 1367 3774 cat
1390 3687 1546 3794 [abactis
1569 3692 1695 3790 cecc,

276 3829 315 3910 et
342 3822 465 3908 datur
491 3825 647 3910 occasio
673 3825 852 3935 rrmlipno
883 3873 930 3888 -
963 3827 1007 3908 et
1034 3827 1254 3934 propterea
1280 3821 1512 3934 praecepit,
1555 3827 1604 3904 nt
1630 3819 1695 3905 in·
1866 3916 1868 3919 ,

279 3955 643 4067 gradiatunintro.
701 3957 899 4044 Similiter
926 3966 971 4042 et
997 3957 1042 4040 in
1070 3957 1149 4042 hoc
1170 3956 1262 4042 loco
1285 3956 1419 4040 iacere
1443 3953 1618 4056 videtur,
1645 3981 1695 4036 co

278 4085 389 4195 qnod
418 4092 685 4197 cognoverat,
714 4091 889 4198 juvenes
916 4092 960 4172 et
986 4087 1265 4173 adolescentes
1293 4115 1417 4206 agere
1445 4085 1603 4196 aliquid
1630 4087 1695 4169 in·

280 4217 453 4302 honeste
481 4225 525 4304 et
545 4219 749 4303 vanitates
777 4219 904 4330 loqui,
932 4219 967 4304 si
998 4247 1082 4303 non
1107 4219 1288 4305 viderint
1313 4218 1507 4304 abbatem
1534 4217 1599 4301 rel
1627 4245 1696 4301 eos
1864 4224 1873 4317 j

281 4349 454 4459 priores,
482 4379 586 4459 qnos
615 4356 855 4478 reverentur
880 4357 924 4437 et
951 4351 1121 4454 timent,
1149 4354 1192 4434 et
1220 4348 1332 4452 ideo,
1361 4379 1414 4434 ne
1439 4350 1693 4434 occasionem

278 4479 350 4565 isti
377 4481 438 4564 ita
464 4479 643 4568 faciendi
670 4479 883 4568 inveniant
895 4543 907 4584 ,
946 4483 1175 4592 praecepit,
1215 4486 1264 4565 ut
1290 4508 1385 4566 cnm
1413 4481 1471 4566 eis
1498 4507 1610 4586 unua,
1633 4477 1695 4560 vel

367 4833 395 4924 ¹)
416 4831 494 4904 lloc
524 4831 622 4918 loco,
656 4831 820 4924 apoduein
848 4829 981 4904 omirm
1009 4851 1086 4904 esse
1107 4829 1268 4904 videtnrc
1300 4829 1355 4902 ita
1381 4830 1494 4903 οιίιιιιι
1520 4831 1560 4902 ἱιι
1591 4830 1697 4904 dictis
1863 4906 1870 4922 .

279 4939 318 5016 S.
340 4941 526 5014 Benedicti
546 4939 747 5013 necessaria
768 4944 823 5014 est
844 4940 1021 5014 timelio.

369 5052 399 5153 ἒ)
419 5049 622 5124 occasiones
642 5051 701 5146 (i).
1069 5034 1077 5052 '

367 5165 398 5254 e
419 5161 532 5236 nm
551 5161 615 5254 or.
