3930 5788
871 266 956 358 Cap.
981 266 1068 338 hill.
1591 275 1673 358 523

212 491 213 496 ‘
267 483 361 594 quia
388 479 428 567 S.
450 481 693 568 Benedictus
719 512 799 567 non
821 483 893 567 dat
911 483 970 569 illi
993 485 1213 591 licentiam,
1244 492 1451 571 utcontra
1473 489 1672 572 rationem

264 610 415 721 aliquid
444 615 544 722 agat
573 613 634 697 vei
664 614 868 722 disponat,
900 611 969 696 sed
996 613 1177 722 justeet
1207 621 1316 701 recte
1341 617 1462 701 debet
1486 645 1612 727 agera
1632 626 1703 720 oe

191 825 195 833 .
264 744 489 852 disponere.
547 741 670 829 Borte
700 744 800 856 dicit
838 743 1009 856 aliquis:
1050 745 1181 844 Quare
1210 744 1251 832 S.
1282 743 1528 830 Benedictus
1556 776 1673 859 prac-
1812 769 1813 772 ‘

263 875 372 984 cepit
387 873 527 957 abbati
555 863 646 956 cum
678 873 839 986 hospite
868 875 1124 975 marrducare,
1154 903 1243 960 curn
1275 875 1371 958 alibi
1397 884 1670 986 praeceperat,

264 1031 420 1086 omucrn
460 1002 739 1088 necessitatem
770 1013 812 1088 at
840 1032 1001 1089 ornnem
1031 1004 1328 1090 humanitatem
1369 1006 1520 1117 hospiti
1556 1007 1672 1090 exhi·

265 1133 378 1218 beri?
434 1131 528 1216 dam
558 1133 590 1218 si
622 1133 690 1217 ille
718 1136 845 1220 abbas
874 1163 967 1220 cnm
1007 1135 1167 1244 hospite
1196 1137 1321 1220 debet
1357 1137 1601 1220 manducare
1629 1147 1672 1220 et

264 1263 413 1374 hospiti
436 1290 596 1348 omnem
627 1266 911 1350 necessitatem
943 1272 985 1351 et
1012 1265 1309 1352 humanitatem
1334 1267 1543 1396 pxhilrere,
1572 1293 1671 1375 ergo

261 1397 384 1480 abbae
414 1424 497 1478 nou
540 1396 701 1480 videtur
729 1398 881 1484 bonum
921 1401 1154 1509 exemplum
1186 1399 1283 1483 darc
1311 1399 1541 1482 fratribus?
1596 1399 1669 1485 Cui

260 1528 584 1638 respondendum
618 1535 700 1612 esc:
730 1527 907 1616 intentio
936 1529 979 1618 S.
1011 1529 1222 1615 Benedicti
1251 1529 1350 1628 fun,
1373 1531 1416 1613 et
1443 1529 1535 1612 idco
1552 1528 1667 1612 illum

260 1659 500 1763 mortificat,
540 1667 587 1746 ut
627 1658 730 1745 nihil
760 1669 903 1746 contra
932 1660 1115 1770 regulam
1152 1667 1252 1772 agat
1279 1667 1353 1746 aut
1381 1661 1597 1772 disponat,
1626 1667 1670 1744 et

260 1791 355 1903 quia
384 1791 452 1876 ilie
481 1790 752 1876 mortificatus
781 1790 904 1877 dehet
934 1821 1041 1893 esse,
1070 1792 1164 1878 ideo
1192 1798 1240 1878 ut
1267 1792 1398 1902 magis
1437 1792 1668 1902 exemplum

259 1924 328 2007 det
356 1921 565 2021 fratribus,
596 1923 803 2034 praecepit
831 1923 892 2009 illi
921 1952 1012 2010 cum
1039 1923 1201 2034 hospita
1223 1923 1479 2025 manducare,
1511 1927 1665 2008 utcurn

258 2055 324 2140 ille
353 2055 403 2140 dc
437 2059 614 2166 quatuor
643 2056 705 2140 vel
736 2056 917 2168 quinque
958 2055 1180 2168 pulmentis
1218 2056 1310 2168 plus
1339 2056 1398 2138 nil
1435 2055 1667 2164 sumpserit,
1706 2141 1709 2149 ,

257 2215 377 2298 qnam
417 2186 467 2270 de
494 2188 650 2289 tribus,
681 2191 723 2271 et
762 2186 817 2272 ibi
857 2189 1075 2274 continens
1103 2190 1251 2292 luerit,
1281 2187 1402 2275 ceteri
1432 2187 1564 2289 forte,
1595 2185 1666 2295 qui
1820 2259 1821 2262 ι

257 2318 306 2402 de
334 2318 465 2404 tribus
490 2319 772 2429 pulmentariis
795 2321 966 2406 nimium
994 2351 1154 2408 sumere
1178 2322 1396 2434 cupierint,
1426 2320 1513 2430 ejus
1529 2346 1666 2403 exenr·
1761 2343 1764 2352 ’

256 2449 367 2558 pimn
405 2450 572 2560 capiunt
600 2457 642 2537 et
670 2452 906 2556 doceantur,
946 2455 995 2540 de
1023 2457 1155 2540 tribus
1182 2453 1405 2564 pulmentis
1427 2455 1666 2538 merrsnratc
1759 2449 1763 2459 ’

256 2583 520 2688 manducare,
557 2584 591 2667 si
621 2613 761 2671 eorum
792 2585 919 2670 abbas
949 2587 999 2671 dc
1027 2585 1213 2698 pluribus
1250 2583 1473 2696 pulmentis
1502 2590 1663 2667 tantum

109 2765 114 2776 =
255 2715 496 2819 manducat,
526 2723 726 2828 quantum
767 2717 818 2803 de
857 2718 1000 2805 tribus.
1059 2717 1257 2804 Similiter
1295 2723 1337 2802 et
1365 2715 1415 2799 tle
1450 2713 1665 2799 honestate

253 2847 510 2935 sentiendum
547 2852 621 2934 est.
680 2851 740 2936 De
768 2850 860 2937 ioco
890 2879 984 2936 vero
1023 2851 1234 2937 nonsatis
1272 2851 1421 2952 claret,
1452 2847 1522 2933 ubi
1550 2876 1664 2933 man·

252 2981 398 3067 ducere
427 2982 588 3068 debeat.
645 2982 787 3068 Potuit
816 2982 924 3068 euim
953 2971 1115 3095 plenius
1145 2969 1349 3093 intelligi,
1353 2961 1466 3066 loris
1488 2969 1661 3064 ntundn-

251 3139 342 3198 care
370 3091 560 3217 drwbere,
559 3116 592 3198 si
623 3143 705 3199 nou
727 3114 1009 3201 invenirentur
1031 3117 1132 3200 talia
1157 3116 1284 3200 refect
1265 3113 1384 3216 toria,
1415 3140 1518 3223 quae
1542 3138 1663 3220 snpe-
1804 3146 1806 3152 ¹
1859 3163 1861 3170 ‹

252 3244 334 3330 rius
354 3244 541 3348 diximus,
571 3247 628 3332 ita
652 3230 801 3332 habere
832 3277 992 3334 mensas
1021 3249 1243 3348 ordinatas,
1272 3251 1320 3330 nt
1348 3272 1502 3336 omnes
1517 3241 1663 3325 iratres
1698 3307 1701 3316 .
1824 3295 1825 3298 κ

250 3375 302 3458 ab
329 3377 480 3462 abbate
520 3407 602 3466 non
643 3380 802 3489 possint
843 3379 980 3468 videri.
1038 3379 1117 3466 Sed
1148 3379 1226 3464 hoc
1255 3377 1353 3488 qnid
1383 3375 1462 3462 erit
1443 3379 1495 3460 t?
1552 3373 1660 3458 Nam

118 3553 121 3564 =
250 3504 280 3586 si
311 3501 380 3589 ille
419 3508 514 3592 talis
555 3517 638 3610 est,
669 3513 830 3622 qualem
860 3513 939 3597 istu
967 3511 1110 3623 regula
1138 3507 1263 3610 dicit,¹
1294 3535 1375 3592 nou
1418 3513 1480 3592 est
1509 3505 1660 3589 duilio

250 3637 400 3723 anulum
429 3643 729 3751 suspicandum,
761 3643 994 3754 ubicunque
1025 3639 1346 3728 manducaverit.
1406 3637 1528 3722 Forte
1558 3636 1660 3720 dicit

249 3770 415 3882 aliquis:
455 3775 588 3872 Quare
604 3775 726 3860 debet
746 3776 921 3888 coquina
935 3775 1099 3859 abbatis
1116 3773 1236 3881 juxta
1250 3771 1466 3881 coquinam
1484 3768 1659 3854 fratrum

249 3933 356 4010 esse,
386 3905 418 3989 si
461 3905 589 3992 abbas
631 3919 747 3993 extra
784 3907 1044 3994 relectorium
1086 3905 1209 3991 debet
1248 3903 1530 3990 manducare?
1586 3899 1659 3984 Cui

248 4037 575 4148 respondendum
618 4047 701 4125 est:
741 4039 830 4143 illi,
860 4039 932 4153 qui
969 4039 1130 4144 dicunt,
1160 4039 1351 4124 abbatem
1396 4063 1478 4120 uon
1515 4033 1660 4118 debere
1719 4064 1720 4067 ι
1770 4060 1772 4066 ’
1860 4061 1862 4064 ·

252 4171 498 4257 nrarrdncare
526 4177 643 4258 extra
671 4173 951 4276 relectorium,
976 4175 1130 4275 dicunt,
1159 4172 1375 4283 coquinam
1401 4166 1561 4254 abbatis
1576 4195 1661 4250 esse
1729 4245 1730 4250 ι
1798 4276 1799 4279 p

249 4329 346 4412 erga
382 4305 599 4415 coquinam
644 4305 951 4394 monachorum.⁴
1008 4301 1245 4390 Notandum
1287 4309 1351 4387 est
1386 4301 1514 4402 enim,
1553 4297 1659 4382 siout
1716 4351 1717 4354 ι

248 4431 436 4538 diximus,
465 4437 561 4547 qnia
590 4436 640 4521 dc
668 4425 808 4522 meuse
836 4437 1010 4540 abbatis,
1040 4438 1111 4522 nbi
1139 4465 1224 4522 esse
1241 4435 1375 4538 debet,
1406 4435 1431 4522 i.
1456 4462 1488 4518 a.
1519 4438 1656 4516 utrum

80 4603 83 4610 ·
249 4561 290 4648 in
329 4567 546 4655 refectorio
586 4597 679 4654 curn
722 4566 871 4654 mensis
908 4569 1105 4674 fratrum,
1133 4599 1186 4654 cn
1226 4573 1343 4654 extra
1384 4563 1658 4665 refectorium,
1728 4673 1740 4696 ν

102 4684 105 4691 ’
249 4697 357 4783 varic
375 4697 634 4814 intelligitur.
674 4703 809 4788 Aliter
831 4703 939 4788 enim
963 4701 1206 4814 intelligunt
1225 4699 1458 4813 spirituales
1475 4696 1657 4827 abbates,

247 4828 367 4915 aliter
394 4832 590 4924 ceruales.
639 4833 796 4922 Dicunt
822 4836 985 4946 quidem
1015 4835 1199 4920 carnales
1226 4833 1408 4935 abbates,
1437 4827 1656 4940 quiscum

247 4958 476 5074 hospitibus
500 4973 618 5052 extra
636 4968 897 5054 relectorium
920 4961 1482 5052 debetessemenseabbatis.
1529 4961 1656 5042 Assu-

70 5069 74 5177 ι
247 5095 366 5176 munt
405 5093 449 5178 in
478 5095 729 5206 adjutorium
768 5100 831 5186 sui
855 5097 1016 5184 'erroris
1044 5091 1168 5197 illud,
1198 5094 1307 5206 quod
1337 5093 1379 5182 S.
1409 5091 1656 5178 Benedictus
1906 5178 1907 5220 r

247 5219 366 5309 dicit:
410 5227 570 5332 Quoties
595 5234 732 5316 tomen
759 5233 894 5318 minue
921 5234 1015 5313 saro
1041 5227 1228 5335 hospites,
1257 5250 1357 5336 quor
1383 5226 1466 5318 cult
1484 5227 1541 5328 ,da
1564 5223 1656 5328 fro·
1736 5225 1737 5228 ‘
1828 5277 1830 5282 .
1905 5277 1907 5308 ι
