3934 5762
200 213 262 370 36ι
529 365 531 372 ,
722 249 727 260 ’
828 277 1011 372 emam..

202 502 384 598 dicatum
407 526 491 582 nau
513 499 679 582 enimin
708 497 907 606 hocloco,
928 527 1023 584 cam
1044 499 1146 584 dicit
1170 499 1307 604 uitam,
1334 501 1387 585 de
1413 505 1641 612 pauent

202 633 303 714 «licit
330 633 437 730 vita,
475 631 545 712 eed
582 631 633 713 de
663 635 748 717 vita
776 637 967 730 aeterua,
1006 637 1048 718 et
1087 632 1203 733 idea,
1244 634 1315 717 nbi
1345 633 1473 717 vitam
1501 635 1617 734 dicit,
1743 625 1749 638 ’

202 760 529 844 saabandiendum
558 769 642 865 cst:
680 767 861 848 aeterna.
918 759 1027 844 Nam
1056 761 1091 843 si
1127 763 1179 844 de
1218 763 1293 846 lanc
1323 765 1410 847 uita
1435 764 1617 868 alixinsct,
1708 859 1710 864 ,
1821 836 1825 845 .

96 929 100 934 ·
204 891 454 1000 superfluum
486 889 631 972 fuisset
658 893 813 994 dicere,
851 921 901 976 eo
930 891 1040 1000 quod
1067 890 1161 978 illos
1188 893 1435 1008 alloquitur,
1475 895 1545 1000 qni
1575 895 1617 978 iu

204 1022 280 1103 lnac
309 1023 403 1104 vitra»
423 1023 630 1130 praesenti
661 1029 779 1120 sunt;
818 1023 919 1106 lauec
950 1021 1060 1105 euim
1091 1015 1174 1104 vita
1204 1049 1286 1106 non
1316 1027 1380 1104 est
1408 1021 1506 1119 rita,
1546 1023 1615 1107 sed

203 1154 283 1234 iter
312 1151 422 1234 uitae
450 1157 526 1254 est,
554 1179 778 1263 perquam
807 1152 860 1234 ad
890 1152 1001 1234 illum
1033 1154 1159 1236 uitam
1188 1159 1397 1236 aeternam
1427 1153 1618 1261 perreni-
1742 1141 1745 1147 ⁴

81 1303 85 1314 ·
204 1287 282 1362 tur.
344 1281 440 1388 Vita
471 1310 579 1379 acro,
610 1284 780 1390 quaein
806 1282 970 1367 inferno
994 1289 1069 1380 cst,
1098 1288 1142 1364 et
1168 1283 1253 1364 vita
1287 1291 1351 1364 cst
1378 1287 1421 1364 et
1447 1309 1531 1364 non
1557 1293 1620 1363 est

184 1412 304 1494 'vitan
364 1408 471 1494 t'iau'
491 1418 563 1492 est·
582 1410 744 1519 quidem
776 1407 1173 1518 per'suunamun,
1214 1440 1264 1494 eo
1292 1411 1403 1520 qaa'od
1435 1411 1516 1510 illi,
1549 1413 1618 1518 (μή

205 1540 291 1622 illic
321 1546 567 1640 cremantur,
598 1567 807 1650 nunquam
831 1568 904 1648 per
921 1541 1193 1624 substantiam
1217 1542 1438 1639 ‹leticiunt3
1466 1547 1507 1622 ct
1537 1569 1620 1624 rann

209 1677 272 1750 nst
302 1670 385 1752 vita
414 1698 487 1778 pcr
515 1668 758 1768 bonitatem,
788 1672 884 1778 qnia
914 1671 988 1774 illi,
1016 1672 1087 1779 qui
1112 1670 1196 1754 illic
1218 1670 1378 1770 ardent,
1407 1698 1618 1777 nunquam

212 1792 320 1884 linaro
342 1799 564 1885 iniuntur·
615 1797 720 1882 Nam
746 1799 797 1882 de
820 1831 902 1910 qna
924 1802 1012 1885 rita
1031 1803 1156 1903 dicat,
1184 1800 1290 1882 idean
1314 1801 1403 1907 ipse
1420 1805 1621 1910 proptaeln

211 1933 458 2046 numil'estut,
488 1957 579 2012 crana
609 1929 841 2038 subjungit:
872 1940 909 2015 et
927 1933 1036 2036 cupit
1054 1930 1189 2014 cillere
1208 1929 1297 2012 dics
1317 1929 1452 2016 barrem.
1511 1929 1621 2014 Bene

80 2073 89 2094 '
205 2069 341 2148 antean
372 2061 530 2145 addidit
559 2060 750 2144 berterad
775 2063 1076 2168 separationem
1101 2060 1299 2143 malornm
1325 2059 1479 2142 dicrum
1505 2090 1621 2169 prue-

205 2179 332 2276 uentie
363 2191 491 2291 vitare,
534 2193 576 2277 in
606 2191 809 2302 praesenti
839 2191 991 2274 etenim
1023 2194 1106 2275 vitu
1135 2219 1218 2274 uon
1259 2196 1357 2273 sunt
1386 2189 1506 2286 burri,
1550 2191 1619 2272 ned

96 2362 100 2370 ·
207 2324 303 2416 muli
334 2323 431 2410 dics.
490 2321 589 2407 Muli
620 2319 772 2406 etcraim
803 2321 894 2405 dico
923 2351 1005 2405 nrm
1037 2351 1110 2432 per
1134 2322 1419 2418 callist-nntium,
1450 2321 1521 2408 ned
1552 2349 1623 2430 per

208 2461 413 2542 actionem
443 2454 657 2544 mulorum.
717 2453 771 2538 Et
810 2455 919 2564 quod
961 2455 1057 2538 mali
1099 2455 1185 2538 dics
1221 2453 1306 2538 siut
1345 2453 1619 2560 inpraesenti

208 2593 306 2691 vitu,
334 2593 511 2672 testatur
537 2586 698 2682 Paulus,
730 2615 822 2670 cum
853 2587 966 2686 dicit,
995 2590 1055 2670 ait
1081 2586 1211 2669 carim:
1242 2584 1499 2668 Redinunlcs
1526 2592 1623 2668 nu-
1674 2599 1677 2604 “

202 2748 295 2826 paras,
324 2723 512 2826 perardum
544 2719 631 2800 dics
660 2717 760 2801 nardi
787 2727 893 2806 sacrat.
960 2717 1007 2799 lu
1037 2719 1115 2801 lanc
1144 2717 1253 2800 enim
1283 2717 1375 2798 loco
1402 2743 1494 2800 cum
1516 2715 1622 2798 Pau·
1672 2825 1677 2834 ι

209 2853 270 2933 lus
299 2851 419 2933 dicit:
449 2849 537 2932 dics
567 2847 665 2930 taiadi
694 2849 745 2930 de
767 2849 910 2930 dicbus
934 2847 1162 2957 praesentis
1194 2846 1303 2928 vitae
1325 2845 1439 2944 dicit,
1468 2875 1552 2928 nun
1577 2852 1623 2928 ut

209 2977 286 3087 pcr'
309 2979 596 3077 saalrstantiama,
625 2978 734 3061 sicut
756 2981 842 3086 jum
873 2979 1062 3077 dirimam,
1090 2977 1176 3060 dies
1207 2975 1301 3059 rraali
1330 2975 1427 3076 sint,
1457 2975 1527 3058 sed
1556 3003 1621 3056 sc·

211 3107 389 3190 caunlnna
418 3111 623 3190 actionem
654 3107 826 3206 malam,
868 3133 972 3216 qaaae
1012 3107 1054 3187 in
1084 3109 1310 3214 praesentis
1340 3105 1449 3187 vitnc
1477 3103 1622 3187 diclmn

210 3239 360 3344 agitur.
420 3236 467 3316 ln
508 3239 646 3319 l'ntma
675 3265 772 3319 vero
802 3237 888 3319 rita
923 3235 1009 3318 dies
1048 3235 1148 3317 boni
1189 3241 1309 3336 canat,
1346 3233 1537 3342 eoquod
1566 3233 1621 3315 ini

210 3368 280 3449 illu
310 3368 395 3448 vita
425 3366 640 3467 tranantur,
681 3395 788 3475 quae
816 3365 923 3476 (qni)
951 3365 1076 3448 dicit:
1106 3362 1197 3472 Epo
1225 3389 1315 3446 anan
1342 3365 1432 3460 viu,
1473 3363 1623 3444 neritus
1654 3419 1660 3430 .

98 3608 104 3617 ἢ
208 3507 245 3580 el
273 3497 365 3581 citu.

319 3627 529 3738 Sequitur:
566 3630 673 3735 qarnd
699 3631 737 3713 si
765 3629 937 3714 audiens
964 3629 1234 3732 respondeus:
1271 3625 1374 3736 Epo,
1413 3625 1456 3710 id
1485 3633 1560 3727 est,
1589 3625 1623 3710 si

209 3761 260 3843 ad
292 3759 396 3843 laanc
429 3789 567 3844 vocem
596 3763 838 3846 audiendam
879 3760 1141 3870 temetipsum
1179 3758 1378 3842 obtuleris
1404 3759 1486 3862 illi,
1526 3760 1624 3843 dicit

5 3949 8 3961 Α
133 3957 137 3964 .
207 3891 281 3973 lidi
319 3891 533 3980 Durnium.
594 3893 672 3978 llic
711 3893 821 3976 enim
860 3893 979 3991 talis,
1019 3893 1090 4001 qni
1132 3889 1191 3974 lla
1228 3893 1340 3999 agit,
1380 3889 1526 3972 similis
1561 3895 1623 3970 est
1751 4001 1756 4010 ι

210 4020 367 4124 liunine,
392 4024 463 4133 qui
479 4025 649 4106 narniens
668 4024 890 4108 llumimam
907 4023 1132 4105 dicentem:
1155 4021 1254 4125 Quis
1278 4021 1350 4103 ilait
1366 4047 1417 4104 ex
1433 4020 1581 4104 laodic?
1591 4019 1622 4128 ¹)

187 4155 420 4262 respondit
448 4155 609 4238 dicens:
639 4154 744 4238 Ince
771 4182 853 4261 epo,
881 4155 992 4235 ratiltc
1018 4179 1093 4236 mc.

319 4285 532 4394 Sequitur:
565 4285 614 4370 Si
639 4287 699 4368 cis
722 4288 866 4370 lautae
889 4313 1023 4369 cerum
1046 4290 1083 4367 el
1099 4290 1341 4388 perpetuum
1363 4284 1499 4384 nitunt,
1524 4298 1624 4390 prol

206 4417 296 4502 dilrc
324 4414 504 4523 linpmnn
531 4423 642 4498 trauan
671 4419 840 4518 (taranta,
870 4425 906 4500 cl
928 4415 1040 4500 luldu
1066 4421 1136 4499 lna
1162 4443 1212 4499 nc
1235 4411 1453 4518 loqaumlur
1473 4413 1642 4528 rlolrnm

212 4548 257 4630 ln
287 4538 366 4630 laec
395 4537 502 4630 enim
542 4547 633 4630 loco
661 4547 828 4629 nornine
866 4535 963 4628 muli
1003 4545 1137 4628 narraris
1169 4543 1326 4628 mulitia
1353 4543 1626 4654 comprclaen·
1723 4615 1725 4620 .

207 4678 336 4774 ditur3
366 4706 459 4758 naun
482 4673 658 4784 speeiem
683 4674 972 4776 aaranil'eslavit,
995 4701 1088 4757 cum
1111 4671 1216 4756 dixit
1241 4671 1622 4774 deliramenta:

207 4807 318 4934 iplaia
346 4813 416 4889 lna
445 4833 493 4889 rac
521 4805 735 4912 quarunlm·
762 4805 918 4903 ‹lolann3
948 4803 1064 4886 illilus
1085 4803 1194 4886 enim
1221 4799 1470 4910 intelligitur
1498 4803 1622 4890 treus.

209 4940 354 5021 Onnais
388 4938 496 5020 enirn
539 4937 649 5020 fraus
690 4936 776 5021 siae
804 4936 921 5022 dolus
963 4936 1118 5020 rnalum
1159 4932 1335 5032 dicitnr3
1376 4961 1471 5018 narn
1500 4959 1624 5017 carane

216 5133 232 5140 -ι
241 5131 314 5142 un..—
332 5129 471 5141 n-·-·

177 5293 181 5298 ,
298 5231 327 5308 ¹)
352 5221 454 5292 lnaia.
478 5221 529 5308 (c,
552 5221 604 5303 Sl:
635 5221 680 5292 nt
702 5220 781 5308 main
806 5219 876 5292 ibit
898 5219 1026 5327 rrobin't
1099 5244 1104 5256 ·
