3930 5788
890 297 975 390 (lap.
998 297 1088 370 mx.
1622 309 1703 388 549

297 529 434 606 tenere
463 516 688 619 infantem,
718 522 761 600 et
789 517 912 603 debet
938 515 1145 604 involvere
1174 547 1340 604 manum
1372 517 1443 601 tilii
1472 519 1534 602 sui
1564 519 1605 600 in
1635 519 1706 602 illa

63 739 67 751 ,
293 648 506 760 mappula,
537 674 628 730 eum
671 674 751 756 qun
790 649 937 750 offert,
967 647 1064 758 quia
1104 651 1154 734 da
1194 651 1282 762 ipsa
1323 649 1517 760 mappula
1557 647 1704 731 dieitur

62 773 70 874 l
133 792 135 796 ’
288 779 409 890 pullo
437 777 609 880 ultoris,
639 807 722 862 non
753 779 803 862 de
830 779 972 866 altaris
1000 807 1137 888 panno
1165 788 1337 866 sacrato.
1396 779 1554 864 Deinde
1583 780 1704 863 debat

64 937 71 973 ι
241 955 249 976 =
296 919 434 995 tenore
462 935 584 992 menn
614 937 687 993 sun
715 937 879 993 manum
911 907 985 994 filii
1013 911 1075 994 sui
1098 911 1325 996 involutam
1353 912 1402 994 in.
1420 911 1491 994 illu
1510 909 1703 1018 mappula

291 1052 333 1128 et
361 1038 622 1150 petitionem,
651 1069 732 1149 qua
771 1041 910 1124 firmat
949 1039 1077 1124 filium
1107 1068 1225 1134 suum
1261 1041 1303 1125 in
1340 1041 1412 1125 illo
1441 1039 1699 1138 monasterio,

290 1178 331 1258 et
374 1168 525 1253 debent
565 1169 705 1254 adesse
750 1175 888 1258 testes.
953 1169 1068 1270 Tunc
1115 1171 1237 1256 debet
1281 1173 1406 1258 abbas
1449 1170 1702 1280 interrogare
1777 1207 1780 1212 ·

290 1302 405 1386 illum
437 1298 516 1384 isto
546 1299 687 1384 modo:
718 1299 824 1400 Quid
853 1303 959 1410 petie
988 1303 1147 1388 frater?
1206 1303 1278 1388 llle
1307 1303 1429 1387 debet
1456 1301 1701 1410 respondere

294 1433 449 1518 dicens:
483 1429 589 1519 Volo
618 1431 779 1516 tradere
808 1433 939 1517 tilium
960 1461 1094 1518 meum
1121 1433 1206 1516 Deo
1236 1432 1509 1542 omnipotenti
1538 1433 1590 1516 ad
1619 1459 1700 1514 ser·
1815 1490 1832 1510 -,
1873 1423 1879 1434 ’

289 1561 478 1646 siendum
508 1559 585 1644 sibi
615 1560 657 1644 iu
680 1559 758 1646 lroo
787 1563 1048 1666 monasterio,
1078 1563 1174 1670 quia
1193 1561 1249 1645 sie
1272 1561 1481 1671 praecepit
1501 1561 1700 1658 Dominus
1764 1619 1768 1632 .
1904 1565 1909 1576 '

289 1689 330 1774 in
360 1689 450 1796 lege
473 1689 565 1773 liliis
590 1690 725 1794 lsrael,
755 1695 803 1775 ιιι
825 1693 1022 1776 offerrent
1045 1691 1150 1775 filios
1172 1720 1266 1774 arros
1288 1691 1396 1790 Deo;
1426 1699 1468 1774 et
1484 1696 1700 1800 propterea
1808 1737 1809 1742 ι

291 1846 367 1929 ego
397 1818 489 1904 volo
519 1819 629 1905 hune
655 1819 787 1918 filium
819 1848 952 1905 meum
982 1820 1177 1905 ‘similiter
1212 1819 1298 1904 Deo
1327 1821 1485 1933 offerre.
1542 1804 1699 1901 Deinde

291 1949 412 2032 debet
432 1948 564 2034 dicere
587 1950 715 2034 abbas
737 1951 927 2035 testibus:
959 1949 1134 2048 Auditis,
1165 1951 1325 2053 fratres,
1354 1958 1395 2033 et
1415 1949 1570 2046 videtis,
1601 1949 1697 2057 quial

286 2079 361 2163 istu
392 2078 504 2166 dicit.
546 2077 611 2162 llli
642 2080 793 2164 debent
822 2080 982 2165 dicerer
1004 2080 1245 2164 Audivimus
1275 2087 1317 2164 ot
1345 2079 1539 2164 aldarnus.
1584 2079 1699 2163 'runo

287 2208 409 2292 debet
425 2207 495 2292 ille
512 2215 627 2320 pater
642 2214 738 2296 ante
754 2238 797 2295 se
814 2210 940 2294 filiurn
965 2237 1081 2292 suum
1099 2209 1246 2294 ducere
1260 2209 1312 2294 ad
1328 2210 1444 2294 illmn
1460 2211 1607 2309 locum,
1627 2208 1697 2292 ubi
1905 2245 1908 2254 ¹

294 2339 480 2422 homines
498 2343 643 2424 otlerre
659 2346 971 2425 consueverunt.
1013 2340 1171 2424 Deinde
1190 2340 1310 2425 debet
1326 2341 1537 2452 presbyter
1555 2337 1698 2423 tollere
1845 2325 1847 2328 ⁵

288 2469 468 2553 oblatam
508 2477 550 2553 et
585 2470 762 2554 amulam
807 2471 856 2555 de
899 2499 1023 2554 manu
1066 2469 1235 2554 infantis
1278 2475 1394 2555 tenta
1414 2469 1445 2578 ¹)
1486 2468 1530 2552 in
1574 2496 1696 2551 manu

290 2599 436 2709 patris,
468 2606 510 2684 et
536 2600 664 2684 abbas
693 2601 816 2685 debet
844 2601 1023 2710 recipere
1052 2601 1252 2684 infantem
1289 2604 1331 2682 et
1358 2599 1501 2683 tollere
1529 2595 1706 2707 petitio-¹

287 2756 393 2830 nem,
422 2728 482 2812 ita
510 2736 662 2832 tamen,
696 2736 744 2813 ut
772 2737 889 2840 pater
916 2731 1026 2813 illem
1056 2731 1295 2839 petitionem
1326 2757 1447 2840 anper
1474 2727 1604 2812 altare
1633 2756 1696 2810 re·

172 2854 176 2863 ’
288 2865 428 2968 ponat,
457 2861 636 2970 eoquod
664 2863 790 2946 abbas
819 2859 930 2944 illurn
961 2861 1203 2970 petitionem
1231 2860 1403 2970 desuper
1425 2858 1556 2942 altare
1575 2859 1697 2942 debet
1829 2875 1833 2884 “

285 2989 449 3090 tollere,
478 2989 575 3098 quia
615 2991 672 3076 sie
712 2991 755 3075 in
798 2989 981 3099 capitulo
1017 2989 1155 3074 LVlll
1197 2989 1317 3075 dicit:
1359 2993 1532 3092 clusrtpar
1568 2987 1698 3071 ultano
1791 3029 1794 3034 ·
1849 3092 1851 3097 ,

250 3167 253 3171 -
281 3125 418 3223 porcat,
449 3127 491 3202 et
518 3118 640 3205 alibi:
681 3146 763 3204 aron
791 3122 937 3206 reddat
965 3118 1079 3204 illum
1101 3119 1345 3224 petitionem,
1375 3147 1495 3224 peram
1524 3119 1696 3222 ‹learapar

285 3249 413 3334 altaro
453 3249 599 3337 tulerit.
656 3250 950 3364 Verumtamen
985 3249 1130 3334 melius
1166 3253 1252 3347 est,
1282 3247 1314 3332 si
1344 3256 1481 3358 potest
1511 3249 1619 3349 fieri,
1651 3258 1697 3330 ιιι
1759 3299 1765 3318 -.
1869 3337 1894 3358 ι,

235 3439 238 3456 ‚
285 3380 409 3464 abbas
445 3385 587 3466 cantet
618 3381 806 3482 missam,
836 3388 884 3465 ιιι
912 3380 981 3464 ille
1010 3378 1185 3490 accipiat
1214 3379 1335 3463 etium
1366 3377 1479 3462 illam
1508 3379 1691 3462 oblatum

283 3519 325 3595 et
352 3507 513 3598 'vinum
580 3513 677 3598 Ideo
718 3494 927 3624 pru'eeepit
965 3513 1013 3599 B.
1053 3510 1322 3612 Benedictus,
1351 3531 1444 3594 oum
1486 3508 1694 3593 oblatione

284 3643 431 3747 offerri,
465 3652 512 3730 ut
539 3674 610 3756 per
639 3647 738 3746 hoe,
767 3643 876 3754 quod
907 3643 1007 3726 foris
1037 3641 1287 3743 ostenditur,
1318 3639 1575 3752 significetur
1603 3639 1693 3738 troc,
1724 3729 1725 3734 Ν

287 3777 394 3883 quod
425 3779 605 3888 geritur,
635 3776 662 3862 i.
692 3805 727 3864 e.
765 3774 871 3858 siout
904 3773 1061 3858 oblatio
1090 3767 1268 3856 efficitur
1296 3769 1580 3855 holocaustum
1611 3768 1694 3850 Do·

284 3902 417 4008 mino,
472 3906 530 3991 ita
553 4013 556 4020 .
578 3907 702 3992 etiam
751 3905 819 3990 ille
869 3904 1006 3990 inians
1050 3901 1333 4004 holocaustum
1378 3899 1553 3987 Domino
1603 3887 1693 3982 eili-
1816 3955 1819 3961 -

250 4035 426 4149 uniatur.
484 4036 580 4136 Non
609 4039 717 4122 enirn
748 4034 850 4122 dioit
878 4036 921 4118 in
949 4034 1021 4119 illo
1061 4060 1199 4142 panno
1230 4029 1371 4116 altoris
1405 4028 1580 4134 involvi,
1622 4025 1692 4134 qui

283 4174 464 4253 suorutns
505 4175 588 4272 est,
626 4169 718 4254 ie.
760 4166 831 4279 qui
868 4193 990 4274 snper
1027 4164 1155 4248 altare
1196 4163 1379 4272 ponitur,
1420 4161 1489 4244 sed
1531 4159 1581 4241 de
1621 4157 1692 4240 illo

280 4326 440 4408 pauno,
495 4327 587 4386 oum
631 4326 712 4409 quo
770 4326 843 4382 nos
886 4295 1117 4399 offerimus,
1168 4321 1287 4404 quem
1335 4319 1410 4376 uos
1458 4289 1691 4399 mappulam
1763 4341 1791 4360 0

281 4455 493 4534 vocamus,
534 4436 578 4516 et
611 4430 690 4515 hoo
720 4427 863 4514 altaris
899 4455 1060 4538 pannus
1089 4427 1169 4522 est,
1210 4423 1306 4534 quin
1334 4422 1511 4508 ollioium
1549 4421 1691 4508 altaris
1780 4411 1781 4416 ‘

279 4587 351 4669 por
381 4561 459 4647 hoo
487 4549 640 4674 agitur.
1455 4572 1457 4580 ’
1640 4639 1643 4646 ,
1788 4669 1790 4672 ¹

390 4689 604 4803 Sequitur:
635 4689 700 4776 Do
718 4689 836 4774 rebus
855 4694 987 4774 autom
1008 4684 1095 4771 suis
1122 4691 1192 4769 aaut
1215 4684 1257 4768 iu
1274 4682 1484 4791 praeeant
1498 4684 1692 4790 petitione

275 4821 517 4925 promittant
540 4821 615 4908 aad
635 4819 921 4929 jurejurando,
950 4817 1046 4924 qaia
1066 4841 1271 4922 sennonem
1290 4837 1371 4920 por
1401 4837 1457 4917 aa,
1486 4840 1692 4918 rrrauqaam
1834 4869 1836 4874 .

273 4975 354 5056 per
382 4959 607 5058 suspectum
630 4975 853 5059 perreriam
880 4947 951 5036 aar
977 4945 1146 5056 quolibet
1173 4947 1289 5032 modo
1311 4941 1590 5061 utaliquando
1614 4941 1713 5026 ati·'
1784 4945 1787 4952 ’

365 5236 394 5324 ¹)
415 5237 564 5308 tentum.
609 5234 694 5308 Cod.
719 5231 923 5307 Divioueur.
944 5249 986 5302 ex
1009 5224 1160 5301 Mortuo.
1359 5287 1363 5296 .
