3974 5778
205 204 336 290 ¹262
403 185 407 192 ’
728 179 732 190 ’
838 195 1052 292 atum

202 411 207 422 ’
252 419 380 506 hebes
406 423 483 528 est,
510 417 578 507 cui
605 420 641 506 ri
668 448 792 508 οιιιιιιι
818 417 1080 534 intelligendi
1103 417 1320 531 gaunditer
1344 348 1664 523 locntnsinero,

252 552 402 638 leuiter
428 551 588 664 loquor.
644 551 701 638 Et
727 551 806 638 lroc
833 549 1240 638 animadvertendum
1263 553 1353 654 est,-
1368 547 1467 661 quia
1485 548 1528 632 in
1551 549 1663 635 omni

185 681 188 686 ’
252 683 463 770 locutione
501 683 631 770 debeo
668 684 871 796 inspicere
908 681 1167 767 submissum.
1193 707 1325 788 genus
1361 679 1584 766 locutionis
1620 687 1665 766 et
1712 743 1715 750 ⁴
1867 754 1875 766 .

152 811 157 820 '
205 866 209 874 -
254 817 529 926 temperatum
567 807 693 926 atque
721 815 949 902 vehemens.
1009 811 1223 898 Submisso
1257 838 1409 922 genere
1444 812 1664 900 locutionis

252 946 365 1057 loqui
386 947 523 1053 debes,
547 975 640 1032 cum
663 947 713 1031 de
733 946 870 1058 parcis
889 944 1012 1030 rebus
1031 942 1224 1054 loqueris,
1246 942 1373 1028 veluti
1393 972 1487 1031 curn
1509 944 1561 1030 de
1577 975 1666 1030 aur·

248 1077 467 1192 tralatione
493 1077 675 1188 loqueris
702 1076 836 1164 fratri.
891 1075 997 1160 Item
1018 1078 1251 1184 temperato
1275 1102 1427 1186 genere
1444 1074 1664 1159 locutionis

75 1309 79 1316 ι
252 1207 376 1292 debes
402 1209 519 1320 loqui
545 1211 590 1294 in
629 1207 904 1293 mediocribus
943 1201 1097 1308 causis,
1135 1231 1175 1292 r.
1205 1231 1267 1314 gr.
1307 1232 1401 1288 curn
1431 1205 1484 1288 de
1506 1205 1665 1314 jejunio

251 1338 376 1422 alieni
401 1339 515 1449 loqui
544 1337 667 1423 debes
703 1337 791 1446 jam
820 1337 866 1420 in
903 1336 984 1420 isto
1021 1335 1136 1437 loeo,
1175 1332 1273 1445 quia
1301 1336 1505 1444 jejunium
1534 1335 1665 1444 majus

252 1474 316 1553 est
341 1498 464 1579 quam
491 1468 741 1568 arnbulati03
770 1467 837 1552 hio
864 1471 1094 1578 temperato
1122 1493 1273 1578 genere
1301 1465 1524 1550 locutionis
1551 1465 1664 1575 loqui

252 1599 388 1688 debes.
445 1601 551 1686 Item
579 1600 813 1685 vehementi
851 1625 1003 1712 genere
1042 1598 1263 1684 locutionis
1298 1598 1413 1710 loqui
1440 1597 1565 1682 debes
1590 1598 1665 1698 illi,

97 1842 102 1852 ῃ
250 1731 317 1815 oui
347 1731 397 1817 de
437 1732 609 1817 caritate
647 1735 813 1842 oportet
852 1736 896 1816 te
933 1731 1069 1841 loqui,
1108 1729 1205 1841 quia
1243 1728 1393 1814 caritas
1432 1730 1566 1840 major
1604 1735 1666 1815 est

251 1862 421 1947 caeteris
461 1863 740 1976 superioribus
776 1861 1019 1962 virtutibus3
1058 1860 1211 1947 idcirco
1241 1859 1474 1947 vehementi
1515 1891 1666 1974 genere

169 2069 172 2076 .
251 1993 473 2110 locutionis
501 1996 625 2082 debes
652 1995 787 2107 loqui,
822 1995 940 2105 qnia,
979 1994 1088 2080 sicut
1113 2023 1235 2080 cansa
1260 1995 1412 2107 exigit,
1453 1995 1513 2080 ita
1541 1995 1666 2080 debes

71 2135 86 2234 ᾗ
250 2126 501 2214 locutionem
530 2126 709 2214 formare
736 2131 780 2212 et
799 2127 1086 2238 multiplicare.
1144 2125 1240 2212 Non
1263 2129 1373 2212 enirn
1403 2127 1588 2230 dieirnns,
1618 2133 1665 2212 nt

8 2243 11 2248 Δ
138 2338 142 2344 ,
249 2287 392 2344 vocem
421 2287 615 2372 magnam
644 2259 768 2345 iacias
797 2258 841 2343 in
869 2251 1091 2358 locutione,
1120 2259 1191 2344 sed
1220 2261 1427 2368 quianon
1457 2265 1595 2370 potest
1622 2260 1665 2343 in

249 2389 476 2476 minoribus
503 2399 546 2477 et
573 2392 619 2476 in
647 2390 871 2543 majqribns
899 2391 1126 2538 aequaliter
1164 2391 1365 2503 intelligi,
1405 2423 1455 2477 eo
1483 2393 1594 2502 quod
1622 2393 1665 2476 in

249 2521 484 2632 rnajoribus
502 2523 586 2608 et
574 2551 617 2607 nr
648 2521 835 2606 maximis
863 2521 995 2606 causis
1025 2525 1253 2608 necessaria
1270 2530 1369 2608 sunt
1393 2525 1513 2634 plura
1540 2526 1665 2610 rerba

195 2713 201 2722 -
251 2655 336 2737 et
322 2683 365 2738 ιιι
395 2655 623 2740 minoribus
650 2654 856 2766 pauciora.
962 2737 963 2742 ι

111 2802 116 2810 ’
202 2845 209 2859 ·
361 2787 578 2898 Sequitur.
601 2811 738 2895 patrea
765 2784 885 2870 varta
915 2790 952 2870 cl
978 2783 1243 2872 rationabilia
1266 2785 1467 2892 loqrartar.
1526 2787 1568 2872 Ρ
1563 2815 1667 2873 aaca

183 2951 209 2976 ··
251 2922 361 3002 enini
397 2918 581 3002 attinent
618 2918 671 3002 ad
708 2917 771 3042 id,
811 2920 859 3000 nt
899 2918 1064 3000 tantum
1091 2905 1252 3004 debeas
1291 2917 1425 3027 loqui,
1466 2924 1664 3028 qnantura

4 3015 16 3140 Ι,
102 3107 104 3110 -
186 3091 189 3098 ·
250 3078 371 3132 earrsu
398 3048 541 3159 exigit,
571 3048 623 3132 de
650 3075 733 3156 qua
761 3046 883 3151 dicis,
912 3046 1026 3157 qnia,
1054 3046 1217 3132 sicuti'
1199 3076 1287 3158 Jarn
1316 3046 1527 3150 diximus,
1543 3077 1667 3153 erras,

106 3259 110 3266 .
250 3179 285 3263 si
315 3180 449 3264 nrinns
477 3184 551 3264 aut
578 3179 684 3288 plns,
714 3207 837 3289 qnam
866 3183 1051 3288 oportet,
1078 3177 1240 3263 locutus
1269 3177 1409 3263 fueris.
1466 3178 1667 3264 italiana·

85 3383 97 3406 ,
140 3407 142 3412 ,
184 3367 191 3384 ·
251 3301 350 3396 bilia
378 3315 517 3394 antem
545 3310 729 3394 attinent
755 3309 808 3394 ad
836 3309 893 3412 id,
921 3309 1031 3419 qnod
1048 3337 1143 3394 rora
1168 3315 1210 3394 et
1228 3309 1337 3394 bonu
1365 3310 1515 3398 debeas
1538 3311 1665 3422 loqui,

250 3442 279 3534 i.
308 3471 343 3526 o.
372 3441 580 3552 sapienter
606 3441 649 3526 et
676 3442 927 3554 eloquenter,
955 3446 996 3526 et
1025 3442 1079 3527 ab
1107 3441 1148 3525 id
1177 3442 1256 3526 rito
1284 3443 1542 3547 serrandum,
1570 3472 1664 3530 cunr

253 3577 472 3683 utrumqne
485 3557 751 3686 praeceptum
767 3577 839 3660 sit:
847 3601 986 3682 patrea
1001 3580 1039 3660 et
1052 3573 1316 3662 rationabilia
1329 3576 1450 3662 cerda
1465 3575 1666 3683 ioqrartar,
1754 3625 1756 3630 ·

251 3713 289 3791 et
315 3730 394 3789 aaa
420 3706 476 3790 sit
503 3703 704 3792 claraosrra
731 3707 775 3794 ia
806 3729 907 3794 voce.
964 3705 1074 3791 Nam
1098 3707 1170 3820 qui
1188 3714 1408 3816 utrumqne
1437 3735 1520 3791 nou
1543 3709 1666 3814 valet,

252 3837 381 3923 dicet·
401 3835 628 3944 sapienter,
669 3835 779 3946 qnod
820 3865 905 3921 nou
942 3837 1044 3922 dicit
1082 3839 1335 3947 eloquenter.
1381 3837 1491 3942 ⁴Ideo
1530 3837 1666 3923 dicere

145 4003 148 4010 ⁴
253 3967 376 4051 debet
394 3965 630 4051 monachos
657 3964 877 4074 sapienter,
907 3972 955 4053 ut
983 3965 1151 4054 nonsit
1179 3965 1381 4055 clamosas
1407 3995 1532 4070 voce,
1562 3969 1668 4054 sieut

253 4099 451 4210 scriptum
482 4103 562 4182 est:
600 4097 778 4206 Sapiens
804 4100 937 4186 varlas
964 4100 1176 4186 irraolescit
1196 4102 1358 4206 paucis.
1414 4101 1668 4212 Eloquenter

253 4259 350 4316 vero
378 4230 532 4346 attinet
553 4229 605 4314 ad
627 4257 759 4341 panca
773 4233 910 4336 verba,
939 4232 1035 4345 quia
1058 4231 1284 4320 monachus
1306 4232 1349 4317 in
1375 4233 1515 4347 paucis
1533 4231 1667 4319 verbis

253 4364 377 4448 debet
403 4362 748 4474 comprehendere
776 4393 952 4468 causam,
983 4393 1105 4476 quarn
1134 4365 1258 4473 dicit3
1294 4367 1503 4488 sapienter
1529 4370 1667 4452 eutem
1737 4369 1756 4422 -’

251 4497 404 4582 attinet
430 4495 484 4580 ad
512 4496 786 4600 rationabilia,
814 4495 1002 4605 eoquod
1030 4499 1256 4583 monachus
1287 4501 1394 4584 bonu
1422 4503 1465 4582 et
1487 4497 1671 4582 rationa-

24 4675 31 4690 ·
81 4739 83 4744 Ι
253 4628 354 4711 bilia
383 4627 507 4710 rerba
536 4624 658 4711 debet
693 4626 820 4736 loqui.
877 4627 994 4712 Istud
1032 4655 1146 4728 vero,
1183 4629 1293 4739 qnod
1328 4629 1430 4714 dicit
1457 4653 1597 4734 porrca
1632 4631 1670 4710 a

89 4747 97 4762 ’
206 4754 519 4842 ϊιιίιόηιιῦἱὶἱιι
547 4755 680 4861 verta,
709 4763 752 4841 et
780 4759 904 4880 istud,
932 4759 1044 4868 qnod
1082 4757 1183 4842 dicit
1209 4785 1289 4843 ιιοιι
1315 4760 1371 4844 sit
1400 4759 1601 4847 clarnosas
1623 4757 1669 4841 in
1822 4844 1826 4854 ,

251 4913 354 4992 noce,
382 4888 549 4998 respicit
575 4881 627 4974 ad
655 4889 779 4989 illud,
809 4890 919 5000 quod
949 4889 1051 4975 dicit
1077 4890 1230 4978 taliter.
1286 4889 1343 4974 Et
1371 4889 1450 4975 hoc
1479 4887 1666 4975 animad-

191 5121 193 5126 ,
255 5023 496 5110 vertendum
525 5025 600 5128 est,
628 5024 725 5134 qnia
752 5032 974 5133 utrnnrqna
1002 5021 1204 5134 praecipit
1224 5023 1271 5111 B.
1296 5021 1557 5126 Benedictus,
1588 5019 1614 5104 i.
1632 5047 1670 5110 e.

149 5237 154 5247 .
254 5155 474 5267 sapienter,
494 5159 537 5240 et
552 5155 807 5267 eloquenter.
856 5155 937 5242 Sed
955 5154 1168 5304 'sciendum
1189 5158 1263 5261 est,
1286 5156 1384 5265 quie
1404 5155 1438 5240 si
1455 5156 1669 5266 peecatum
