3968 5774
187 243 268 328 422
384 213 397 230 '
737 239 826 333 cap.
849 237 1044 316 muru

189 421 346 570 legera¹
366 461 407 546 iu
435 461 654 546 refectorio
691 458 1033 580 manducantibus
1069 458 1264 546 iratribus
1295 488 1418 546 causa
1445 460 1601 546 vitandi

191 591 349 706 fabulas
372 599 416 677 et
438 592 544 692 lites,
567 618 673 700 quae
695 589 739 674 iu
759 586 957 676 conviviis
980 593 1079 677 oriri
1098 592 1247 678 solent.
1289 591 1398 678 Nam
1415 594 1601 702 aegyptii

37 801 46 812 .
126 789 151 842 ·.
190 723 379 809 monachi
407 727 568 808 tautam
592 721 890 828 districtionem
905 724 950 807 in
965 715 1139 810 silentio
1161 725 1385 828 habebant,
1412 735 1474 824 ut,
1503 723 1601 840 dum
1659 763 1668 778 ·

84 963 89 972 .
190 844 513 956 manuducabaut,
543 847 698 964 opertis
734 853 786 938 dc
813 853 982 978 cucullis
1022 854 1151 940 acolis
1187 854 1506 954 manducarcut3
1545 855 1603 938 sic

191 988 310 1072 euim
330 985 430 1073 dicit
457 985 693 1072 Cassianus:
723 983 1012 1090 Illudautem,
1038 991 1081 1070 ut
1107 985 1377 1088 reficientibus
1400 986 1603 1092 tratribus

140 1165 146 1178 ·
192 1145 336 1204 sacrae
362 1116 548 1202 laetioraes
575 1118 619 1201 in
648 1116 845 1202 coenrediis
872 1118 1107 1222 recitentur,
1136 1147 1215 1202 uon
1252 1120 1303 1203 dc
1329 1117 1604 1226 uequtiornrn
1756 1171 1760 1180 -

83 1241 92 1328 ’.
192 1257 286 1358 typo
311 1249 579 1355 processisse,
606 1250 679 1332 sec
706 1251 757 1377 dc
790 1247 1074 1352 capparonem
1101 1250 1350 1350 reccarimus,
1377 1273 1477 1354 queas
1503 1247 1606 1332 rualli

190 1381 357 1464 durbinm
396 1385 455 1464 est
492 1405 571 1464 uun
609 1384 695 1463 tam
715 1375 933 1482 spiritalis
969 1379 1267 1464 exercitationis
1304 1405 1456 1482 curuo,
1483 1406 1605 1484 quarn

190 1507 497 1618 eorrrpescendoe
524 1507 753 1616 saepulturae
780 1509 1004 1616 otiosaeque
1028 1509 1365 1614 confabulationis
1389 1511 1541 1622 qratia,
1569 1517 1606 1594 et
1682 1515 1685 1522 ⁴

191 1643 369 1730 rrrrraime
394 1643 723 1742 'contentiosarum
761 1668 865 1746 qnae
897 1640 1134 1748 pleniusque
1167 1641 1296 1726 aaran
1333 1645 1377 1727 in
1414 1644 1607 1727 aarecioiis
1693 1728 1699 1740 ,
1834 1726 1840 1735 ,

66 1825 75 1836 ·
188 1773 408 1884 qerrcrari,
435 1772 508 1857 lroc
534 1778 709 1857 slatrure
734 1771 929 1872 coluisse,
958 1773 1137 1857 uidentes
1174 1797 1245 1856 eus
1277 1771 1398 1858 aliter
1424 1776 1539 1879 uprrd
1563 1801 1607 1860 sc

192 1930 273 1989 reon
297 1929 421 2010 posse
448 1902 633 1988 celtiberi.
688 1903 817 2008 Aprrd
842 1903 1062 2010 Acqqqtics
1088 1907 1196 1988 enirn
1231 1903 1294 1988 cet
1320 1906 1497 1988 rnruuime
1525 1899 1616 1990 Tui

193 2033 473 2119 beterrensiotas
499 2037 655 2115 tarrtmn
673 2031 879 2116 silentium
906 2032 959 2116 ab
979 2031 1163 2118 arrrnileus
1189 2033 1405 2136 exhibetur,
1433 2040 1488 2135 nt,
1517 2058 1605 2118 cnm
1645 2127 1650 2136 ,

196 2167 238 2247 in
269 2189 392 2246 rrnrrun
421 2166 533 2248 tarto
562 2161 833 2246 ranrrrercsitas
864 2141 1045 2265 fratrum
1073 2160 1301 2266 relectionis
1333 2161 1489 2246 obtentu
1516 2189 1608 2247 con·

79 2341 86 2356 ·
196 2292 371 2394 sederit,
397 2289 534 2378 entellus
570 2319 642 2376 nec
675 2291 822 2376 resedire
851 2292 1011 2398 quidem
1038 2288 1188 2376 audeat
1212 2298 1377 2398 prater
1402 2319 1512 2395 narra,
1538 2295 1611 2398 qui
1741 2305 1743 2310 “

195 2451 295 2510 serere
323 2422 515 2510 decaniae
535 2425 713 2528 praeest.
773 2421 851 2528 Qui
876 2428 1033 2528 taruen,
1061 2423 1227 2531 siquid
1246 2425 1609 2550 fflfflerrl

195 2555 443 2684 ‘'Afflisslil'
470 2553 742 2639 successorium
769 2581 858 2638 esse
877 2555 1126 2660 perviderit,
1168 2555 1302 2639 cerritu
1321 2559 1463 2660 potius
1487 2533 1608 2662 quarn

195 2715 286 2774 eoae
312 2685 525 2796 siqnificat.
585 2685 795 2790 Tantaque
828 2685 1073 2771 vescentibus
1105 2687 1166 2774 eis
1192 2685 1345 2772 silentii
1370 2685 1493 2792 lnq'm
1520 2687 1606 2772 dis-
1697 2697 1703 2707 '

196 2819 349 2926 ciquina
365 2825 560 2922 sanatur,
579 2823 622 2900 ut
643 2817 810 2902 mrcarllis
825 2815 932 2901 nultra
950 2819 1154 2904 cerularum
1168 2817 1389 2926 prrlpebras
1407 2817 1609 2920 dunissis,

148 2973 157 2992 ·
197 2980 249 3036 ne
275 2953 426 3038 scilicet
452 2948 554 3032 liber
581 2953 766 3054 aspectus
793 2947 937 3034 lmbeot
964 2951 1163 3036 curiosius
1199 2954 1358 3058 cupium
1394 2951 1608 3064 evesqundi,

116 3079 119 3086 ⁴
199 3081 303 3167 rrilril
331 3081 510 3189 arreptius
537 3083 790 3182 intueantur,
819 3108 941 3187 quam
970 3109 1151 3167 merrsum
1179 3089 1219 3166 et
1244 3085 1449 3190 aqqrosilcs
1476 3087 1520 3167 in
1548 3111 1609 3185 eu,
1687 3133 1690 3138 ·

199 3215 260 3298 eel
286 3239 385 3320 qnos
411 3239 462 3298 ea
490 3240 538 3297 ea
566 3218 730 3318 capiunt
757 3214 878 3315 cibos,
908 3213 967 3294 ita
992 3217 1036 3294 ut
1055 3215 1388 3319 quemadmodum
1403 3213 1466 3298 cel
1483 3242 1612 3320 quan·

43 3339 46 3346 ’
197 3354 283 3430 turn
311 3344 467 3451 reficiat
494 3343 615 3447 alius,
645 3341 781 3428 nrdtns
807 3345 976 3429 irruiaem
1001 3353 1118 3430 samm.

308 3473 430 3558 Unda
473 3470 571 3584 quia
614 3475 868 3586 inspicienda
909 3479 972 3558 est
1013 3477 1215 3581 intentio,
1254 3507 1349 3564 cnm
1391 3477 1614 3563 manducat
1691 3483 1693 3488 ’

171 3606 449 3708 monachus,
470 3607 702 3727 usquedum
733 3611 865 3692 lotum
896 3607 1257 3710 manducaverint,
1285 3637 1446 3719 semper
1476 3609 1614 3718 legero
1692 3679 1694 3682 .
1831 3676 1834 3688 .

19 3757 44 3794 ’-
199 3738 375 3837 ἀώειής
419 3765 528 3822 nnnc
566 3744 705 3821 antem
747 3765 830 3820 non
868 3738 1000 3824 solum
1037 3739 1164 3824 debet
1201 3767 1288 3823 csse
1329 3738 1454 3826 lectio
1491 3765 1613 3824 cansa
1721 3813 1724 3820 .
1829 3786 1837 3828 s

199 3845 357 3952 citandi
397 3867 557 3952 fabulas
597 3868 661 3952 vel
699 3867 959 3972 scurrdalum,
998 3898 1138 3955 uarum
1175 3870 1300 3954 ctiam
1340 3857 1465 3955 causa
1502 3869 1614 3954 aedi·

199 4001 414 4088 dicationis.
1373 4031 1374 4034 ¹

311 4131 527 4240 Sequitur:
564 4133 717 4216 rurensis
743 4136 930 4244 fratruum
967 4131 1167 4218 edentium
1204 4130 1320 4216 teatio
1338 4128 1494 4213 deesse
1532 4153 1613 4212 nan

199 4263 322 4350 debet.
379 4261 696 4346 Adtendendum
726 4263 940 4366 estenim,
973 4253 1181 4372 quianon
1211 4261 1612 4346 dicitdcsuuorurn
1710 4277 1714 4286 '

198 4395 363 4499 mensis,
393 4393 456 4477 vel
476 4392 548 4476 nbi
569 4393 817 4502 generalitas
845 4395 1020 4478 fratrum
1043 4393 1278 4492 manducat,
1307 4399 1351 4477 et
1375 4392 1482 4493 ideo,
1508 4390 1616 4473 sicut

100 4541 103 4548 ’
199 4528 250 4612 de
277 4525 389 4610 sanis
416 4525 459 4607 iu
488 4552 616 4642 urium
644 4526 956 4611 comedentibus
985 4524 1248 4634 intelligitur,
1275 4523 1496 4610 lectionem
1525 4521 1615 4605 lieri

200 4658 360 4760 debere,
387 4659 448 4741 ita
476 4657 599 4742 ctiam
629 4657 751 4742 debet
771 4658 950 4770 intelligi
978 4657 1030 4742 de
1052 4656 1227 4742 intirmis
1249 4656 1314 4740 rel
1336 4653 1615 4740 fleothomatis

32 4781 35 4786 ¹
198 4789 592 4903 (fleubothomatis),
621 4790 672 4874 de
708 4791 874 4876 senibus
913 4787 977 4874 sel
1015 4787 1065 4872 de
1103 4789 1331 4873 infantibus
1370 4792 1415 4873 et
1448 4786 1616 4896 reliquis

53 4961 62 5044 j
199 4923 292 5007 aliis
320 4921 528 5010 iratribus.
585 4921 677 5008 Hoc
705 4929 857 5006 tanuen¹
874 4919 1085 5005 sciendum
1114 4927 1191 5019 est,
1218 4923 1254 5005 si
1275 4949 1347 5022 sax
1370 4919 1525 5005 fuerint
1552 4921 1616 5002 in·

200 5053 310 5136 firmi
338 5057 411 5134 ant
440 5051 697 5170 flenthomati
732 5062 807 5138 aut
833 5081 949 5137 senes
977 5081 1070 5136 cum
1099 5043 1329 5137 infantibus
1367 5056 1442 5137 sut
1468 5050 1615 5161 reliqui

198 5183 285 5290 alii,
314 5211 407 5268 curn
437 5185 707 5289 unauducaut,
734 5187 858 5272 lectio
886 5186 966 5270 illis
995 5184 1118 5267 debet
1145 5211 1231 5267 esse
1260 5182 1615 5290 manducantibus,
