3974 5778
301 189 384 278 aar
561 159 599 173 ”
900 187 1122 284 ‘oum
1168 314 1171 320 ,
1328 187 1333 194 ·

199 437 209 460 ·
299 411 412 496 arius
429 443 435 454 ·
455 413 520 498 eut
564 409 825 514 nominatum
867 411 1037 498 lustrari
1080 411 1192 498 euim
1231 440 1282 500 oo
1320 439 1462 500 meuse
1500 387 1713 504 civitatem

164 531 181 550 “
299 537 475 626 Βοωαίιι
502 568 668 628 necessa
695 547 799 649 erat,
828 571 913 654 quo
938 545 1097 628 statuta
1118 544 1245 654 jussa,
1275 543 1316 632 lu.
1345 571 1382 630 e.
1409 545 1608 634 meriticia
1634 549 1728 650 diis,

1 719 2 730 κ
298 672 488 760 manibus
515 673 744 778 solverent,
765 677 853 764 sire
877 675 1128 764 Februarius
1155 675 1292 762 dictus
1318 680 1430 764 outa
1455 679 1581 785 febre,
1608 679 1651 769 b.
1675 709 1711 772 a.
1758 724 1761 730 ·

1 804 2 894 ἰ
46 910 49 918 ,
119 850 123 860 ·
297 805 504 920 airigors
532 795 702 922 propter
728 807 930 922 frigidum
957 813 1121 920 tempus
1159 806 1290 918 ipsius
1316 811 1483 900 mensis.
1537 808 1711 899 Martius

192 927 195 934 ⁴
285 941 434 1022 *numm
469 939 606 1026 dictus
633 946 698 1026 est
723 969 750 1028 a
776 941 918 1028 Marte
940 940 1095 1043 idolo,
1117 941 1190 1052 qui
1231 945 1350 1052 pater
1376 941 1544 1028 Romuli
1570 949 1614 1030 et
1641 973 1712 1030 ro·

296 1097 443 1156 manae
477 1077 615 1184 gentis
651 1077 797 1160 auctor
823 1103 911 1160 esse
936 1073 1271 1180 aestimabatur,
1292 1073 1380 1159 sire
1404 1103 1432 1158 a
1458 1074 1516 1178 re,
1545 1073 1654 1164 lae.
1684 1107 1712 1162 a

295 1203 655 1308 muribusnomen
683 1205 858 1292 Martius
886 1205 1071 1316 accepit3
1099 1233 1197 1288 naui
1218 1209 1263 1288 et
1279 1233 1330 1290 eo
1344 1209 1531 1316 tempore
1557 1213 1708 1292 cuncta

46 1429 55 1438 ,
295 1333 523 1420 animantia
561 1340 697 1422 terrae
724 1367 859 1424 mares
886 1337 1122 1424 desidemut
1155 1335 1209 1418 ad
1236 1337 1536 1422 concumbendi
1565 1338 1712 1448 rolup'-

293 1469 439 1555 tatem.
496 1466 661 1553 Dicitur
687 1469 796 1553 euim
825 1469 980 1579 Aprilis
1007 1467 1167 1553 duobus
1196 1466 1341 1568 modis,
1367 1468 1446 1553 sub
1474 1467 1600 1574 idolo,
1626 1469 1654 1559 i.
1673 1499 1709 1560 a.

87 1581 91 1590 ’
260 1595 479 1700 lanera,
517 1599 667 1702 matre,
710 1605 760 1684 ut
786 1600 950 1703 ierunt,
991 1605 1180 1696 Aeneae;
1218 1597 1379 1707 olros¹l
1414 1600 1526 1682 enim
1565 1625 1711 1708 graeca

241 1767 245 1776 ·
293 1755 438 1837 spuma
475 1731 796 1840 interpretatur,
837 1732 948 1815 unde
975 1730 1118 1814 Venus
1154 1735 1246 1812 orta
1283 1728 1442 1812 credita
1476 1733 1563 1830 est,
1605 1759 1711 1839 quae

291 1857 471 1943 alricalis
509 1860 595 1944 sire
632 1860 793 1945 afronia
830 1861 940 1970 apud
979 1885 1151 1969 graecos
1189 1859 1449 1957 nominatum
1477 1865 1521 1942 et
1548 1861 1626 1944 sub
1652 1889 1710 1974 re,

226 2022 231 2032 ·
291 1987 333 2072 h.
362 2017 398 2076 e.
426 1989 481 2074 ab
508 1992 732 2100 aperiendo
750 1992 869 2102 quasi
889 1991 1074 2098 aperilis,
1102 1991 1148 2076 in
1166 2019 1216 2074 eo
1239 1991 1349 2075 enim
1374 2019 1514 2076 mense
1541 1994 1710 2078 remotis

216 2182 225 2198 .
291 2121 495 2225 nubibus,
532 2123 690 2232 prumia
717 2151 767 2208 ao
792 2124 1111 2231 tempestatibus
1143 2121 1328 2206 hibernis
1362 2122 1545 2224 coelum,
1583 2129 1706 2226 terra,

138 2271 144 2282 ·
290 2280 403 2338 mare
418 2255 569 2359 nautis,
596 2253 792 2365 agricolis
811 2259 855 2339 et
869 2254 1108 2365 horoscopis
1123 2255 1328 2364 aperitur3
1356 2259 1523 2340 arbores
1540 2285 1705 2368 quoque

290 2391 333 2468 et
367 2385 539 2491 herbae,
578 2387 651 2470 sed
680 2391 723 2469 et
750 2386 978 2470 animantia
1005 2413 1192 2496 quaeque
1218 2387 1262 2470 in
1291 2387 1446 2496 prolem
1476 2417 1520 2474 se
1547 2391 1707 2500 aperire

149 2605 152 2614 ,
287 2515 508 2630 incipiunt.
543 2516 677 2602 Maius
705 2516 865 2602 duobus
894 2517 1026 2604 modis
1046 2517 1209 2620 dicitur,
1238 2519 1279 2606 h.
1299 2547 1335 2604 e.
1350 2519 1427 2602 sub
1441 2518 1556 2605 idolo
1571 2519 1705 2622 llluio,

287 2677 410 2758 quem
446 2648 594 2737 Jorem
636 2677 724 2736 esse
762 2647 984 2738 voluerunt
1021 2651 1139 2762 quasi
1174 2653 1389 2761 majestate
1428 2651 1706 2761 praeeipuam,

286 2783 373 2869 sire
400 2813 427 2870 a
454 2781 587 2889 Maia,
618 2781 807 2868 Mercurii
835 2787 988 2882 matre;
1024 2787 1068 2867 et
1095 2785 1173 2870 sub
1200 2812 1266 2889 re,
1295 2783 1336 2871 h.
1366 2812 1401 2868 e.
1429 2811 1456 2867 a
1482 2784 1708 2894 majoribus

285 2943 572 3018 romanorum,
609 2942 732 3024 quern
772 2911 952 2999 Romulo
991 2915 1051 2998 ita
1086 2918 1225 3002 vocari
1263 2917 1432 3026 placuit.
1496 2913 1647 3000 Junius
1676 2945 1710 3000 a

97 3093 101 3103 ·
198 3032 201 3038 ¹
288 3045 469 3148 lunone,
497 3045 585 3146 filia
611 3045 794 3149 Saturni,
822 3071 963 3128 sorore
984 3043 1115 3149 Joris,
1143 3049 1229 3132 sire
1255 3078 1283 3133 a
1304 3047 1542 3158 junioribus
1569 3074 1709 3130 roma·

285 3207 456 3280 uorum,
498 3177 571 3287 qui
611 3177 736 3262 armis
776 3173 1054 3264 defendebant
1090 3206 1177 3264 rom
1215 3179 1437 3288 publicam.
1507 3175 1645 3262 Julius
1681 3207 1709 3262 a

126 3315 130 3322 '
285 3307 400 3395 Julio
427 3310 612 3410 Caesare,
648 3309 746 3418 quia
770 3307 815 3392 in
837 3305 934 3393 IV.⁰
961 3307 1053 3394 idus
1079 3306 1184 3392 Julii
1211 3309 1363 3393 mensis
1390 3313 1552 3393 creatus
1580 3307 1707 3417 Gajos

285 3439 420 3570 Julius
448 3445 610 3545 Caesar,
638 3444 710 3552 qui
739 3441 896 3552 primus
923 3439 1101 3547 arripuit
1116 3438 1334 3549 imperinm
1358 3438 1470 3550 apud
1489 3466 1708 3540 romanos3

286 3599 382 3658 nam
409 3577 545 3678 autea,
573 3600 599 3656 a
626 3573 780 3658 Martio
807 3599 947 3656 meuse
974 3576 1230 3672 numeratus,
1256 3569 1455 3667 Quintilis
1481 3600 1508 3654 a
1533 3597 1706 3654 numero

131 3723 135 3730 '
286 3685 458 3788 sortitus
485 3711 560 3816 est·
575 3731 740 3788 nomen.
780 3702 997 3810 Augustus
1018 3728 1197 3809 namque
1218 3702 1273 3785 ab
1295 3698 1526 3787 Octaviano
1539 3703 1708 3787 Caesare

286 3838 480 3947 Augusto
528 3864 679 3922 nomen
729 3833 910 3944 accepit,
958 3833 1032 3941 qui
1081 3832 1125 3915 iu
1169 3831 1359 3916 Calendis
1399 3833 1518 3916 istius
1559 3833 1708 3917 mensis

116 3953 121 3962 ’
286 3970 517 4054 Antonium
545 3971 588 4052 et
615 3967 875 4078 Cleopatram
902 3964 1021 4048 vicit.
1040 3967 1083 4046 et
1119 3962 1338 4074 imperium
1377 3964 1520 4075 populi
1548 3964 1709 4050 romani

287 4097 481 4187 firmarit.
536 4101 638 4188 cum
676 4102 815 4181 autem
844 4093 1024 4200 Augusti
1059 4121 1211 4179 nomen
1239 4094 1311 4176 ille
1336 4093 1434 4179 inde
1459 4097 1707 4198 assu-serit,

286 4258 337 4314 ex
365 4234 532 4316 senatus
560 4231 750 4314 consulto
775 4254 957 4312 mensem
996 4228 1052 4311 ob
1090 4227 1329 4312 memoriam
1355 4227 1421 4310 sui
1450 4255 1601 4332 nomeu
1629 4227 1707 4312 hoc

1897 735 1913 904 f

1892 907 1908 1650 l

1889 2652 1905 3151 g

1889 3186 1905 3284 i

1889 3487 1906 3558 ἲ

1889 3577 1903 3640 ε,

1730 3435 1734 3442 ·
1888 3407 1907 3480 t'

1902 3608 1908 3618 ι

1902 3636 1907 3646 u

1891 3717 1897 3726 ι

1891 3737 1907 3748 ,ι

1892 3756 1902 3768 ἰ

1892 3780 1910 3923 l

1894 4055 1908 4141 ξ,

1895 4145 1908 4281 l

285 4362 437 4446 habere
464 4362 609 4452 voluit.
666 4359 907 4470 September
933 4365 1106 4444 vocatur
1132 4387 1159 4443 a
1189 4386 1381 4460 numero,
1422 4384 1471 4442 eo
1506 4359 1617 4466 quod
1653 4359 1726 4443 situ

1 4483 3 4498 '
125 4573 132 4588 ,
284 4492 484 4602 septimus
522 4493 656 4577 imber
699 4518 726 4574 a
763 4473 927 4576 llartio.
997 4490 1217 4575 Octobrem
1255 4517 1381 4600 ergo,
1429 4487 1704 4574 Novembrem

286 4631 330 4707 et
354 4621 664 4732 Decembremi)
693 4650 720 4707 a
746 4647 918 4704 numero
945 4622 1099 4732 quippe
1127 4620 1394 4723 similitatem,
1423 4629 1466 4703 et
1492 4609 1728 4704 ab'imbre.
1904 4653 1912 4666 ·

285 4780 439 4837 nomen
466 4758 722 4852 sumserunt,
762 4753 860 4860 quia
896 4751 960 4835 bis
997 4751 1252 4864 temporibus
1290 4749 1442 4835 imbres
1469 4763 1604 4836 terrae
1631 4751 1707 4835 im·

285 4883 459 4968 minent

219 5217 220 5222 ,
378 5171 404 5260 ¹)
424 5169 557 5258 ἆφρός.
600 5177 630 5255 ¹)
652 5167 822 5252 October,
844 5165 1058 5288 November,
1080 5167 1276 5242 December
1295 5168 1351 5263 (C
1519 5218 1528 5228 .
