4334 5750
936 311 1118 402 Prologus.
1680 317 1732 396 09

330 533 473 621 vetoris
494 531 785 634 necesarium,
815 559 897 614 uon
928 527 1086 612 intrant
1109 529 1306 631 carnales,
1335 530 1404 636 qui
1430 531 1546 611 iidem
1568 527 1732 612 liabent.

329 670 374 752 ln
404 664 475 747 illo
504 660 612 746 eninr
641 659 731 746 loco
750 658 950 744 Dominus
984 658 1231 768 generaliter
1258 689 1398 743 ornnes
1426 660 1662 769 alloquitur,
1693 667 1734 742 et

310 796 513 894 oumibns
541 791 734 901 congurit
762 791 1032 902 generaliter:
1069 797 1111 874 et
1138 791 1170 873 si
1201 819 1341 874 omnes
1369 793 1617 900 generaliter
1649 792 1733 874 llu-

328 926 457 1013 ruiuns
493 923 728 1032 alloquitur,
769 929 811 1004 et
841 925 1030 1007 omuibus
1058 921 1305 1034 generaliter
1332 923 1546 1032 congruit,
1575 928 1731 1032 quanto
1824 998 1829 1009 ‚
1862 993 1865 1000 r

325 1054 453 1164 magis
475 1050 685 1136 monachis
715 1053 920 1160 congruit,
951 1055 1018 1163 qui
1045 1059 1142 1136 suut
1166 1051 1525 1136 ulnur'ruuciatorcs
1554 1053 1733 1135 saecu-li?

325 1183 400 1270 Sed
442 1182 481 1264 in
525 1181 603 1266 lroe
642 1181 733 1266 loco
771 1187 940 1288 urrpnslo
980 1181 1095 1264 initio
1136 1180 1386 1286 intelligitur
1423 1181 1731 1264 abrenunciatio

324 1313 577 1426 propriarum
608 1313 889 1411 voluntatum
931 1311 1046 1394 valde
1076 1313 1183 1396 enirn
1212 1316 1435 1421 angustum
1465 1316 1527 1394 est
1556 1309 1629 1410 his,
1659 1311 1729 1420 qui

325 1473 392 1555 per
431 1441 582 1526 multos
617 1473 746 1528 curros
791 1443 832 1527 in
872 1442 955 1525 suis
997 1431 1178 1552 propriis
1209 1441 1491 1525 voluntatibus
1530 1441 1729 1542 riserunt,

322 1577 392 1660 elsi
424 1577 683 1685 postmodum
713 1603 755 1658 se
777 1573 944 1658 alterins
967 1572 1239 1656 dominationi
1267 1578 1310 1656 et
1331 1563 1525 1682 potestati
1549 1571 1729 1656 sulnlaut
1855 1647 1856 1650 a

322 1736 400 1791 nou
432 1705 626 1790 incientes
654 1733 747 1789 suas
776 1705 1021 1790 voluntates.
1070 1703 1157 1790 Hos
1181 1705 1283 1788 tales
1311 1691 1499 1789 hortatur
1528 1703 1573 1790 Β.
1598 1703 1728 1788 Bene·

321 1835 473 1939 dictus,
519 1864 612 1920 cum
643 1838 799 1922 subdit:
845 1837 1043 1921 Processu
1080 1861 1173 1919 ecro
1209 1836 1523 1923 con-cersolionis
1563 1844 1598 1920 et
1629 1838 1728 1941 ridet

320 1965 486 2052 ‹litulnlo
513 1971 631 2078 corde
658 1967 927 2054 incrunrnlrili
955 1966 1180 2052 dilectionis
1208 1965 1622 2073 dulcedinecurretur
1660 1969 1726 2052 riu

319 2097 599 2184 rrrrrrulotorum
629 2099 718 2185 Ilei.
780 2099 905 2184 Verbi
937 2099 1091 2210 gratia,
1133 2125 1225 2182 crrnr
1264 2099 1376 2182 videt
1416 2101 1507 2210 quis
1546 2099 1723 2209 aliquem

319 2232 572 2340 perauctum
613 2239 652 2317 et
682 2232 855 2316 arduum
885 2229 965 2313 iter
992 2231 1249 2341 gradientem
1289 2229 1491 2332 torrendo,
1536 2231 1730 2332 hortatur

319 2363 444 2464 illum,
473 2369 520 2447 ut
548 2392 640 2449 curu
673 2361 820 2446 fiducia
850 2361 985 2463 uariat,
1016 2363 1174 2458 diceus:
1213 2363 1295 2444 Cur
1324 2331 1454 2462 timei,
1485 2363 1624 2462 irater,
1652 2362 1723 2462 ire,

317 2519 420 2595 cnm,
450 2503 665 2604 postquam
696 2493 745 2577 de
774 2495 855 2576 isto
887 2493 993 2578 rualo
1023 2493 1169 2576 itinere
1198 2493 1363 2599 exieris,
1402 2490 1540 2576 statiua
1580 2493 1630 2578 ad
1661 2521 1722 2577 re·

318 2625 449 2731 quiem
482 2625 593 2708 radis
623 2631 665 2708 et
693 2624 743 2708 ad
768 2622 1006 2708 delectabile
1033 2623 1139 2707 iter?
1185 2623 1249 2708 ltu
1272 2625 1315 2710 ll.
1335 2623 1581 2708 Benedictus
1612 2624 1721 2729 facit,

317 2781 405 2836 euru
448 2753 571 2839 dicit:
621 2753 818 2839 Processu
858 2753 1170 2839 coercersuliouis
1198 2761 1234 2838 cl
1265 2755 1364 2861 fidei
1400 2753 1568 2838 elilnlulo
1605 2755 1723 2841 corde

315 2884 580 2969 irccrurrrnlrili
608 2883 832 2971 dilectionis
868 2883 1080 2969 dulcedine
1120 2886 1299 2969 curritur
1334 2885 1401 2969 cio
1438 2887 1721 2970 rrrnndnloruru
1794 2911 1801 2935 ·

315 3011 405 3114 Ilei,
436 3043 483 3100 ao
511 3016 545 3098 si
574 3016 728 3101 diceret
755 3017 856 3102 illis:
886 3017 969 3100 Cur
996 3016 1165 3117 timetis,
1194 3017 1352 3118 fratres,
1382 3045 1473 3100 curn
1497 3023 1719 3125 angustum

314 3142 474 3228 initium
506 3147 665 3250 videtis,
695 3179 784 3235 curn
812 3150 1071 3262 postmodnm
1094 3177 1186 3234 curn
1205 3177 1355 3259 magna
1376 3148 1590 3232 dulcedine
1613 3154 1719 3231 viam

314 3276 596 3362 mandatorum
638 3280 946 3393 adimplebitis?
980 3282 1050 3366 'ln
1090 3282 1167 3366 hoo
1205 3281 1312 3364 enim
1356 3281 1468 3381 loeo,
1512 3279 1581 3361 ubi
1615 3269 1720 3362 'elicit

310 3409 427 3516 delei,
472 3411 796 3498 subandiendum
837 3421 899 3509 est
932 3440 1149 3522 processu,
1193 3418 1240 3497 ut
1274 3411 1349 3496 sit:
1386 3427 1581 3517 processu
1606 3395 1716 3517 fidei.

314 3540 509 3629 Processu
546 3551 676 3628 ordene
705 3547 1018 3632 corrocrsotiouis
1057 3547 1209 3631 attinet
1246 3545 1296 3628 nd
1338 3544 1716 3655 augmentationem
1836 3647 1839 3654 Ι
1894 3579 1897 3586 ’

312 3671 476 3774 dierum¹
508 3704 556 3761 ex
586 3706 668 3788 quo
698 3677 789 3786 quis
818 3677 1085 3780 convertitur,
1116 3679 1142 3764 i.
1165 3707 1198 3762 e.
1229 3707 1253 3760 u
1282 3705 1363 3786 quo
1392 3676 1530 3787 eoepit
1550 3703 1718 3762 eonver-
1807 3677 1809 3680 ’

310 3803 399 3906 sari,
439 3807 537 3906 fidei
568 3835 661 3893 vero
690 3809 841 3892 attinet
868 3809 920 3893 od
951 3809 1060 3894 illanr
1093 3810 1235 3911 iidem,
1277 3838 1381 3919 (puae
1405 3806 1647 3918 'cognitione
1676 3815 1718 3892 et
1784 3839 1786 3846 ’

309 3935 469 4022 actione
498 3945 703 4050 operatur,
734 3940 784 4023 de
812 3969 893 4050 qna
925 3939 1123 4025 Dominus
1153 3941 1196 4023 iu
1227 3921 1454 4050 Evangelio
1483 3939 1607 4024 dicit:
1641 3941 1718 4045 Qrci

310 4074 437 4152 errrlcnc
465 4072 681 4158 crediderit
709 4077 745 4155 ct
775 4071 1003 4177 duplicatus
1028 4071 1178 4176 lecerit,
1215 4071 1354 4155 solorra
1381 4069 1470 4156 crit.
1529 4069 1583 4152 lit
1601 4070 1716 4154 Pau·
1827 4088 1832 4104 ·

310 4193 369 4280 lus
399 4197 520 4287 dicit:
554 4201 719 4289 Ornnenc
742 4201 1037 4307 plcrrilndincrn
1063 4203 1173 4308 fidei.
1218 4201 1316 4285 Vita
1339 4201 1448 4284 eninr
1475 4203 1595 4285 beuta
1614 4202 1714 4286 dno·

310 4329 381 4414 bus
420 4333 550 4419 modis
588 4340 762 4420 constat.
832 4309 893 4418 lit
925 4333 1029 4418 bene
1067 4333 1193 4419 dixit:
1230 4357 1425 4438 processa
1459 4332 1579 4434 delei,
1624 4333 1650 4418 i.
1680 4366 1714 4416 e.
1783 4363 1824 4446 J
1878 4417 1884 4432 ,
1950 4331 1952 4338 ’
2011 4287 2012 4326 ³

308 4468 643 4579 augmentatione
673 4467 780 4572 fidei,
810 4467 907 4578 quia
938 4465 1049 4568 tides,
1079 4495 1184 4576 quae
1212 4463 1450 4575 cognitione
1486 4471 1528 4550 et
1555 4463 1714 4549 actione

296 4605 481 4712 ,coristat
522 4599 675 4710 gradus
705 4599 843 4700 habet,
873 4600 898 4686 i.
929 4628 963 4686 e.
994 4597 1157 4682 initinrn
1188 4603 1231 4680 et
1258 4623 1505 4707 processum,
1548 4593 1624 4679 lroc
1653 4603 1714 4680 est

306 4730 682 4840 augmentationem
712 4737 835 4842 atque
865 4729 1272 4816 consummationem.
1320 4725 1486 4813 luitinnr
1515 4727 1609 4812 fidei
1639 4736 1712 4830 est,

297 4863 353 4957 ¹ut
389 4866 452 4943 est
478 4857 600 4947 illud:
649 4863 775 4948 Credo
800 4861 1000 4963 Doridos,
1037 4859 1189 4966 adjuro
1224 4857 1541 4943 irrcrcdnlitntcnr
1570 4885 1711 4945 enema.

306 4985 409 5076 Vide
436 4991 579 5108 modo,
621 4991 718 5102 quia
745 4997 830 5094 tarn
860 5019 1027 5105 parvam
1058 4992 1179 5076 fidem
1210 4989 1405 5096 habebat,
1434 4993 1483 5073 ut
1511 5015 1601 5072 eam
1625 5015 1711 5085 ¹non
1743 5081 1744 5084 w

307 5117 438 5222 tidem,
467 5121 537 5207 sed
556 5121 883 5210 incredulitatem
906 5122 1148 5209 nominaret.
1191 5117 1485 5233 Augmentatio
1514 5119 1609 5204 lidei
1638 5108 1710 5221 esti

225 5241 228 5250 ’
305 5249 501 5344 utillnds
531 5252 718 5360 Doruinc,
760 5255 920 5366 aduam
954 5255 1071 5340 uotis
1093 5253 1229 5362 sideru.
1286 5249 1350 5338 lle
1378 5251 1456 5340 hoo
1483 5249 1593 5337 enim
1622 5253 1712 5336 loco
1742 5247 1745 5252 ’
