3974 5778
852 188 938 285 (lup.
961 185 1092 264 xx111.
1588 189 1668 278 339
1701 309 1704 318 Ι

262 423 396 510 auitae
434 446 517 504 non
549 421 686 525 potest
713 415 801 500 sino
829 443 950 500 carne
979 419 1214 526 perpetrare
1242 412 1408 522 aliquod
1438 417 1667 523 peccatum,

263 561 308 639 nt
333 556 430 635 sunt
456 551 536 632 iste
565 546 724 646 ornain,
764 573 868 655 quaa
895 547 939 628 in
968 547 1047 631 lucc
1075 546 1255 656 capitulo
1284 545 1539 630 referuntur:
1570 569 1672 626 cou-

263 681 458 778 tumacia,
487 675 785 772 inobedientia,
816 676 1024 784 superbia,
1053 675 1334 762 murmuratio.
1395 673 1449 756 Et
1476 672 1555 758 hoc
1583 671 1672 756 eui·

264 808 597 896 madvertondum
626 813 708 906 est,
749 805 846 915 quia
867 835 961 891 cum
984 805 1086 891 dicit
1113 805 1535 903 eccomnmuicationi,
1575 803 1675 886 snb·

241 939 508 1027 ‘audiendum
539 946 621 1026 eat:
654 937 828 1046 simplici
858 941 1033 1040 tantum,
1063 938 1091 1024 i.
1115 964 1148 1020 e.
1180 935 1243 1021 illi
1266 933 1675 1022 excommunicationi

266 1072 482 1181 subjaceat,
512 1097 616 1178 quae
645 1099 671 1156 o
701 1097 838 1152 rnensa
867 1073 1033 1177 separat
1059 1065 1319 1154 urrouoclmm.
1359 1066 1417 1151 m
1444 1067 1535 1168 hoc,
1565 1065 1706 1175 qnod,

265 1203 364 1284 dicit
390 1196 590 1282 oirulr'otoe
612 1197 816 1302 norprorall
841 1195 1049 1298 subdatur,
1080 1195 1240 1298 dnobus
1256 1196 1386 1280 modis
1415 1195 1675 1300 intelligitur,

267 1334 291 1414 i.
321 1357 354 1414 e.
392 1324 560 1439 jejuniis
588 1325 724 1409 rrimiis
752 1331 824 1410 aut
853 1334 963 1410 certe
992 1325 1186 1432 flagellis,
1217 1353 1322 1434 quac
1361 1325 1485 1409 latins
1525 1323 1568 1406 in
1604 1323 1678 1406 tri·

239 1559 242 1566 ⁴
266 1461 413 1544 cesima
442 1453 624 1566 capitulo
653 1453 940 1562 explanantur.
979 1453 1035 1538 lta
1063 1469 1160 1538 sunt
1187 1455 1334 1538 iterum
1365 1437 1467 1540 tolia
1494 1457 1675 1564 peccatu,

267 1616 369 1699 quac
398 1594 597 1670 cocuntur
625 1583 822 1686 carnalia,
852 1613 957 1696 quae
985 1586 1037 1668 ud
1063 1611 1229 1669 carnem
1264 1585 1510 1684 referuntur,
1539 1609 1681 1692 quam·
1850 1661 1877 1686 Ι.
1962 1581 1963 1584 ‘

272 1721 329 1803 vis
358 1744 453 1802 curo
483 1741 564 1798 non
595 1715 666 1796 illa
693 1714 780 1799 solu
808 1720 1016 1826 perpetret
1043 1717 1132 1798 siue
1160 1716 1323 1818 anima,
1353 1743 1390 1802 r.
1420 1741 1482 1826 gr.
1511 1715 1678 1813 turtum,
1826 1723 1829 1730 ’
1961 1705 1963 1738 ²

267 1847 537 1948 adulterium,
576 1844 773 1944 ebrietas,
814 1845 1055 1942 fornicatioc
1099 1849 1142 1928 ot
1169 1872 1252 1928 non
1281 1845 1411 1954 solnm
1451 1845 1681 1944 torrricatio,

271 2003 389 2086 ιμιιιιιι
432 1973 634 2058 masculus
674 1999 766 2056 cnm
804 1975 955 2059 t'erninn
996 1975 1115 2078 facit,
1153 1975 1223 2059 sed
1263 1975 1387 2059 etiam
1426 2002 1683 2084 quocumque
1902 1991 1910 2005 ·
1962 2041 1963 2074 ,

179 2173 182 2180 .
269 2104 488 2191 modo.'illa
518 2103 612 2203 liat,
655 2103 872 2190 frrrnicatio
901 2105 1077 2206 dicitur,
1108 2107 1272 2214 practer
1299 2105 1340 2188 in
1370 2103 1546 2206 somnis,
1587 2104 1685 2211 quia
1793 2189 1800 2206 ,
1961 2167 1963 2178 ι

94 2319 96 2324 .
268 2237 383 2320 valde
426 2235 503 2318 hoc
547 2243 759 2344 peccatum
804 2235 1045 2320 detestabile
1075 2243 1138 2322 est
1174 2236 1286 2347 apud
1317 2237 1472 2338 Deum,
1514 2242 1558 2320 et
1599 2263 1682 2318 non

171 2453 182 2472 ,
269 2368 397 2453 solum
434 2369 468 2448 si
512 2365 649 2476 aliquo
687 2368 809 2452 rruodo
845 2369 939 2468 fiat,
978 2395 1114 2452 verum
1153 2371 1277 2453 etiam
1313 2369 1385 2453 illa
1414 2368 1537 2452 uerba
1571 2366 1686 2452 dete·

270 2498 431 2582 stabilia
470 2503 568 2579 sunt
606 2497 714 2606 apud
757 2497 902 2582 Deum.
976 2499 1020 2584 Si
1059 2526 1156 2584 vero
1200 2498 1395 2608 quislibet
1442 2499 1686 2606 percusserit
1828 2611 1832 2618 ὓ
1941 2465 1947 2478 ’

111 2661 115 2672 ·
271 2632 436 2714 t'ratrem
474 2633 548 2710 aut
586 2625 851 2710 homicidium
888 2630 1098 2714 criminale
1146 2630 1289 2714 fecerit
1327 2633 1401 2714 aut
1446 2629 1685 2742 perjurium,

271 2757 498 2844 ortonaelia
526 2763 695 2868 peccata
723 2757 927 2848 dicuntur.
986 2760 1204 2846 Sciendum
1235 2765 1298 2844 est
1326 2757 1448 2861 enim,
1479 2758 1577 2868 qnia
1606 2758 1684 2842 fal-

270 2915 356 2972 curn
394 2887 673 2972 testimoninm
710 2893 752 2972 et
797 2889 1010 3003 corporale
1051 2896 1113 2976 cst
1156 2896 1199 2976 et
1235 2889 1439 3000 spiritale;
1484 2899 1582 2978 tuuc
1623 2897 1687 2975 est

270 3016 470 3128 spiritale,
511 3018 676 3128 qnando
713 3019 804 3120 illc,
843 3047 965 3131 sciptor
1004 3047 1123 3129 quem
1155 3021 1281 3125 dixit,
1322 3019 1561 3131 spirituliter
1589 3049 1713 3134 con-u

271 3146 506 3251 (tornantur,
545 3157 587 3231 ct
614 3159 713 3233 tunc
742 3155 805 3233 cst
834 3150 1067 3260 corporalc,
1097 3150 1262 3260 (putando
1293 3151 1384 3252 illc,
1413 3177 1534 3259 super
1564 3177 1685 3258 qurum

269 3273 383 3376 dixit,
413 3276 682 3385 corporaliter
711 3280 1022 3383 condemnetur,
1052 3283 1161 3368 sicut
1188 3280 1238 3366 de
1268 3278 1479 3365 locutione
1499 3279 1687 3367 diximus.

146 3429 150 3437 ·
205 3457 210 3468 ·
271 3403 326 3490 Et
362 3405 440 3492 hoo
477 3407 685 3492 sciendam
725 3415 809 3513 est,
851 3416 972 3523 quia,
1012 3411 1196 3522 quamvis
1237 3411 1347 3496 istud
1384 3411 1609 3520 capitulam
1639 3411 1689 3496 dc

270 3536 341 3620 illa
379 3541 585 3623 sententia
615 3538 808 3643 Domini,
845 3543 915 3628 abi
944 3543 1069 3628 dicit:
1110 3543 1149 3628 si
1181 3540 1405 3651 peccauerit
1439 3541 1572 3645 frater
1597 3547 1690 3626 tram

271 3669 314 3750 in
342 3674 392 3771 tc,
424 3669 569 3755 luisset
595 3677 785 3779 tractum,
815 3679 953 3760 tomen
982 3673 1186 3761 Dominus
1218 3671 1275 3756 ibi
1305 3673 1355 3755 de
1375 3669 1564 3754 omatibus
1594 3697 1689 3779 pec·

271 3796 371 3882 catis
410 3803 495 3884 tum
535 3805 817 3914 corporalibus
854 3834 979 3917 quam
1008 3802 1263 3914 spiritalibus
1290 3799 1414 3901 dicit,
1445 3798 1538 3884 ideo
1554 3863 1565 3904 ,
1595 3800 1690 3910 quia

271 3927 315 4013 ιἰι
345 3938 395 4034 te,
426 3931 550 4040 dicit,
579 3933 618 4017 ci
637 3937 874 4040 peccaverit.
933 3935 1020 4022 Ista
1043 3923 1143 4023 ¹uero
1171 3930 1377 4018 cerutentia
1405 3930 1447 4017 S.
1479 3931 1690 4020 Benedicti

272 4057 367 4146 idco
400 4061 450 4150 de
482 4065 735 4173 spiritalibus
764 4069 1013 4181 intelligitur
1041 4067 1164 4154 inisse
1194 4063 1317 4167 dicto,
1346 4062 1547 4172 quianon
1570 4065 1689 4150 dicit:
1820 4175 1823 4184 ι

272 4191 310 4274 si
333 4198 565 4298 peccaverit
591 4199 636 4282 in
663 4203 711 4302 te,
753 4199 823 4285 sed
854 4201 904 4286 de
933 4200 1121 4287 omuibus
1152 4197 1275 4299 dicit,
1313 4192 1388 4304 qui
1417 4197 1702 4304 peccaverint,

273 4351 393 4409 causa
422 4327 512 4412 vitii
541 4330 797 4434 emendandi.
857 4333 1027 4418 Plurimi
1066 4355 1325 4443 nequaquam
1366 4325 1541 4436 pleniter
1569 4329 1691 4416 intel·

273 4453 447 4567 ligantes
482 4459 732 4570 judiciorum
772 4463 999 4577 sententias
1042 4463 1086 4548 in
1111 4461 1272 4573 regula
1307 4459 1348 4545 ὃ.
1387 4457 1524 4544 Patris
1561 4461 1692 4548 nostri

272 4582 498 4691 Benedicti,
528 4593 648 4678 aliter
676 4579 799 4706 quum
828 4593 1043 4706 praecipit,
1071 4593 1257 4704 ,iudicare
1284 4587 1430 4678 solent.
1472 4589 1692 4677 Sciendum

273 4713 412 4829 itaque
440 4725 515 4826 est,
541 4727 724 4833 ¹quatuor
751 4724 810 4810 ibi
839 4723 1043 4812 contineri
1074 4723 1238 4826 modos,
1268 4720 1416 4832 quibus
1449 4720 1692 4832 delinquen·

274 4847 374 4934 tium
422 4879 537 4938 error
577 4855 845 4969 corrigatur,
880 4857 1037 4969 primns
1078 4880 1256 4963 nuncque
1293 4865 1375 4954 est,
1422 4879 1545 4960 qoem
1584 4849 1693 4938 idem

275 4979 398 5066 Pater
433 4983 682 5074 Benedictus
708 4987 877 5102 proprio
910 4989 1068 5099 judicio
1097 4984 1398 5102 determinavit,
1436 4990 1486 5068 ut
1520 4989 1584 5068 eut
1622 4983 1709 5095 qui.

149 5187 153 5200 .
275 5137 348 5220 per
374 5115 649 5227 negligentias
678 5125 862 5232 tempore
893 5117 1120 5208 constituto
1149 5116 1202 5202 ad
1237 5121 1463 5205 nocturnas
1490 5141 1576 5198 uon
1603 5115 1696 5226 pul·

796 5257 798 5262 '
1409 5245 1529 5336 22²⁸.
