3994 5770
245 243 324 334 162
576 339 579 346 ,
887 239 976 334 ὓψ
1000 237 1091 356 Νι,
1642 270 1647 361 j

242 459 301 546 ml
330 458 393 546 illi
421 457 573 546 utilius
592 461 670 564 ost,
697 486 821 572 qnam
848 460 937 548 sola
959 459 1138 573 justitia,
1165 465 1215 546 nt
1231 487 1293 564 en,
1323 489 1431 586 qnae
1452 468 1658 550 amatores

241 591 395 678 saeculi
423 589 693 704 impossibilia
719 589 879 696 dicunt,
906 591 968 678 illi
989 587 1204 704 possibrlin
1222 587 1403 678 Domino
1428 591 1656 702 adjurante

240 722 358 814 liant.
400 722 458 810 lu
483 715 724 838 implebitur
750 725 795 808 in
818 723 892 810 illo
909 723 1002 830 lroc,
1019 721 1131 834 quod
1148 719 1351 810 Dominus
1364 723 1490 812 dicit:
1518 723 1658 826 Beati,

101 839 104 846 ’
238 853 309 962 qui
344 854 529 942 eaueinut
564 861 602 942 et
638 856 782 942 eitiuut
814 855 1043 964 justitiam,
1083 855 1181 964 quin
1224 853 1308 962 ipsi
1348 855 1653 944 recreabantur.

240 983 346 1072 Ecce
376 987 464 1098 jem
501 985 709 1099 ingressus
745 1015 788 1074 ee
829 989 871 1074 in
899 988 1007 1075 hunc
1042 985 1212 1074 arrluum
1243 985 1350 1098 riam
1379 993 1423 1074 et
1450 989 1656 1092 invenisti,

238 1117 503 1204 circumstare
538 1120 616 1207 tibi
656 1123 839 1234 undique
864 1119 1154 1208 tribulationes
1193 1125 1238 1205 et
1265 1119 1370 1207 adeo
1399 1121 1655 1224 fortissimas,

238 1257 287 1334 ut
321 1250 522 1361 desperes,
563 1257 606 1338 te
644 1251 738 1357 boc,
778 1253 890 1365 quod
929 1253 1115 1364 coepisti,
1152 1281 1236 1341 non
1279 1281 1398 1366 posse
1433 1253 1655 1366 perlicerez

238 1382 337 1493 quid
366 1383 444 1472 tibi
472 1392 536 1470 est
563 1385 812 1490 faciendum,
841 1387 920 1472 nisi
948 1385 1001 1470 nd
1030 1386 1246 1472 consilinm
1276 1389 1433 1500 lugere,
1471 1387 1523 1472 ad
1554 1387 1654 1472 illud

238 1513 451 1618 videlicet,
491 1517 542 1602 de
587 1547 673 1632 qno
717 1519 921 1632 propheta
960 1519 1082 1604 dicit:
1121 1519 1304 1626 Spiritus
1342 1517 1523 1623 marcilii,
1551 1519 1580 1606 i.
1619 1547 1653 1610 e.

135 1733 138 1740 ,
238 1647 447 1758 patienter
473 1651 624 1738 toleres
652 1653 760 1738 mala
789 1639 1070 1764 proximorum
1099 1657 1143 1737 et
1171 1656 1242 1754 eis,
1273 1657 1482 1765 ‚quantum
1526 1659 1654 1764 potes,

237 1781 466 1891 opituleris,
504 1785 575 1894 qui
605 1790 701 1870 tuae
729 1785 927 1872 divinitus
954 1784 1159 1870 desideras
1187 1785 1354 1870 tibimet
1378 1785 1654 1894 subuenirel)

347 1911 562 2024 Sequitur:
609 1913 827 2008 Veritatem
865 1945 917 2002 ea
954 1917 1074 2000 eorde
1108 1924 1146 2001 el
1183 1944 1252 2002 ore
1276 1921 1480 2024 proferre.
1547 1916 1655 2000 Snut

235 2045 344 2130 euim
373 2047 508 2144 multi,
536 2047 606 2157 qni
635 2049 851 2133 veritatem
870 2047 1099 2159 loquuntur
1118 2049 1162 2132 in
1184 2075 1258 2132 ore
1284 2055 1328 2133 et
1347 2077 1432 2132 uon
1456 2046 1499 2130 in
1518 2049 1652 2132 corde.

235 2175 292 2274 Et
318 2185 415 2260 sunl
443 2177 586 2282 multi,
614 2179 688 2290 qui
714 2178 943 2290 loquuntur
970 2178 1012 2262 iu
1042 2177 1164 2264 corde
1191 2179 1407 2262 ueritatem
1435 2183 1478 2264 et
1507 2207 1589 2262 nou
1610 2179 1651 2260 iu

235 2335 319 2396 ore.
378 2305 443 2391 llli
470 2315 622 2412 antem
651 2312 722 2420 qni
750 2309 793 2393 in
823 2336 868 2393 re
890 2308 1118 2418 loquuntur
1145 2315 1188 2395 et
1216 2335 1301 2394 uon
1327 2308 1370 2391 iu
1391 2308 1527 2410 corde,
1556 2315 1655 2392 erunt

232 2437 495 2548 hypocritam
524 2437 586 2522 illi
614 2445 768 2542 autem,
796 2439 868 2548 qui
896 2439 1125 2549 loquuntur
1147 2431 1362 2524 veritatem
1392 2437 1435 2522 iu
1464 2439 1587 2526 corde
1610 2444 1654 2521 et

232 2595 318 2652 uon
346 2567 502 2670 inore,
531 2567 720 2655 meliores
747 2574 862 2672 sunt,
892 2598 1016 2681 qnam
1044 2570 1119 2677 illi,
1148 2572 1219 2682 qui
1248 2571 1291 2654 iu
1319 2575 1463 2655 ornet
1492 2597 1577 2654 nou
1606 2571 1649 2654 iu

229 2699 353 2784 corde
388 2698 616 2810 loquuntur
644 2698 873 2790 veritatem.
930 2699 973 2788 S.
1015 2729 1111 2788 vero
1147 2699 1395 2786 Benedictus
1433 2707 1652 2812 utrumque

233 2832 335 2933 vult,
363 2831 390 2915 i.
417 2860 453 2916 e.
482 2838 526 2916 et
555 2831 597 2916 in
625 2858 697 2915 ore
725 2836 768 2915 et
795 2831 840 2915 in
868 2832 1004 2918 corde.

130 2947 139 2964 ⁶
340 2963 555 3074 Sequitur:
584 2961 748 3048 Malum
770 2989 853 3070 pro
879 2963 988 3048 arcuo
1015 2991 1093 3052 reon
1111 2964 1292 3052 reddere.
1351 2963 1399 3048 ln
1428 2964 1506 3050 boc
1535 2966 1644 3050 errirn

155 3204 159 3214 ,
229 3095 319 3180 loeo
356 3095 406 3184 ll.
445 3095 692 3180 Benedictus
730 3095 952 3181 secundum
993 3124 1156 3182 sensum
1195 3095 1388 3205 Origeuis
1429 3095 1552 3194 dicit;
1592 3099 1653 3180 ait

227 3227 339 3312 eninr
366 3225 587 3339 Origenes:
628 3228 754 3334 Pejor·
779 3233 839 3312 est
865 3226 946 3332 ille,
975 3229 1046 3336 oui
1071 3230 1196 3316 vicem
1225 3227 1380 3334 reddit,
1417 3253 1538 3332 parom
1569 3225 1649 3326 illc,

228 3363 298 3470 qui
327 3358 478 3446 errulum
507 3361 550 3444 iu
584 3361 739 3470 prioris
776 3358 892 3463 fucit.
950 3358 1011 3444 De
1039 3359 1153 3467 boc:
1181 3360 1290 3472 quod
1319 3359 1444 3446 dicit:
1486 3357 1649 3445 Malum

223 3518 304 3598 pro
331 3491 438 3576 rurale
463 3519 542 3576 eamr
561 3491 743 3594 reddere,
761 3488 962 3575 Dominus
983 3491 1028 3575 iu
1048 3487 1277 3602 Euangelio
1296 3489 1420 3576 dicit:
1450 3491 1649 3591 derelictis,

226 3622 323 3728 puin
361 3620 510 3706 dielrnu
546 3627 606 3706 est
644 3620 846 3727 auctionis:
888 3620 1054 3706 Ocellam
1085 3645 1169 3726 pro
1205 3619 1335 3720 orcula,
1379 3621 1534 3706 deletam
1569 3645 1650 3725 pro

212 3757 355 3840 alanta
414 3749 503 3861 Epo
530 3755 663 3836 uatem
700 3753 791 3836 dico
828 3753 961 3855 uobis,
1000 3741 1299 3836 remerendam
1338 3749 1457 3837 rualu
1515 3749 1652 3832 Minor

227 3887 291 3966 ost
319 3882 487 3992 justitia
525 3881 752 3964 scribarum
792 3887 836 3966 et
873 3880 1205 3992 pharisaeorum,
1247 3877 1415 3962 modeim
1446 3878 1650 3963 uindictae

228 4039 310 4094 aron
341 4010 557 4112 excedere,
588 4015 630 4094 et
657 4010 787 4119 major
808 4008 974 4117 justitia
1001 4007 1188 4109 illorum,
1229 4007 1299 4117 qui
1327 4005 1521 4091 intraturi
1551 4010 1649 4092 enuit

226 4140 271 4224 in
308 4167 481 4249 reguum
521 4139 752 4242 coelorum,
793 4136 851 4220 nil
891 4137 1073 4224 reddere.
1131 4135 1210 4220 His
1247 4133 1381 4219 verbis
1417 4133 1648 4220 ostenditur

226 4269 411 4381 aequitas
440 4269 543 4376 legis
572 4275 615 4353 et
643 4266 891 4378 compressio
919 4267 1071 4352 furoris
1100 4264 1327 4354 volentium
1354 4293 1399 4350 se
1426 4265 1646 4369 vindicare,

224 4401 312 4488 aire
338 4402 426 4486 sine
453 4401 635 4502 ratione,
673 4399 879 4519 sirenum
908 4399 1080 4516 ratione.
1134 4397 1335 4507 Aequitas
1376 4394 1481 4505 legis
1509 4403 1648 4504 osten·

225 4532 351 4636 ditur,
369 4515 580 4643 ¹'quantana
609 4529 663 4614 ad
690 4558 767 4616 nos
793 4530 957 4637 attinet,
986 4529 1014 4618 i.
1042 4535 1311 4641 conantum
1343 4527 1396 4612 ad
1425 4527 1645 4612 humanam

224 4663 552 4750 aestimationem
582 4662 775 4773 pertinet.
812 4659 1026 4776 'Humana
1054 4657 1287 4746 aestimatio
1315 4663 1400 4762 est,
1441 4664 1489 4743 nt
1515 4659 1647 4744 laesus

41 4771 44 4778 ¹
190 4777 284 4877 'nil
313 4795 405 4904 plus
433 4792 582 4899 laedat,
611 4822 734 4905 quarn
761 4791 895 4876 laesus
923 4797 997 4876 cst.
1054 4791 1309 4900 Compressio
1331 4788 1482 4874 luroris
1510 4795 1649 4872 osten·

225 4926 350 5027 ditur,
372 4923 469 5035 qnia
485 4927 553 5008 vix
570 4925 792 5028 invenitur,
810 4926 880 5034 qui
898 4929 1062 5008 tantum
1077 4923 1218 5034 cupiat
1235 4920 1418 5025 reddere,
1441 4935 1642 5031 qnantum

227 5123 486 5140 -υ-ιι--ι--ι

315 5215 341 5300 ¹)
362 5211 449 5300 apuria
470 5215 504 5280 ct
530 5212 570 5279 tn
594 5208 767 5281 diuinitus
789 5208 968 5280 «iaanenu
992 5207 1136 5280 tibimet
1159 5207 1338 5280 nrubucuiri
1362 5211 1422 5300 (l).
1463 5253 1468 5258 -

1853 833 1877 1588 l

1844 1591 1874 2826 i

1845 3056 1871 3512 l

1842 3621 1864 4089 l
