3968 5774
216 241 300 330 406
786 231 873 324 Cup.
895 231 1056 306 XXXVI.

212 486 367 571 nupero
406 453 572 539 student
597 482 745 564 ogere,
785 483 839 538 ne
865 455 1048 561 ntiquom
1078 453 1374 562 negligentiam
1416 453 1626 562 potientur

213 638 264 658 ·-
294 581 618 674 subaudiendum
654 591 743 670 est:
782 585 862 695 ipsi
901 585 1069 672 infirmi,
1124 582 1230 668 Nom
1266 587 1365 666 sunt
1392 583 1517 685 tales,
1554 589 1624 694 qni
1666 601 1669 610 ’
1705 604 1709 616 ·
1838 570 1841 577 ’

210 725 309 828 runt
347 713 461 802 uerri.
481 713 565 797 Dei
598 719 641 798 et
678 717 821 801 moltis
859 717 979 800 anuis
1017 698 1292 798 laborantia
1328 713 1497 798 servitio
1537 713 1624 806 Dei.

174 891 177 899 ¹
214 847 371 936 Deinde
404 843 557 929 rectius
576 836 676 948 'est‘,
714 841 763 930 ot
788 846 859 930 isti
887 844 989 928 tulos
1026 872 1110 928 non
1140 831 1409 952 negligantur
1434 845 1478 928 iu
1508 845 1625 930 intir-

147 1039 151 1048 ·
211 980 356 1064 rnitute
386 1003 485 1079 sun,
523 979 571 1058 nt
600 1005 675 1060 neo
704 1006 778 1086 per
815 979 917 1059 irnnr
944 979 1019 1058 unt
1056 975 1419 1056 murmurationem
1451 975 1625 1084 qnerdnnt

210 1137 329 1196 snum
360 1107 553 1206 laborem,
582 1106 617 1187 si
645 1107 690 1188 in
719 1109 800 1189 fine
828 1106 942 1188 vitoe⁸
956 1103 1093 1188 effecti
1117 1103 1271 1188 inierint
1289 1111 1623 1192 murmuratores.

212 1239 327 1346 Ergo
362 1263 460 1320 curu
500 1234 677 1318 unanima
716 1239 771 1320 sit
811 1235 972 1337 abbati,
1010 1261 1062 1317 ne
1100 1234 1280 1342 aliquam
1324 1237 1620 1344 negligentiam

210 1370 435 1481 patientum·
501 1364 618 1448 istud
654 1392 749 1474 erqo
775 1366 958 1474 superius
987 1363 1177 1472 respicit,
1208 1365 1235 1456 i.
1264 1393 1299 1452 e.
1329 1365 1399 1446 nbi
1428 1367 1547 1451 dicit:
1584 1375 1626 1448 ut

210 1504 313 1582 sinet
348 1522 488 1579 reuera
533 1491 712 1597 Christo,
753 1496 813 1578 ito
850 1496 910 1578 eis
945 1498 1169 1595 serviretur,
1212 1503 1255 1578 et
1289 1495 1360 1580 nbi
1400 1497 1520 1581 dicit:
1556 1502 1626 1602 qui
1679 1547 1681 1552 ·

209 1638 343 1716 treveren
376 1626 579 1732 poliuetur
598 1627 797 1734 portendi
834 1633 929 1711 sinu
960 1676 1005 1690 -
1037 1653 1086 1710 no
1114 1628 1149 1711 si
1178 1629 1351 1712 diceret:
1395 1628 1431 1710 si
1459 1627 1521 1712 itn
1549 1638 1622 1730 eet,

210 1789 311 1872 ergo
326 1759 503 1844 maxima
518 1787 616 1842 curu
632 1758 755 1843 debet
777 1787 864 1842 esse
879 1758 1033 1859 ubbnti,
1056 1789 1108 1842 ne
1129 1759 1310 1868 ntiquom
1326 1759 1621 1867 negligentiam

188 1893 433 2002 'patiuntur

242 2025 244 2030 ’
321 2019 538 2130 Sequitur:
581 2022 734 2126 Quitrm
767 2019 971 2123 frutribus
1009 2019 1186 2121 infirnus
1221 2017 1277 2104 cn
1305 2019 1404 2104 celin
1432 2047 1555 2125 semer
1582 2049 1625 2104 sc

210 2156 404 2258 demetata
442 2157 479 2235 et
516 2157 687 2234 servitor
726 2151 871 2234 tienne
900 2149 1032 2235 Deum
1060 2159 1098 2234 ct
1134 2149 1310 2259 ciiiiqens
1338 2179 1388 2236 nc
1415 2152 1623 2244 sollicitus.
1717 2148 1721 2235 ἒ

215 2281 338 2384 Getta,
368 2310 490 2390 quum
521 2280 632 2380 dicit,
663 2309 747 2365 nou
777 2279 877 2363 dicit
903 2279 955 2364 de
977 2308 1059 2362 nun
1088 2279 1409 2385 niensionc,'sed
1436 2282 1488 2365 ‹ie
1510 2283 1624 2366 cinu-

208 2421 293 2498 stro
322 2413 435 2496 dicit.
477 2410 691 2510 Quomodo
719 2411 830 2494 euim
862 2417 1031 2520 possunt
1058 2438 1146 2493 esse
1173 2411 1295 2495 simul
1324 2413 1366 2494 in
1398 2443 1481 2495 uun
1509 2442 1624 2496 mnn-

209 2547 325 2628 sione
353 2549 530 2652 quntuo'r
549 2542 709 2642 iratres,
738 2569 830 2625 cum
852 2568 957 2624 unus
986 2541 1161 2625 moritur
1187 2571 1237 2624 ex
1267 2542 1360 2644 illis,
1392 2543 1499 2626 niter
1528 2572 1624 2627 vcro

83 2687 87 2694 ’
208 2675 351 2777 vomit,
371 2677 518 2758 tertius
535 2674 625 2756 vult
638 2673 896 2773 manducare,
919 2678 1089 2782 quartus
1101 2673 1224 2756 etium
1242 2675 1356 2757 sedet
1371 2675 1423 2757 nd
1439 2675 1624 2759 exitium?
1657 2680 1660 2686 ’

139 2915 148 2932 ·
208 2811 376 2919 Absque
405 2807 549 2908 dubio,
579 2833 671 2890 cum
701 2805 762 2888 ito
789 2805 895 2906 sint,
926 2833 1008 2889 non
1047 2804 1203 2888 sufficit
1231 2835 1357 2890 unum
1387 2809 1621 2892 cubiculum

207 2941 420 3043 omnibus,
449 2939 546 3049 quin
575 2963 656 3020 non
687 2937 766 3021 sibi
800 2939 994 3024 convenit
1022 2938 1114 3037 ilie,
1144 2940 1214 3048 qui
1245 2939 1491 3041 manducat,
1528 2968 1620 3024 cum
1700 3045 1702 3050 Α

206 3075 292 3174 ἱΙΙο,
322 3075 393 3184 qni
423 3073 466 3156 in
483 3101 557 3154 sun
584 3071 816 3182 praesentio
845 3071 994 3173 uomit,
1023 3075 1186 3154 etcum
1214 3071 1298 3168 ilio,
1328 3072 1399 3180 qui
1428 3073 1545 3154 sedet
1570 3073 1622 3156 ml
1726 3149 1730 3156 .

114 3227 136 3292 .’
208 3207 362 3290 exitum
403 3211 477 3287 unt
512 3202 638 3286 etium
680 3230 774 3285 cum
810 3202 905 3304 iliu,
935 3203 1008 3312 qui
1049 3201 1233 3288 moritur.
1291 3199 1404 3312 Ergo
1439 3231 1534 3285 cum
1562 3205 1621 3286 itn

207 3339 310 3437 sint,
349 3335 599 3419 necessariae
639 3342 738 3418 suunt
774 3335 957 3419 diversae
1000 3337 1232 3418 mansiones
1270 3363 1344 3444 pro
1382 3334 1554 3417 diversis
1583 3345 1626 3418 et

208 3469 331 3553 vnriis
358 3467 680 3554 infirmitatibus.
740 3465 794 3548 Et
823 3467 916 3551 icieo
944 3495 1038 3551 curu
1068 3466 1109 3551 S.
1141 3466 1387 3550 Benedictus
1416 3465 1541 3551 dicit:
1572 3468 1626 3548 sit

207 3599 308 3684 cello
342 3625 465 3703 snper
501 3625 544 3681 se
578 3597 787 3701 clericatum,
832 3626 915 3681 non
952 3604 1015 3681 est
1042 3596 1313 3704 intelligenda
1342 3597 1393 3678 de
1421 3625 1503 3678 nnn
1531 3602 1625 3678 inri-

145 3823 148 3830 ,
209 3730 421 3814 nnnmouo
454 3727 689 3830 rnansioue,
728 3727 799 3810 sed
828 3728 879 3812 de
906 3728 1106 3832 claustro,
1147 3729 1254 3813 sicut
1281 3729 1481 3828 diximus,
1519 3729 1561 3816 h.
1589 3757 1624 3816 e.

209 3863 352 3966 dumio,
383 3861 451 3945 ubi
481 3860 665 3942 diuersae.
693 3859 777 3941 sint
804 3861 1058 3962 mansiones,
1088 3866 1317 3970 quotenne,
1347 3859 1419 3968 qni
1450 3858 1625 3941 mnndu-

208 3998 296 4096 ont,
326 3993 414 4077 siue
450 3990 699 4076 inst-idiosit
739 3991 941 4077 corruentis
968 3999 1042 4076 nut
1067 3992 1120 4076 nd
1159 3991 1313 4074 exitum
1352 3989 1532 4074 sedentis
1561 3989 1625 4072 rei
1708 3998 1711 4006 '
1817 3990 1820 3997 ’

159 4145 160 4149 ‘
208 4128 333 4210 etiam
363 4123 587 4210 morientis.
646 4125 759 4226 Quuu
788 4124 933 4209 doinus
962 4111 1217 4209 infirmorum
1246 4121 1473 4209 oratorium
1503 4121 1626 4206 debet

116 4336 123 4345 .
208 4287 336 4371 prope
365 4255 528 4361 trabere,
558 4257 602 4341 in
622 4287 703 4368 quo
732 4256 885 4342 iniirrni
904 4255 1067 4340 missum
1096 4255 1240 4342 saltem
1261 4255 1438 4366 jacendo
1468 4256 1628 4366 possint

208 4391 349 4476 incedite
367 4397 409 4476 ct
423 4390 751 4475 communionem
771 4390 970 4506 occipere.
1010 4395 1120 4476 Ante
1136 4391 1321 4474 infirmos
1341 4389 1451 4472 eninr
1466 4417 1626 4496 semper
1695 4467 1699 4475 .

208 4513 349 4610 omnio
368 4523 507 4607 officie
526 4521 840 4625 contenderunt,
870 4523 941 4633 qui
965 4523 1103 4624 etium,
1134 4525 1167 4608 si
1189 4552 1259 4608 sex
1278 4521 1430 4608 infirmi
1458 4523 1624 4622 suerint,

209 4660 404 4741 lectorem
419 4657 572 4740 debent
592 4656 755 4758 turbere,
786 4684 836 4738 eo
857 4656 966 4765 qnod
982 4658 1124 4764 regula
1146 4659 1246 4740 dicit
1275 4657 1425 4748 anenno
1444 4659 1623 4758 tronum
1705 4647 1708 4654 ⁴

157 4869 162 4878 .
208 4790 407 4873 orientium
444 4789 558 4874 lectio
595 4791 734 4872 riceusc
761 4813 841 4870 reon
870 4786 1005 4887 ‹utcu-
1041 4791 1258 4873 nonenim
1290 4789 1389 4874 dicit
1417 4814 1624 4886 sariorum,

179 4923 278 5007 'sed
308 4921 502 5025 fratrum,
539 4951 587 5006 ao
616 4950 690 5032 per
716 4921 797 5006 hoo
824 4949 916 5006 cnm
945 4921 1046 5007 dicit
1080 4923 1230 5007 trecensis
1254 4923 1452 5026 frenum,
1482 4921 1624 5004 omncs
1685 4935 1687 4940 ’

207 5055 540 5167 corrrprchcmiit,
571 5055 597 5138 i.
626 5083 662 5140 e.
691 5083 812 5137 menos
841 5061 883 5138 et
911 5057 1117 5159 intirmos,
1148 5057 1181 5139 si
1211 5053 1289 5167 ipsi
1327 5055 1479 5140 infirmi
1520 5053 1626 5136 sicut

208 5191 408 5291 diximum,
455 5191 592 5299 piures
634 5188 729 5272 sint.
787 5195 918 5285 Quam
963 5189 1106 5270 cellum
1151 5189 1276 5272 debet
1312 5187 1440 5272 ubbns
1479 5189 1624 5291 secere,
