3960 5774
841 361 925 454 usp.
950 358 1091 437 xxxx.
1589 363 1669 450 tl?

370 577 592 691 Sequitur:
626 578 741 684 chori
760 579 799 662 si
818 584 888 664 aret
909 578 984 664 loci
1005 583 1221 667 necessitas
1241 583 1302 666 orl
1322 581 1436 668 iader
1456 588 1527 667 aut
1545 583 1672 664 ardor
1710 625 1713 632 ,
1754 563 1758 574 ’

155 815 158 820 ¹
261 709 425 796 etaetatis
468 711 646 814 correptius
679 708 932 816 poposcerit,
966 711 1011 793 in
1049 709 1219 796 arditrlo
1260 711 1421 798 Peioris
1462 711 1667 812 caresistat,

259 839 521 924 eonesidcrnne
558 838 601 921 in
642 837 926 938 alterutrumne
963 837 1152 944 salorcpat
1178 839 1345 924 sortietur
1383 847 1454 924 aret
1482 837 1667 925 elnictas.

260 969 371 1053 Licet
412 963 615 1074 inpaciens,
650 969 788 1052 cirron
825 965 1108 1050 erconaeleoranr
1146 967 1308 1052 mancino
1346 995 1425 1054 remo
1462 995 1569 1072 essc,
1598 970 1671 1050 sod

259 1100 352 1206 qnia
381 1100 532 1182 clastris
560 1099 803 1204 temporibus
830 1097 877 1181 id
904 1096 1109 1180 rocoreacleis
1139 1099 1386 1202 persuaderi
1422 1124 1501 1180 oron
1524 1104 1667 1202 potest,

258 1231 399 1312 saltem
440 1225 501 1310 nel
537 1227 608 1310 troc
644 1227 960 1330 coorserrtiuneas,
995 1233 1038 1308 nt
1076 1253 1155 1313 oron
1192 1255 1316 1334 aspere
1353 1229 1409 1312 ad
1446 1227 1666 1337 sortietatenr

258 1357 451 1460 loilnrnms,
480 1360 553 1442 scri
569 1357 753 1464 parcius,
777 1360 874 1464 eperia
896 1359 1032 1441 nirrccn
1051 1364 1282 1462 apostatare
1300 1359 1400 1463 [escit
1421 1357 1540 1441 etiarn
1557 1357 1669 1460 sepn-
1784 1367 1786 1372 “

257 1495 376 1575 entes.
435 1487 538 1571 Cum
568 1498 704 1571 lumem
737 1487 839 1572 dicit
864 1489 1066 1593 salncpat,
1096 1490 1121 1577 i.
1155 1517 1191 1573 e.
1222 1488 1398 1572 latesrter
1427 1496 1554 1596 repat,
1584 1490 1689 1570 sive.

258 1621 383 1703 intent
411 1619 578 1702 satietas
609 1617 671 1700 rel
701 1617 899 1715 christan
934 1618 1126 1722 parcius,
1158 1619 1183 1704 i.
1213 1649 1246 1707 e.
1277 1620 1571 1726 temperantius
1604 1617 1666 1698 vel

256 1748 553 1846 abstineutinse
591 1751 848 1852 apostatare,
877 1747 904 1833 i.
934 1775 969 1828 e.
1006 1746 1169 1832 (leviare
1199 1775 1224 1832 a
1255 1749 1318 1831 rin
1351 1747 1424 1830 llci
1460 1747 1524 1828 rel
1553 1775 1667 1854 prue-

211 1981 216 1992 ,
256 1873 439 1963 varicari.
507 1877 623 1976 Quod
665 1881 800 1959 autem
842 1874 944 1958 elicit
976 1874 1191 1982 propriane
1229 1875 1446 1960 erinaceo
1479 1901 1522 1958 se
1554 1876 1669 1960 locrlri·
1713 1975 1716 1982 ῃ

255 2005 537 2108 tarnmsciat,
582 2006 608 2089 i.
625 2021 673 2092 e.
710 2003 939 2113 specialem.
998 2004 1111 2088 Bene
1139 2005 1244 2090 dixit
1277 2005 1493 2110 propriam
1522 2013 1668 2088 incerce-

254 2137 362 2235 dem,
394 2137 509 2245 quia,
539 2134 646 2220 siccut
676 2134 799 2217 lmmu
830 2160 904 2242 pro
936 2132 1027 2233 illc,
1057 2135 1166 2243 qreod
1205 2138 1478 2220 connnnmiter
1507 2136 1668 2220 laborat

254 2293 343 2348 erem
373 2264 476 2360 aliis,
507 2263 781 2348 corurmmitcr
811 2265 961 2375 accipit
992 2266 1227 2366 mercedem,
1258 2293 1348 2349 cum
1375 2265 1520 2376 (peribus
1550 2266 1665 2350 luber·

254 2395 370 2496 ravit,
401 2422 476 2503 pro
506 2394 576 2478 illo
600 2397 753 2493 aretem,
782 2393 892 2504 quud
922 2394 1031 2515 sulcus
1059 2394 1290 2504 specialiter
1317 2397 1406 2480 siue
1434 2396 1524 2480 aliia
1554 2397 1666 2497 iecit,

120 2557 124 2568 ·
252 2526 361 2608 solus
389 2525 477 2609 siue
505 2525 595 2611 aliis
624 2525 857 2636 specialiter
886 2525 1109 2610 mercedem
1132 2524 1294 2634 rescipit,
1325 2524 1383 2609 sic
1405 2524 1530 2608 utinum
1554 2525 1662 2634 apud

255 2651 408 2754 Deum,
436 2654 463 2741 i.
495 2681 528 2742 e.
560 2656 593 2738 si
624 2683 714 2739 cam
744 2654 835 2739 uliis
865 2654 1137 2738 cornicantes
1175 2652 1329 2762 aliquid
1373 2653 1524 2738 borreum
1564 2655 1665 2764 agit,

115 2833 119 2845 ·
252 2785 521 2867 comneuniter
558 2811 650 2869 cum
691 2783 791 2882 illis,
822 2811 912 2866 cum
942 2783 1092 2894 qenibus
1121 2781 1197 2866 hnc
1229 2783 1380 2866 bouum
1412 2781 1529 2886 iecit,
1560 2812 1665 2866 urer-

251 2909 389 2994 eedem
419 2914 612 3020 accipiet,
642 2911 675 2996 si
704 2918 840 2997 antem
871 2913 964 3025 plus
993 2912 1146 3013 lecerit,
1183 2941 1305 3023 quam
1334 2913 1417 3012 ulii,
1447 2922 1545 2998 turm
1575 2942 1667 3022 spe·

252 3037 393 3122 eiulem
424 3042 649 3126 mercedem
680 3043 730 3126 de
760 3042 860 3146 lucu,
891 3045 999 3156 quod
1029 3044 1121 3155 plus
1150 3041 1268 3147 lecit,
1296 3044 1491 3152 accipiet;
1533 3072 1571 3132 r.
1600 3072 1664 3154 gr.

251 3169 477 3254 sietautmu
501 3171 648 3281 jeJuno
678 3174 728 3257 de
759 3173 875 3274 uiuo,
905 3179 1103 3285 quautam
1143 3170 1235 3272 alii,
1267 3179 1365 3256 tuuc
1406 3201 1661 3258 ccmnnnnem

252 3302 476 3385 usercedem
505 3303 662 3416 accipio
690 3329 782 3387 cam
812 3303 918 3408 aliis,
948 3305 980 3388 ci
1007 3331 1103 3388 vero
1130 3302 1220 3412 plus
1233 3303 1473 3413 jejunavero
1496 3305 1547 3387 de
1571 3305 1665 3388 rino

250 3433 495 3534 autminus,
525 3461 648 3544 quam
677 3433 762 3536 ulii,
792 3434 841 3518 de
871 3462 932 3537 eo,
961 3433 1070 3544 quud
1100 3434 1191 3544 plus
1209 3435 1391 3544 jejunavi
1423 3441 1495 3518 aeut
1518 3435 1663 3534 miuus,

250 3589 369 3670 quarn
405 3563 500 3666 ulii,
530 3563 687 3676 accipio
726 3563 932 3676 propriam
973 3562 1223 3662 urercedem,
1252 3565 1278 3650 i.
1305 3593 1342 3650 e.
1376 3567 1568 3674 majorem
1602 3565 1663 3648 vel
1768 3597 1769 3600 ¹
1865 3666 1868 3674 ι
1940 3597 1941 3606 ¹

249 3692 448 3778 minorem
478 3696 567 3780 sirie
595 3695 697 3782 eliis.
756 3694 875 3780 Sicut
905 3691 946 3781 S.
979 3693 1224 3780 Benedictus
1255 3695 1403 3780 iu'hoc
1432 3697 1521 3780 loco
1551 3697 1664 3800 dicit,

250 3824 453 3935 propriam
486 3827 712 3913 nncreedem
748 3801 1058 3914 selanitarum
1097 3827 1224 3931 seint,
1254 3829 1311 3914 ita
1349 3826 1660 3936 intelligendum

248 3960 309 4038 sut
338 3953 387 4040 de
417 3957 607 4044 oscinibus
637 3957 770 4066 bouis,
800 3983 904 4071 quae
933 3957 1205 4055 coarmuuiter
1235 3960 1297 4044 rel
1322 3957 1551 4070 specialiter
1575 3957 1680 4066 ugit.
1755 3951 1759 3972 ²

249 4083 382 4174 humo.
1233 4157 1236 4163 ,

355 4218 571 4329 Sequitur:
619 4216 660 4303 U
660 4219 701 4303 ln‘
738 4225 869 4302 aretem
911 4219 1127 4303 neccessitas
1164 4218 1240 4302 loci
1279 4218 1474 4322 exposcit,
1512 4224 1554 4300 at
1594 4245 1663 4300 nec

246 4371 374 4452 senna
413 4351 566 4457 scripta
605 4375 794 4434 ermesnra
832 4349 1006 4434 inecairi
1037 4347 1188 4455 possit,
1217 4349 1289 4430 scd
1325 4346 1490 4432 nndtnm
1528 4355 1662 4432 recinas
1718 4415 1721 4418 .

38 4479 53 4612 ξ
117 4563 119 4568 ,
245 4483 314 4560 nat
343 4503 393 4563 ca
421 4486 499 4564 toto
529 4481 645 4581 nituit,
675 4479 908 4564 decorticant
936 4479 1081 4580 Daren,
1110 4477 1181 4583 pai
1208 4477 1266 4560 iti
1293 4475 1486 4579 lectitant,
1515 4486 1553 4560 et
1581 4503 1657 4560 oron
1715 4523 1720 4534 ·

244 4618 507 4714 nonnanes,
535 4611 607 4696 lroe
634 4615 729 4695 necte
756 4606 893 4694 encenia
920 4611 1203 4708 mencenentes,
1232 4612 1276 4692 nt
1304 4609 1453 4713 absque
1481 4633 1661 4692 iniecerun-

242 4739 397 4826 rotinere
424 4739 519 4830 sint.
578 4741 628 4826 ln
666 4740 747 4828 hoc
786 4740 895 4825 enim
933 4739 1023 4827 luco
1062 4739 1304 4824 intuendum
1338 4742 1422 4844 est,
1453 4740 1550 4846 quia
1579 4744 1662 4823 tres

243 4895 386 4954 seusus
423 4873 692 4959 scrutinentur
726 4873 770 4958 in
810 4872 888 4958 hnc
925 4873 1131 4982 capitulo,
1161 4869 1187 4959 i.
1217 4899 1252 4958 e.
1290 4869 1388 4980 quia
1429 4895 1659 4955 mensuram

243 5003 458 5128 constituit
498 5013 541 5090 et
578 5005 670 5116 plus
705 5032 859 5115 augere
894 4989 1105 5114 praecepit
1142 5011 1185 5087 et
1213 4999 1421 5111 crapulam
1458 5007 1501 5083 et
1529 5003 1661 5085 ebrie·

244 5138 372 5218 tutem
415 5136 611 5236 abstulite
652 5163 689 5222 r.
718 5163 781 5245 gr.
810 5143 908 5219 suut
935 5139 1018 5218 tren
1047 5133 1217 5237 fratres,
1246 5160 1375 5237 uenus,
1403 5131 1469 5218 cni
1508 5134 1661 5218 sufficit

165 5271 168 5280 ‘
243 5289 451 5366 mensura,
482 5267 587 5352 alter
614 5272 699 5370 est,
729 5267 799 5380 qui
829 5265 922 5374 plue
953 5264 1324 5372 indigenarum,
1355 5263 1439 5377 qui,
1468 5263 1503 5378 si
1531 5266 1658 5378 ipsam
1785 5365 1787 5369 ι
