3968 5774
742 367 744 374 y
815 271 900 364 Cap.
922 271 1031 346 XXX.
1537 279 1618 364 369

218 499 336 588 ateis
359 493 521 580 credere
543 493 631 576 sine
653 493 909 578 difficultate.
955 495 998 580 Si
1026 499 1160 579 autem
1184 495 1242 579 illi
1265 497 1474 582 noluerint
1495 497 1618 580 talem
1776 479 1779 484 ¹

217 629 387 728 abbatis,
417 628 522 710 sicut
545 625 631 731 jam
661 623 855 727 diximus,
895 625 1216 738 susceptionem,
1247 656 1331 710 nou
1360 628 1638 738 recipiantur,

221 795 268 850 ne
307 760 499 874 perillus
528 757 715 838 similiter
743 758 845 842 alios
887 759 1044 868 perdat.
1103 757 1159 841 Et
1186 757 1264 843 lroc
1293 760 1519 843 notandam
1551 777 1625 858 est,
1733 763 1737 768 ’

219 898 310 1006 (prin
339 891 440 976 illud
470 897 704 998 peccatam,
738 890 848 998 quod
880 889 962 972 dixi
992 917 1078 973 csse
1106 918 1342 988 commune,
1387 892 1445 974 ita
1474 891 1627 974 intelli-

218 1025 390 1136 gendum
421 1024 503 1102 est:
534 1019 559 1106 i.
587 1047 619 1103 e.
655 1019 688 1100 si
717 1019 863 1127 aliquis
886 1019 926 1102 iu
952 1021 1052 1104 illud
1080 1022 1222 1105 vitium
1244 1019 1529 1103 immunditiae
1557 1028 1630 1103 arrt

218 1152 499 1240 sodomiticum
528 1178 623 1231 casu
653 1149 802 1232 cecidit
830 1160 872 1232 et
901 1151 1196 1235 verecundatur
1235 1157 1277 1234 et
1304 1152 1431 1234 alium
1460 1150 1628 1234 fratrem

222 1315 297 1370 nou
327 1281 567 1388 corruperit,
597 1309 646 1362 ex
677 1279 754 1363 hoc
785 1293 883 1364 tuuc
913 1288 1089 1365 nonest
1117 1281 1416 1391 projiciendus,
1445 1284 1628 1392 quamvis

220 1441 428 1500 commuue
443 1413 507 1495 sit.
561 1411 604 1496 Si
626 1421 762 1496 utilem
776 1413 818 1493 iu
841 1415 1135 1497 consuetudine
1161 1410 1262 1495 illud
1281 1411 1425 1494 vitium
1442 1411 1630 1495 habuerit

219 1557 260 1631 et
290 1545 390 1628 adius
420 1542 644 1652 perdiderit
673 1571 744 1651 per
772 1542 853 1627 lroc
881 1553 923 1628 et
958 1543 1171 1628 emendare
1202 1541 1399 1641 uoluerit,
1439 1549 1539 1626 tuno
1567 1550 1631 1627 est

219 1674 498 1788 projiciendus.
558 1673 757 1758 Similiter
785 1703 860 1784 pro
883 1673 984 1757 vitio
1009 1673 1236 1757 discordiae
1264 1685 1338 1757 aut
1365 1674 1628 1774 detractionis

221 1806 277 1888 rel
307 1803 414 1888 furti·
436 1804 493 1886 ita
523 1803 751 1888 laciendum
782 1815 856 1889 est.
887 1851 938 1866 -
971 1803 1140 1912 lnsaper
1163 1803 1286 1888 etiam
1316 1803 1525 1886 sciendum
1553 1814 1628 1904 est,

171 2023 172 2027 Ν
218 1937 310 2046 quia
338 1941 435 2018 suut
472 1932 561 2034 alii,
611 1935 680 2042 qui
723 1962 806 2018 nou
844 1935 901 2018 sic
938 1941 1057 2018 acute
1085 1962 1161 2017 nec
1189 1933 1246 2016 sic
1287 1932 1467 2015 studiose
1506 1941 1629 2042 atque

218 2049 440 2166 subtiliter,
482 2061 589 2147 sicut
627 2063 824 2164 diximus,
864 2065 1104 2172 intelligunt
1151 2092 1224 2146 neo
1258 2061 1496 2145 discernunt
1524 2064 1631 2146 inter

220 2193 423 2304 proprium
456 2200 497 2276 ct
526 2221 742 2278 cnuuuuue
769 2194 927 2296 vitium,
957 2197 1026 2278 soal
1053 2200 1215 2278 tanturn
1242 2193 1495 2302 sirupliciter,
1526 2198 1573 2276 ut
1595 2194 1626 2276 si

220 2353 290 2431 pro
327 2323 601 2432 qualicunque
631 2324 731 2407 vitio
771 2325 897 2409 trater
932 2325 1164 2432 egreditur,
1204 2351 1331 2432 usque
1371 2323 1421 2404 ad
1462 2327 1627 2406 tertium

220 2456 341 2536 ricem
371 2451 571 2560 recipiant
600 2451 769 2534 tratrem
812 2459 1048 2554 exeuntem,
1089 2460 1131 2537 et
1170 2457 1265 2562 post
1304 2452 1465 2535 tertiam
1497 2453 1625 2536 ricem

222 2581 365 2663 nolunt
392 2609 482 2662 eam
514 2581 714 2689 recipere;
744 2589 904 2666 etcum
936 2587 1162 2692 receperint
1189 2610 1281 2664 earn
1311 2579 1557 2664 insecundo
1585 2587 1627 2663 et
1659 2629 1662 2635 ·
1775 2639 1777 2644 -

98 2759 102 2768 ·
220 2710 341 2792 tertia
373 2710 476 2812 rice,
518 2707 666 2792 nolunt
694 2737 787 2793 earn
815 2712 860 2795 in
890 2713 977 2822 ipsa
1017 2711 1271 2823 poenitentia
1301 2711 1507 2810 detinere,
1548 2738 1628 2818 qua

219 2840 364 2947 dignos
391 2841 479 2939 luit,
510 2839 676 2948 quando
700 2842 819 2948 tagit.
873 2841 927 2924 Et
942 2842 1020 2925 lroc
1044 2843 1219 2926 nruxirua
1241 2841 1462 2924 multitudo
1485 2867 1629 2922 urana·

218 2970 431 3054 steriorum
456 2999 528 3080 per
545 2967 759 3053 Franciaru
789 2972 897 3058 lireit.
950 2973 1029 3055 Sed
1053 2979 1189 3056 tumen
1206 2971 1268 3054 illi
1288 2971 1446 3054 laciaut
1473 2970 1628 3070 melius,
1702 2992 1706 3000 ’

219 3100 284 3206 qui
314 3100 534 3183 secondum
568 3101 742 3209 priorem
772 3130 935 3184 sensum
961 3093 1145 3204 faciunt,¹
1161 3131 1209 3186 eo
1230 3101 1339 3210 qnod
1362 3101 1629 3210 sapientiores
1724 3163 1728 3170 -

218 3235 258 3311 et
285 3229 485 3314 acutiores
513 3240 626 3332 saut,
668 3232 738 3341 qui
780 3233 841 3316 ita
872 3230 1123 3342 intelligant.
1182 3228 1287 3314 Nam
1326 3247 1368 3314 et
1407 3257 1484 3338 ego
1525 3229 1629 3314 facio

218 3359 273 3442 ita
301 3361 343 3442 iu
375 3365 517 3442 nostro
549 3359 807 3460 monasterio,
849 3367 891 3444 et
920 3361 978 3444 ita
1007 3362 1172 3460 hortor,
1215 3366 1261 3444 nt
1288 3358 1413 3444 ceteri
1443 3359 1630 3442 similiter

218 3487 379 3590 faciant,
411 3488 531 3574 sicuti
560 3493 828 3602 sapientiores
858 3491 1100 3602 intelligunt
1129 3499 1171 3574 et
1199 3491 1368 3576 saciant,

783 3687 881 3794 (lap.
914 3685 1064 3774 XXX.

216 3865 280 3942 nn
296 3865 479 3944 PUllltlS
497 3867 685 3946 nruoar
700 3869 920 3962 atrurn,
945 3867 1208 3961 adnarrant
1231 3869 1628 3950 corrlurrnnrau.

326 4010 495 4095 »Ourru's
524 4021 637 4098 aetas
666 4012 726 4098 vel
754 4013 971 4116 intellectus
998 4016 1192 4120 proprias
1215 4007 1326 4099 dedet
1351 4014 1496 4099 latere
1522 4043 1630 4098 neem

214 4164 355 4242 sarum
398 4143 562 4248 ideoque
589 4143 767 4250 quotiens
787 4143 910 4250 pueri
936 4145 997 4228 uel
1024 4144 1354 4250 adolescentiores
1383 4149 1531 4244 accede,
1561 4154 1631 4228 urat

213 4271 281 4375 qni
308 4277 442 4356 erraras
469 4271 689 4380 iutellipere
709 4281 910 4382 possa-nt,
948 4283 1099 4381 quenula
1120 4303 1253 4384 poeno
1271 4277 1336 4366 ¹ait
1362 4276 1630 4359 ccconmumi·

18 4439 23 4448 v
79 4489 81 4494 .
213 4403 402 4488 cationis:
446 4406 488 4489 di
516 4405 619 4489 tutes
647 4405 743 4488 daem
770 4405 1024 4514 delirrqnnnt,
1060 4416 1131 4493 eat
1150 4408 1324 4515 jejuniis
1352 4406 1491 4490 rrinriis
1521 4405 1631 4513 aflli-

211 4541 360 4640 paratur
382 4544 452 4620 aad
475 4543 585 4622 acris
599 4538 828 4624 verberibus
843 4547 1109 4643 cccracautar,
1134 4545 1405 4624 arsamum.
1434 4539 1628 4622 ltectam

213 4664 393 4750 ordinem
432 4669 567 4752 tenuit
593 4667 635 4754 S.
665 4667 933 4772 Benedictus,
977 4699 1070 4756 caru
1112 4672 1276 4755 inisto
1315 4669 1405 4752 loco
1442 4670 1543 4754 dicit
1580 4671 1631 4753 de

214 4798 345 4904 pueris
376 4799 523 4883 minori
551 4806 709 4896 aetate,
749 4828 798 4882 ea
838 4801 958 4907 qaod.
987 4802 1170 4910 superias
1211 4801 1315 4900 clixit
1343 4799 1393 4883 de
1435 4789 1660 4884 leviorum

211 4934 334 5034 atque
372 4929 610 5036 graviorum
639 4919 1301 5036 culparumexcommunicatione
1331 4937 1374 5014 et
1402 4929 1452 5012 de
1480 4929 1632 5015 sollici·

212 5055 351 5140 tudine
388 5059 550 5145 abbatis
594 5065 707 5172 erga
731 5057 1104 5146 excommunicatos
1154 5059 1315 5170 agenda
1353 5067 1397 5144 et
1437 5061 1632 5170 gradibus

210 5187 406 5276 leviarum
424 5189 651 5301 culparum,
672 5197 715 5274 et
738 5197 879 5298 postea
895 5192 945 5274 de
966 5190 1076 5276 terro
1100 5191 1338 5277 abscisionis
1363 5195 1489 5300 atque
1508 5193 1630 5276 etiam

277 5331 468 5400 lllldmaraa,
485 5335 640 5401 Expertae
657 5334 785 5400 rogatu.
1376 5331 1429 5409 24
