3994 5770
198 223 321 342 ¹203
437 281 442 294 .
850 183 1089 318 curn

352 438 569 552 Sequitur:
614 440 714 534 Oen·
739 439 839 528 naec
863 467 957 552 erpo
984 441 1115 544 dicit„
1141 441 1314 528 cumdii
1337 441 1466 544 nobis,
1494 467 1648 528 omnem

158 563 164 584 '
243 567 528 669 exultationem
552 569 681 678 penne
706 595 796 656 esse
820 572 1046 678 neperlice.
1102 571 1185 658 Ubi
1221 571 1372 657 dicitur
1405 571 1525 671 (licit,
1551 575 1646 658 sub·

241 699 490 784 audiendum
519 710 605 786 est:
643 701 717 787 ills
743 701 965 814 scriptum
1003 706 1048 787 et
1075 703 1146 788 ubi
1173 700 1324 787 (licitur
1349 701 1468 802 leuce,
1494 701 1651 786 intelli·

237 830 415 938 gendum
444 836 509 914 est
533 826 678 934 istu,¹)
715 859 821 941 quus
862 829 1213 942 subsequitur,‘i.
1242 858 1279 918 e.
1311 828 1475 934 Omnis,
1509 833 1580 936 qni
1606 860 1651 914 se

236 943 402 1060 exaltent,
430 957 723 1062 humiliabitur,
749 966 787 1045 ct
814 965 885 1068 qni
910 986 956 1045 ec
980 959 1190 1063 brenrilint,
1227 957 1498 1062 exambitum
1538 989 1591 1044 cc
1615 963 1649 1045 si

238 1087 412 1172 diceret:
442 1087 731 1198 qualicumque
749 1093 872 1180 modo
889 1120 935 1176 se
952 1089 1196 1176 exaltaverit
1214 1091 1320 1200 quis,
1348 1090 1438 1200 ipen
1453 1091 1651 1174 exultatio

88 1295 91 1302 .
238 1208 368 1326 gerens
397 1217 613 1328 superbiae
641 1225 705 1302 est
731 1219 773 1304 iu
802 1221 887 1307 illo.

350 1345 564 1456 Sequitur:
597 1347 712 1454 Quod
729 1375 774 1436 sc
793 1351 995 1458 propbeta
1010 1375 1148 1434 meere
1167 1347 1319 1434 indicat
1335 1348 1486 1436 dicens.
1524 1349 1651 1452 ernl,

237 1479 562 1564 subaudiendum
602 1488 683 1566 est:
723 1509 854 1593 genus
889 1481 1118 1592 superbire.
1179 1477 1254 1562 nit
1292 1479 1426 1564 euim:
1465 1477 1650 1578 lloririne,

238 1634 319 1692 non
348 1613 407 1692 est
444 1611 665 1696 exaltatum
703 1638 773 1697 cor
809 1637 962 1712 nrurrn,
1002 1635 1127 1714 neque
1162 1609 1259 1692 eluti
1294 1613 1388 1691 snrrt
1422 1608 1527 1690 oenli
1561 1609 1654 1708 urei,

203 1761 361 1841 neque
397 1735 603 1822 orrrbnlnoi
616 1739 676 1824 'in
716 1743 879 1847 errupnis
918 1763 1042 1844 oreque
1067 1738 1112 1820 in
1145 1734 1403 1822 nrircbililne
1428 1763 1552 1842 ευμεν
1578 1763 1652 1820 nin

210 1859 324 1946 ·lste
360 1863 467 1950 eninr
509 1867 652 1950 tantus
690 1868 894 1980 propheto
923 1865 1055 1950 David
1096 1864 1200 1949 bone
1239 1863 1349 1947 intro
1386 1881 1576 1975 acceptus
1603 1891 1652 1948 er

209 2009 216 2023 ·
239 1989 378 2076 divino
392 1991 589 2102 lorgitnte
603 2023 814 2080 rnensurus
829 1996 971 2106 pedem
989 1991 1124 2078 cordis
1136 2000 1350 2104 presserat,
1366 2021 1459 2078 cum
1472 1993 1652 2076 elieebut:

108 2149 112 2156 ’
240 2143 365 2226 neque
397 2119 604 2206 ambulavi
631 2122 676 2207 in
714 2125 876 2233 rrropnis
916 2149 1040 2229 neque
1075 2124 1119 2206 in
1147 2119 1403 2206 mircbilibns
1429 2147 1553 2226 snper
1579 2147 1682 2207 erre..

113 2303 116 2308 ·
241 2246 374 2356 Super
385 2276 429 2333 se
441 2251 595 2360 quippe
611 2253 654 2334 in
670 2253 925 2337 mirabilibus
949 2251 1194 2350 ambularet,
1219 2249 1254 2332 si
1267 2276 1466 2359 apparere
1482 2275 1655 2356 rrrngnnn

91 2424 102 2447 ι
190 2411 195 2426 ·
245 2377 508 2488 ultraquam
537 2385 713 2488 poterut,
742 2387 968 2492 qnuereret.
1025 2381 1156 2490 Super
1183 2407 1227 2464 se
1256 2407 1431 2488 nouique
1457 2379 1502 2462 in
1531 2379 1656 2462 miru-

243 2505 394 2593 bilibus
421 2507 642 2628 attollitur,
671 2512 742 2621 qui
771 2517 814 2596 et
841 2511 884 2594 in
914 2509 991 2606 bis,
1019 2510 1072 2594 ed
1092 2537 1198 2618 quoe
1222 2536 1305 2593 non
1329 2506 1497 2609 suflicit,
1527 2508 1655 2590 videri
1712 2549 1719 2567 ·
1748 2531 1753 2541 ·

242 2643 435 2736 conutnr3
463 2636 563 2720 item
591 2638 661 2723 illc
689 2669 776 2726 uon
802 2639 989 2723 ambulet
1016 2639 1058 2721 in
1089 2639 1251 2749 maguis
1273 2666 1398 2747 snper
1423 2667 1479 2740 se,
1508 2637 1579 2746 qui
1607 2666 1655 2720 eu

155 2865 164 2883 ·
243 2793 410 2877 mogun,
438 2796 544 2878 queo
570 2797 695 2880 super
720 2799 764 2855 se
790 2774 901 2870 sunt,
930 2770 958 2856 i.
978 2795 1014 2858 e.
1034 2768 1144 2852 nltru
1166 2796 1398 2852 mensurum
1426 2795 1543 2852 suum
1573 2795 1656 2852 non

50 2879 53 2886 ⁴
159 3005 162 3012 ,
243 2897 359 3005 cupit
383 2899 540 3000 iecere,
581 2899 833 2988 etillenon
868 2898 1128 2984 ambulatio
1167 2897 1423 2983 mimbilibus
1451 2925 1657 3007 superse,

243 3029 314 3136 qni
343 3027 553 3132 miraculo,
582 3059 687 3140 quae
714 3060 838 3140 snpra
864 3059 908 3114 sc
935 3036 1047 3134 sunt,
1076 3056 1159 3112 nou
1187 3027 1393 3112 desideret
1419 3055 1556 3136 cgere.

113 3248 116 3256 ,
165 3253 168 3260 ,
200 3142 203 3150 ’
354 3155 572 3266 Sequitur:
603 3157 687 3244 sed
713 3161 843 3268 qnid?
881 3159 984 3245 Cum
1014 3186 1112 3243 vcro
1140 3157 1363 3250 dicitesed
1388 3159 1523 3265 qnid?
1559 3160 1658 3242 snb·

179 3359 186 3380 .
243 3286 490 3380 audiendum
522 3291 607 3372 est:
635 3288 784 3381 iecisti.
837 3287 887 3374 ln
916 3288 995 3375 hoc
1023 3288 1134 3376 enim
1164 3289 1256 3373 loco
1275 3289 1437 3373 videtur
1456 3285 1656 3371 Dominus

243 3417 521 3529 interrogasse
539 3417 783 3529 prophetem
797 3419 1021 3504 secundum
1044 3446 1208 3503 sensum
1226 3417 1269 3504 S.
1289 3416 1517 3520 Benedicti,
1542 3416 1657 3527 quusi

244 3545 418 3632 diceret:
449 3546 485 3632 Ο
514 3547 737 3658 prophetui
755 3549 920 3650 uixisti,
949 3555 991 3634 tu
1022 3575 1105 3634 non
1126 3548 1325 3634 ernlbnse
1348 3574 1420 3632 cor
1437 3552 1553 3632 tnurn
1573 3575 1659 3632 nec

93 3773 100 3788 ι
245 3674 439 3759 babuisse
464 3674 603 3760 oculos
631 3674 827 3760 inultum
858 3677 990 3762 elutos
1018 3703 1152 3784 neqne
1172 3673 1403 3762 umbnlnsse
1431 3676 1475 3759 in
1498 3673 1660 3784 mugnis
1730 3756 1735 3767 ,

158 3801 162 3808 ’
243 3832 368 3915 snpru
395 3831 626 3890 urensnrcm
654 3809 769 3890 tumn
799 3834 930 3924 neque
960 3805 1004 3888 in
1040 3805 1293 3889 mirabilibus
1316 3805 1505 3889 similiter
1533 3832 1660 3914 supro

245 3961 475 4017 mensurum
505 3939 641 4034 tuum3
682 3963 775 4020 cunr
804 3935 884 4020 istu
923 3961 1026 4044 crgo
1064 3935 1205 4019 omnis
1245 3962 1328 4020 non
1364 3933 1520 4035 fecisti,
1560 3935 1660 4043 suin
1712 4017 1714 4022 .

245 4091 347 4174 ergo
375 4063 539 4147 iecisti?
581 4062 758 4150 Videtur
785 4093 894 4151 nnuc
925 4063 1059 4148 David
1090 4061 1269 4149 Domino
1297 4063 1556 4172 respondisse
1582 4063 1661 4147 sub

152 4257 156 4266 .
244 4194 561 4303 imprecatione,
598 4222 691 4281 cum
720 4194 958 4308 subjungit:
1004 4193 1053 4279 Si
1090 4217 1171 4278 non
1197 4192 1402 4278 inviriliter
1427 4191 1661 4294 sctrictam,
1800 4191 1805 4200 ’

138 4343 166 4426 ·,
243 4318 317 4407 secl
336 4321 513 4407 exoltcrn'
530 4324 712 4412 cerionem
734 4351 880 4428 nrecrn,
906 4327 1009 4411 sicut
1028 4323 1320 4433 alienarum)
1348 4349 1471 4430 snper
1491 4328 1662 4408 veretrum

117 4455 132 4466 ”
241 4481 386 4558 onom,
417 4457 475 4541 ila
513 4455 710 4540 retribues
736 4457 781 4540 in
808 4457 989 4542 orrinrurn
1028 4483 1172 4542 remum.
1228 4453 1335 4538 Vide
1374 4455 1516 4558 modo,
1557 4455 1663 4540 bene

153 4583 156 4590 “
246 4586 351 4668 dixit
389 4611 513 4692 semer
538 4569 710 4672 erronem
735 4615 880 4692 suarm
916 4585 1090 4672 sienim
1120 4613 1201 4668 non
1232 4585 1513 4694 subjunxisset
1538 4611 1664 4690 srqncr

85 4807 91 4818 ,
244 4724 414 4806 orrutrem
442 4743 581 4818 moror,
618 4745 701 4803 uon
729 4717 891 4802 fecisset
916 4718 997 4802 sibi
1024 4716 1385 4827 imprecationem,
1424 4719 1521 4828 qnia
1547 4746 1663 4829 puer,

132 5113 137 5124 ι
334 5025 364 5114 ¹)
385 5023 565 5098 sententio
584 5025 642 5116 (l).

259 5147 266 5170 ·
335 5137 363 5222 ¹)
384 5133 478 5206 rirnt
498 5134 703 5206 obluctatus
725 5137 790 5210 cst.
834 5131 919 5206 cul.
944 5131 1125 5226 l'instzell.
