3960 5774
848 311 933 406 Cup.
957 313 1137 392 xxxxu.

812 535 910 643 Cup.
945 535 1196 626 XXXXII.

415 719 483 800 UT
513 720 639 800 l’osu
670 717 1075 798 COMPLETORIUM
1108 719 1252 797 NEMO
1281 717 1575 812 Luouuruu.

338 855 340 860 ⁸
404 867 524 952 Orsini
533 872 707 974 lorrrpore
719 865 921 952 silentium
936 865 970 978 ¹)
981 865 1119 952 ‹lelcul
1138 865 1296 952 studere
1310 867 1504 966 recurrendi,
1523 865 1698 952 recursione

290 1005 422 1082 lunnon
457 999 664 1084 nocturnis
701 999 840 1100 leeris,
878 1004 914 1084 cl
946 999 1037 1085 idco
1073 999 1181 1084 ororni
1219 1003 1413 1104 lumpero,
1444 999 1527 1082 siue
1546 995 1698 1104 jcjutnii

289 1127 372 1210 ricc
396 1127 583 1234 proludii,
611 1155 704 1214 neue
732 1139 776 1214 nl
801 1131 1051 1216 surrreuorinl
1079 1159 1104 1212 n
1133 1155 1265 1230 courum,
1297 1127 1460 1214 sedeunt
1488 1123 1622 1212 cursurus
1652 1131 1694 1212 in

289 1285 378 1358 curro,
406 1263 443 1360 ol
471 1255 575 1364 lepul
605 1287 708 1344 currus
731 1259 962 1346 collationes
990 1258 1051 1344 ool
1078 1261 1184 1345 oilus
1206 1265 1373 1366 pulmon
1403 1265 1471 1344 unul
1490 1265 1591 1343 cerlo
1613 1257 1691 1342 oli·

284 1387 403 1494 puid‚
432 1390 537 1494 quood
572 1389 752 1497 aedificet
788 1391 1009 1479 audientes.
1040 1389 1239 1476 Rectum
1277 1390 1460 1474 ordinem
1491 1389 1624 1472 tenuit
1651 1389 1693 1472 in

285 1518 361 1602 lmc
404 1519 494 1604 loeo
535 1519 587 1606 S.v
617 1520 863 1607 Benedictus
904 1521 945 1604 iu
990 1549 1061 1622 eo,
1102 1519 1210 1630 quod
1241 1517 1367 1620 dixit,
1398 1519 1543 1630 quibus
1582 1519 1693 1602 horis

187 1691 189 1694 ·
286 1656 450 1760 eportet
477 1651 587 1736 refici
622 1653 765 1738 l’rutres
795 1653 1033 1766 perveniens
1062 1653 1113 1738 ud
1143 1651 1258 1736 illum
1287 1651 1436 1754 locum,
1466 1649 1534 1733 ubi
1563 1649 1692 1734 dixit:

285 1781 373 1886 ipsu
397 1785 527 1865 lurrrrcn
559 1807 726 1888 vespero
755 1784 815 1870 sic
842 1789 1000 1892 cuprum,
1029 1789 1071 1868 ul
1099 1783 1248 1867 lumine
1275 1779 1460 1865 lurcoruuc
1480 1807 1555 1866 non
1585 1781 1693 1866 indi·

254 1904 407 2019 'pouul
431 1911 586 2018 srulrcs
614 1915 845 2019 reficiendos,
874 1917 947 2002 sed
975 1915 1059 2002 lnce
1087 1913 1217 2000 nullone
1244 1912 1327 1998 diei
1348 1913 1484 1998 correrio.
1511 1938 1693 1997 corrsnm·
1781 2013 1783 2018 ι

285 2049 457 2144 orreretur,
486 2052 529 2130 et
566 2044 783 2157 subjunxit
811 2045 889 2134 hoc
928 2045 1319 2158 capitulun1,cujus
1356 2043 1479 2129 clunis
1519 2042 1691 2130 dieitur:
1788 2045 1792 2051 ’

286 2180 326 2257 ul
347 2183 445 2281 post
471 2177 767 2282 conprlclorinrn
786 2204 899 2262 rocleno
920 2176 1116 2284 loquutur.
1155 2175 1261 2263 Num
1284 2177 1381 2288 qnid
1403 2175 1520 2261 'eliud
1551 2175 1692 2262 melius

152 2357 156 2366 ·
284 2313 474 2415 potuerat
503 2307 594 2408 diei,
626 2338 747 2419 (pureum
773 2293 896 2392 'dionis
921 2309 1031 2410 horis
1060 2309 1230 2410 diurnis,
1259 2307 1406 2418 quibus
1429 2305 1691 2390 reficiendum

281 2445 387 2530 erut.
418 2437 556 2523 steutim
587 2439 806 2550 diceret‚²)
836 2445 882 2523 ut
919 2445 1012 2550 post
1049 2437 1359 2550 completorimu
1402 2437 1537 2522 lucullus
1579 2436 1689 2546 loqui

281 2568 508 2671 sternimus,
552 2578 594 2654 et
636 2571 836 2684 diceret2)
866 2572 1010 2678 cliuus,
1055 2571 1259 2682 quuonuodo
1288 2569 1339 2654 ud
1378 2567 1688 2678 completorium

280 2701 484 2808 {egelidum
517 2701 653 2786 reuire
683 2702 930 2810 debuissent,
960 2702 1132 2812 eoquod
1159 2700 1471 2813 completorium
1489 2727 1581 2782 eum
1599 2699 1688 2782 luce
1819 2761 1833 2773 -

280 2831 484 2938 egendum
524 2841 597 2915 est.
657 2831 714 2916 ut
750 2843 969 2947 postquem
1009 2835 1169 2920 dixerut
1208 2831 1457 2916 mentionem
1489 2829 1611 2928 lucis,
1642 2836 1689 2912 ut

280 2989 370 3045 eum
412 2962 501 3048 luce
539 2963 676 3048 ouruiu
714 2975 954 3077 egerentur,
983 2964 1197 3074 subjunxit
1226 2962 1337 3046 illico
1367 2961 1524 3046 diceus}
1571 2960 1690 3044 Omni

202 3103 205 3108 ’
279 3098 451 3198 lurrrporc
491 3093 694 3179 silenlirun
736 3099 875 3181 cludent
914 3096 1072 3180 sindone
1107 3093 1312 3192 ruroncclri,
1352 3091 1528 3176 occursione
1556 3097 1689 3174 lucrium

279 3223 485 3306 ruoclurnis
507 3224 630 3310 doris.
663 3229 855 3338 Superius
884 3229 993 3311 onim
1024 3227 1222 3310 diximus:
1254 3225 1321 3337 ubi
1351 3221 1559 3306 silentium
1589 3222 1690 3306 dicit

237 3433 239 3438 ,
278 3354 433 3464 regule,
462 3357 512 3439 de
525 3384 739 3467 suppresse
758 3389 855 3442 voce
871 3357 1119 3469 intelligitur
1135 3357 1280 3455 dicere,
1302 3353 1371 3437 ubi
1391 3383 1485 3436 vero
1502 3354 1689 3450 unemime,

278 3487 399 3572 sicuti
429 3487 638 3594 hocloco,
669 3491 782 3594 dicit,
813 3521 893 3576 nou
924 3490 1024 3590 vult,
1054 3498 1102 3573 ut
1130 3489 1333 3599 loquutur,
1364 3485 1470 3574 sieut
1496 3484 1537 3567 iu
1562 3485 1687 3566 relec-

277 3619 384 3703 torio
426 3619 537 3706 dicit.
596 3622 676 3706 Sed
721 3622 799 3706 hoc
841 3620 1066 3706 notandum
1112 3627 1196 3722 est,
1240 3618 1375 3727 quod,
1415 3617 1448 3700 si
1488 3621 1688 3700 nocturno

159 3814 165 3824 ,
277 3751 461 3858 tempore
501 3751 693 3837 domuum
733 3753 881 3838 viderit
922 3755 1014 3866 quis
1054 3753 1136 3838 tule
1173 3757 1246 3838 aut
1295 3747 1514 3851 necessitas
1552 3746 1687 3850 fuerit,

276 3909 400 3989 quum
430 3911 513 3965 nou
545 3889 681 3995 potest
710 3891 945 3994 expectere,
977 3890 1023 3968 ut
1051 3912 1236 3996 congruo
1274 3889 1457 3992 tempore
1485 3879 1687 3988 loquetur,

276 4011 353 4096 hoc
392 4043 476 4097 nou
517 4013 728 4100 interdicit
767 4018 911 4128 regule
950 4016 1060 4128 loqui
1089 4016 1253 4114 stetim3
1298 4011 1410 4098 verbi
1446 4011 1579 4123 gralia
1603 4011 1687 4121 lsi)

277 4142 424 4230 uiderit
453 4145 620 4231 fratrem
659 4147 888 4258 fugientem
924 4156 997 4233 cut
1023 4149 1178 4262 aliquid
1208 4149 1399 4234 dunmum
1431 4143 1493 4228 uel
1523 4141 1686 4252 aliquod

274 4302 400 4384 grune
430 4285 653 4386 peccatum,
682 4279 805 4364 debet
833 4279 1065 4391 siguificare
1092 4279 1231 4390 priori.
1271 4277 1368 4362 'l'riu
1393 4277 1499 4361 euim
1520 4274 1686 4384 inspici·
1745 4277 1747 4282 ’
1880 4307 1883 4314 ·
1955 4263 1956 4284 ¹

274 4407 380 4492 eudu
408 4416 506 4493 suut
534 4417 716 4520 tempore
746 4406 978 4509 locutionis,
1008 4409 1035 4492 i.
1054 4437 1087 4492 e.
1119 4409 1326 4509 damnum,
1358 4401 1575 4490 necessitas
1600 4409 1682 4488 tum

273 4539 496 4649 spiritualis
525 4569 647 4652 quum
676 4536 915 4652 corporalis,
943 4543 1068 4650 utque
1092 4535 1365 4649 iuterrogatio
1393 4534 1550 4644 prioris,
1581 4547 1685 4642 qum

171 4673 174 4680 '
274 4669 424 4784 erneis,
453 4672 487 4756 si
511 4671 637 4757 'ultius
667 4669 997 4773 consideraverit,
1026 4669 1077 4754 ad
1105 4667 1470 4781 interrogationem
1503 4665 1684 4774 relerup·

274 4807 355 4906 tur,
384 4801 478 4916 quio
506 4803 625 4888 sicuti
650 4803 763 4915 prior
779 4804 1019 4916 interrogat,
1050 4801 1110 4888 ite
1135 4799 1256 4884 etiem
1281 4798 1474 4882 deunuum
1491 4803 1686 4881 etueces·

258 4933 373 5020 ,sites
403 4936 659 5047 interrogare
688 4939 1006 5048 cognoscuntur.
1061 4933 1283 5020 Nocturnis
1310 4927 1422 5016 doris
1451 4957 1543 5014 cum
1573 4927 1685 5032 dicit,

362 5180 387 5270 ¹)
409 5179 562 5254 silentio.
608 5179 692 5254 cru.
717 5175 900 5252 summu.
1007 5267 1010 5272 Ι

360 5293 389 5384 ²)
411 5289 527 5363 dicere
548 5291 605 5382 (l).
695 5303 732 5314 ”
