3994 5770
798 333 801 342 .
873 239 958 334 θῦν·
982 241 1062 374 vu.
1608 251 1690 336 213
1738 254 1742 262 ’

276 455 484 545 humilitus
525 461 664 544 autem
710 465 773 546 est
814 461 855 546 iu
896 463 1085 550 omuibus
1128 465 1347 574 gradibus,
1392 469 1489 576 quia
1529 467 1688 553 uulluru

277 593 425 676 bouum
456 591 594 701 potest
625 593 785 703 placere
805 593 894 680 Deo
922 596 1009 680 siue
1033 595 1279 686 humilitate.
1323 599 1505 684 Seieutiu
1534 601 1687 686 etenim
1768 591 1769 595 Ν

277 724 403 807 virtus
439 731 513 826 est,
546 723 757 812 humilitas
786 753 882 812 reru
911 732 1047 811 eustos
1077 727 1253 816 virtutis.
1310 731 1524 837 Quaelibet
1550 735 1690 819 adsiut
1780 801 1786 820 .
1894 767 1898 780 ·

274 881 424 966 opere,
454 855 567 942 uuile
594 863 714 962 suut,
751 857 905 943 nisiex
935 858 1167 946 humilitate
1195 863 1462 966 eoudiautum
1501 867 1686 952 miranda

273 987 423 1098 quippe
462 988 570 1075 aetio
599 1017 690 1075 cum
712 991 891 1075 eletione
919 1019 1002 1074 uou
1027 993 1171 1094 elevat,
1200 994 1270 1077 sed
1288 1003 1455 1108 gravam
1482 999 1551 1108 qui
1575 1000 1684 1084 euim

272 1121 357 1205 siue
372 1117 605 1208 humilitate
624 1122 796 1208 virtutes
821 1127 1062 1231 congregat,
1092 1123 1136 1207 iu
1161 1129 1284 1210 veuto
1307 1128 1512 1238 pulverem
1532 1135 1683 1240 portat,

272 1249 379 1335 uude
407 1249 561 1360 aliquid
591 1253 695 1340 ferre
712 1253 743 1366 ¹)
774 1251 966 1353 eeruitur,
997 1252 1092 1337 iude
1121 1254 1299 1340 deterius
1330 1265 1532 1348 caecatur.

595 1539 655 1610 DE
678 1536 825 1610 ruluo
850 1537 1152 1610 uuurm'ru'rls
1176 1524 1348 1614 GlthU,
1435 1499 1438 1502 Ι

252 1691 258 1701 ’
377 1693 548 1777 Primus
587 1690 828 1778 duuu'litatis
862 1693 1020 1800 ⁸drudus
1068 1699 1150 1794 est,
1191 1697 1230 1778 si
1266 1696 1448 1780 timorem
1486 1695 1568 1780 Dei
1603 1697 1683 1782 sibi
1821 1803 1823 1808 Ι

267 1832 358 1909 aute
394 1825 527 1910 ocutos
567 1849 723 1932 seraper
752 1835 924 1929 porrus.
980 1822 1073 1907 dum
1120 1827 1229 1910 euim
1268 1827 1453 1936 superius
1490 1826 1679 1934 diximus,

210 1979 214 1988 '
267 1959 361 2068 quid
392 1958 470 2042 sit:
505 1957 674 2042 Primus
702 1955 942 2042 drmrditutr‘s
966 1955 1127 2060 yrudus
1154 1963 1225 2058 est,
1255 1957 1298 2040 iu
1322 1957 1467 2066 quinto
1484 1958 1679 2068 capitulo.

266 2089 386 2174 Nune
419 2096 556 2176 autem
601 2085 821 2172 videndum
850 2092 933 2189 est,
972 2115 1096 2198 quare
1125 2089 1231 2173 dixit
1262 2089 1378 2173 Dei?
1437 2088 1536 2174 ldeo
1575 2090 1681 2176 dixit
1693 2117 1718 2202 g.

264 2221 355 2318 Dei,
385 2221 480 2330 quia
509 2227 572 2304 est
600 2222 643 2303 et
669 2219 795 2303 timor
823 2217 1009 2306 aliorum.
1053 2221 1195 2304 'timor
1223 2207 1374 2332 quippe
1404 2219 1479 2304 Dei
1507 2221 1550 2304 iu
1580 2203 1716 2308 duas*

262 2351 412 2462 speeies
441 2351 659 2453 dividitur,
689 2350 716 2434 i.
748 2379 781 2437 e.
812 2350 856 2433 iu
885 2352 1075 2434 timorem
1098 2352 1291 2436 servilem
1330 2362 1372 2436 et
1407 2352 1451 2436 iu
1490 2353 1678 2438 timorem
1722 2373 1723 2378 '

261 2488 432 2572 eastum.
492 2483 633 2568 Timor
669 2510 766 2566 vero
806 2481 986 2576 aliorum.
1009 2484 1052 2566 iu
1093 2484 1240 2568 multas
1270 2484 1426 2592 speeies
1463 2485 1677 2576 dividitur.

169 2603 172 2610 ’
212 2678 215 2684 .
261 2615 334 2699 Est
371 2615 481 2700 euim
521 2615 646 2700 timor
686 2615 819 2723 iguis,
860 2617 984 2702 timor
1022 2644 1164 2725 aquae,
1207 2616 1333 2698 timor
1369 2615 1509 2717 febris,
1552 2619 1676 2706 timor

122 2743 128 2758 ’
261 2747 456 2846 hominis,
498 2746 624 2829 timor
658 2746 880 2829 bestiarum
919 2753 961 2832 et
997 2748 1113 2855 reliq.
1178 2746 1408 2830 Videndum
1449 2755 1513 2832 est
1553 2780 1674 2854 uuue,
1778 2767 1781 2774 ’

258 2903 382 2984 qums
420 2865 533 2960 dicit
560 2903 729 2980 eruum.
771 2875 867 2960 ideo
896 2877 1001 2962 dixit
1027 2904 1197 2983 sermm,
1226 2879 1323 2987 quia
1350 2904 1444 2962 eum
1477 2880 1675 2990 imprimis

260 3005 384 3090 habes
405 3033 527 3090 cause
546 3005 786 3115 tragilitatis
812 3007 1015 3092 humuuuu
1034 3010 1219 3094 servilem
1244 3001 1433 3092 tiumrem
1461 3012 1503 3092 et
1527 3009 1674 3094 deiude

258 3134 420 3244 proficis
458 3136 500 3219 iu
543 3135 732 3220 timorem
771 3141 953 3238 eastum,
994 3165 1154 3248 semper
1194 3139 1385 3222 timorem
1416 3137 1491 3222 Dei
1534 3138 1671 3224 habes.

134 3323 136 3328 -
247 3267 347 3352 xHo'e
390 3271 433 3350 et
472 3266 684 3351 seieudum
714 3277 789 3368 est,
832 3273 1020 3368 ut,.eum
1051 3269 1239 3355 timorem
1281 3271 1437 3352 eastum
1467 3267 1672 3372 habueris,
1722 3363 1724 3366 ,
1865 3351 1867 3355 ,
1940 3355 1943 3364 ,

257 3425 338 3481 uon
380 3395 550 3482 desistas
591 3398 707 3482 illum
750 3397 913 3514 trabere.
984 3399 1080 3486 Ideo
1121 3399 1228 3484 dixi:
1268 3381 1392 3482 cruda
1425 3397 1670 3506 lrayilr’tutis

257 3529 465 3628 turrrauue,
495 3528 592 3638 quie
604 3529 727 3615 homo
742 3557 902 3639 semper
921 3527 1069 3614 timore
1089 3535 1203 3616 uasto
1227 3530 1349 3614 debet
1363 3529 1495 3613 Deum
1512 3529 1668 3631 timere,

254 3687 336 3743 uou
380 3660 541 3758 servili;
577 3660 650 3744 sed
692 3659 919 3772 fragilitate
959 3660 1133 3764 faciente
1175 3659 1355 3779 humana
1407 3651 1492 3742 uou
1534 3663 1670 3768 potest
1814 3717 1816 3722 -
1950 3701 1951 3704 κ

256 3795 379 3878 lmmo
408 3795 461 3878 ud
491 3795 680 3878 timorem
709 3798 868 3905 eustmu
898 3791 1128 3902 pervenire,
1158 3791 1235 3875 uisi
1267 3819 1339 3899 per
1366 3789 1553 3875 timorem
1578 3817 1669 3872 ser·

254 3923 389 4011 vilem.
447 3921 586 4010 Veluti
616 3923 707 4025 ille,
748 3922 819 4032 qui
848 3923 1015 4007 eousuit
1056 3924 1343 4040 calciamentu,
1387 3922 1500 4032 prius
1537 3919 1685 4004 mittit·
1717 4024 1743 4040 -,
1847 3995 1857 4008 ..
1920 4029 1924 4039 ·

252 4067 381 4140 setam
409 4063 451 4140 et
481 4055 739 4164 postmodum
768 4052 921 4152 diuum,
960 4063 1002 4136 et
1031 4059 1159 4139 seturu
1189 4055 1348 4140 excutit
1378 4055 1498 4148 forus,
1537 4050 1667 4133 liuum

254 4185 355 4271 iuibi
383 4215 470 4271 esse
491 4185 618 4292 sinit,
640 4185 701 4270 itu
729 4183 937 4282 ethome,
967 4211 1057 4270 uum
1088 4185 1238 4270 servire
1259 4185 1346 4270 Deo
1370 4183 1527 4297 incipit,
1553 4181 1664 4288 prius
1793 4287 1798 4296 ι

250 4346 275 4400 u
309 4317 457 4402 timore
495 4314 631 4401 servili
670 4313 817 4425 iueipit
856 4320 899 4399 et
927 4341 1000 4425 pur
1029 4315 1216 4400 timorem
1254 4315 1440 4400 servilem
1479 4310 1665 4432 pervenit
1710 4401 1712 4406 ,
1788 4409 1791 4417 ¹

251 4445 300 4529 ud
330 4451 502 4532 eurtum.
656 4493 664 4514 ·
1201 4516 1215 4538 ,

251 4594 254 4600 ’
335 4575 580 4686 ,ὃοᾳυίῑιιττ
624 4575 728 4658 unm
759 4574 859 4660 dieit
896 4575 1039 4676 oculos,
1072 4575 1397 4661 subaudiendum
1426 4571 1662 4672 est'eordis,

251 4707 347 4814 quie
374 4707 499 4793 timor
521 4733 611 4791 -uou
641 4711 709 4790 est
732 4705 955 4816 corporalis
983 4699 1261 4824 ressuteute
1283 4704 1421 4788 oeulos
1443 4728 1661 4810 corporeos

248 4841 446 4945 ponatur,
484 4835 555 4920 sed
577 4835 765 4957 'effeetus
804 4835 869 4920 rel
906 4835 1070 4921 utieutio
1112 4842 1175 4922 est
1218 4831 1386 4938 mentis,
1429 4830 1521 4930 ideo
1545 4833 1661 4914 unte
1705 4901 1709 4908 .

253 5063 514 5088 *um-*n

195 5247 202 5270 .
287 5146 289 5149 ’
337 5197 369 5277 ι).
390 5185 515 5263 rouro.
548 5121 632 5263 'cm
655 5182 839 5260 rursum
888 5150 914 5230 '·
