3930 5788
281 148 364 234 524
397 209 400 220 .
800 209 804 218 .
882 143 971 239 Gap.
992 144 1086 220 uvi.

136 419 139 426 ,
227 365 412 450 :cneus
445 391 610 468 occure,
640 365 685 448 in
712 363 846 470 ipsius
871 365 928 450 sit
946 371 1166 470 poterium
1191 365 1370 450 seniores
1402 372 1539 466 mesen
1574 391 1698 456 m

280 501 353 580 ιιιιι
378 497 482 580 dicos
508 520 667 602 sernper
687 521 775 580 uren
800 492 1004 600 craneus
1021 496 1307 582 dimetiendum
1320 497 1701 606 procnrct'proptrr

280 623 555 730 disciplinam.
578 625 705 727 Quid
733 623 844 710 cuim
871 649 1035 710 necesse
1062 626 1196 712 iuerat
1215 624 1258 714 S.
1286 627 1512 712 Benedicta
1539 626 1699 712 dicere:

281 783 406 840 ιιιιιιιιι
433 762 504 838 ord
532 756 634 840 duos
662 782 820 861 semper
855 756 1175 868 cumfratribus
1202 756 1485 842 dimittendum
1510 765 1700 864 procuret
1862 798 1865 801 ·

151 989 155 996 Ι
275 893 445 990 propter
479 884 765 993 disciplinam,
803 884 910 972 siin
939 886 1159 971 refectorio
1195 885 1324 970 abbas
1352 889 1601 972 munducare
1627 885 1699 968 ‹ie-¹

157 1123 162 1134 Ι
232 1039 236 1044 ·
284 1016 451 1115 buisset,
479 1045 572 1100 enm
602 1016 688 1124 ipse
724 1014 876 1117 abbas,
905 1014 939 1098 si
981 1013 1039 1098 ihi
1075 1013 1321 1117 manducat,
1349 1024 1489 1127 potest
1515 1016 1698 1127 discipli·

155 1239 161 1252 ·
282 1173 376 1230 nam
419 1145 596 1250 hebere,
648 1174 700 1230 ne
749 1144 905 1255 sliquid
955 1125 1174 1231 inhoneste
1226 1151 1301 1232 cut
1336 1152 1486 1258 agatur
1526 1153 1600 1231 cut
1635 1146 1698 1234 lo-

207 1384 213 1396 ·
280 1279 507 1391 quatnr‘fl)
548 1277 605 1362 en
634 1276 764 1380 ineo,
792 1277 903 1388 quod
923 1275 1025 1361 dicit
1052 1279 1345 1396 dimittendum,
1368 1283 1553 1390 appetet,
1586 1278 1698 1388 quod

189 1455 194 1466 ·
280 1411 380 1495 alibi
419 1420 481 1496 est
516 1413 603 1520 ipsc
641 1409 769 1494 abhas
810 1413 854 1494 et
891 1409 989 1494 aiibi
1026 1417 1124 1494 sunt
1152 1410 1230 1513 illi,
1269 1439 1393 1521 super
1419 1440 1523 1522 quos
1559 1409 1699 1494 dimit

281 1547 427 1626 tuutur
464 1542 645 1630 seniores
680 1545 852 1654 propter
890 1541 1169 1652 disciplinam,
1197 1549 1241 1627 et
1281 1571 1363 1628 nou
1406 1542 1585 1628 insimul.
1643 1541 1701 1626 Et

279 1673 393 1774 ideo,
436 1673 534 1782 quis
571 1674 672 1759 dicit
707 1674 989 1759 dimittendum
1021 1679 1232 1780 procuret,
1272 1675 1384 1776 ruit,
1423 1681 1471 1757 ut
1505 1673 1602 1758 alihi
1642 1671 1698 1757 sit
1857 1760 1861 1763 ,

279 1804 432 1906 abbas,
460 1811 505 1890 et
540 1806 643 1892 alibi
681 1809 767 1892 sint
807 1808 979 1907 trames,
1007 1833 1101 1890 eum
1138 1807 1286 1917 quibus
1325 1807 1505 1892 seniores
1543 1804 1697 1888 dimitti

275 1937 410 2045 jubet.
467 1937 541 2022 isti
579 1939 704 2037 tales,
733 1938 804 2048 qni
839 1939 900 2022 ita
939 1937 1203 2048 intelligunt,
1241 1938 1339 2050 quin
1376 1935 1559 2022 carnutes
1586 1941 1697 2036 snut,

280 2096 365 2188 nou
381 2069 623 2180 spiritaliter
635 2069 877 2180 intelligunt
890 2097 966 2153 uec
980 2068 1204 2154 secundum
1217 2069 1488 2154 intentionem
1504 2067 1546 2152 S.
1563 2066 1698 2150 Beue·

176 2301 177 2306 Ν
282 2201 393 2286 dicti.
450 2201 611 2286 Scimus
648 2206 808 2304 comm,
843 2201 940 2312 quia
978 2199 1021 2287 S.
1050 2199 1299 2286 Benedictus
1337 2198 1534 2311 spiritalis
1573 2199 1698 2282 homo

280 2333 363 2416 fuit
388 2337 432 2417 et
462 2331 550 2418 Deo
578 2330 840 2417 devotissime
868 2332 1110 2433 deserviens,
1140 2339 1181 2416 et
1210 2331 1301 2418 ideo
1330 2360 1404 2442 per
1439 2333 1547 2414 hanc
1575 2359 1698 2441 regn·
1804 2355 1806 2360 ’

283 2463 362 2548 tam
391 2463 445 2548 ud
473 2461 756 2550 instruendam
787 2464 915 2549 vitam
938 2493 981 2549 sc
1010 2463 1267 2574 sequentium
1296 2462 1535 2573 spiritaliter
1564 2461 1698 2545 rivere

112 2653 116 2662 .
283 2595 437 2684 docuit.
502 2593 579 2680 ilie
615 2599 724 2682 enim
763 2598 886 2684 docet
923 2601 967 2684 et
1002 2595 1199 2682 udmoiiet
1236 2596 1451 2697 abbatem,
1488 2602 1534 2678 ut
1570 2593 1697 2677 abbas

225 2833 227 2840 y
267 2757 433 2846 ,nomeu
477 2730 643 2840 majoris
685 2730 805 2816 foetis
841 2731 1012 2840 implere
1055 2728 1204 2813 debeat
1243 2735 1286 2814 et
1324 2729 1455 2838 magis
1488 2725 1697 2837 exemplis,

106 2882 141 2900 ’·
282 2891 407 2972 quarn
444 2861 604 2964 verbis,
632 2891 727 2949 suos
769 2861 991 2970 discipulos
1028 2859 1177 2946 debeat
1214 2862 1383 2956 dooere.
1412 2861 1518 2946 sicut
1547 2859 1694 2944 habes:

135 3023 138 3030 ⁴
278 2993 397 3105 Erpa
423 3019 511 3079 crem
539 2995 690 3102 oliqrn's
717 2995 885 3103 suscipit
913 3019 1054 3078 reonnn
1084 2991 1257 3096 obtutis,
1285 2993 1439 3099 duplici
1469 2993 1582 3078 detet
1604 2991 1696 3076 doc·

281 3127 392 3212 irino
429 3127 519 3212 suis
553 3153 746 3234 proeesse
775 3125 1013 3233 discipulis,
1042 3126 1072 3214 i.
1099 3153 1130 3213 e.
1162 3129 1297 3210 cereseio
1340 3127 1444 3212 herro
1485 3132 1522 3210 et
1549 3132 1694 3209 sarecto

169 3330 173 3338 .
278 3260 403 3367 sinetis
438 3261 617 3366 arreptius
658 3286 780 3367 pnorn
820 3260 953 3346 certis
992 3262 1200 3364 ostendut3
1244 3267 1288 3346 et
1331 3261 1505 3345 iterum:
1550 3257 1696 3342 Onrnio

281 3417 396 3492 cero,
423 3419 526 3499 onere
551 3392 774 3498 disciprdos
801 3392 979 3479 enuere
1013 3419 1101 3478 esse
1130 3395 1359 3495 contrario,
1388 3395 1432 3476 in
1460 3394 1550 3478 suis
1573 3392 1698 3499 foetis

281 3523 433 3608 indicet
460 3548 541 3607 non
569 3528 741 3635 opeerdn.
783 3528 846 3610 Ae
873 3553 947 3634 per
974 3525 1066 3627 hoc,
1096 3530 1130 3612 si
1159 3528 1270 3629 ioris,
1301 3527 1327 3612 i.
1356 3556 1393 3612 e.
1421 3531 1540 3611 extra
1566 3524 1697 3609 reice·
1787 3578 1790 3584 -

281 3652 435 3736 terium
465 3655 794 3760 manducaverit,
819 3659 905 3766 jam
936 3687 1019 3743 non
1049 3654 1169 3742 factis
1196 3684 1291 3743 snos
1325 3656 1549 3766 discipulos
1576 3657 1697 3742 duee·

284 3783 358 3886 bit,
387 3784 483 3894 qnia
511 3783 573 3869 sui
602 3786 793 3896 discipuli
821 3818 915 3873 eum
944 3817 1028 3874 uou
1060 3787 1220 3888 vident,
1250 3817 1344 3872 cnm
1373 3794 1531 3898 quauta
1557 3787 1699 3872 mode-

282 3915 456 4017 ratione,
486 3945 578 4002 cum
607 3924 765 4025 quanto
793 3918 959 4003 silentio
987 3924 1031 4004 et
1059 3946 1152 4002 cum
1181 3922 1339 4026 quauta
1366 3918 1573 4028 gravitate
1602 3947 1697 4002 cum

282 4044 515 4155 hospitibus
543 4047 786 4152 munducat,
815 4049 885 4134 sed
914 4048 1046 4162 magis
1075 4079 1125 4134 ex
1153 4049 1234 4133 hoc
1262 4053 1517 4135 occasionem
1545 4049 1696 4133 habere

283 4185 419 4290 potest
446 4179 535 4290 ipse
552 4180 693 4284 abbas,
722 4180 757 4266 si
775 4183 952 4268 carnalis
969 4182 1108 4284 inerit,
1137 4209 1230 4266 cum
1254 4182 1354 4266 foris
1374 4179 1695 4282 manducaverit,

170 4329 172 4336 ⁴
281 4310 439 4418 aliquid
468 4313 664 4434 loquendi
692 4320 765 4400 aut
793 4313 1009 4399 inhoneste
1037 4313 1194 4424 aliquid
1224 4313 1397 4424 ageudi3
1426 4320 1589 4398 etcum
1617 4314 1697 4400 hoc

282 4447 438 4530 suetum
465 4446 606 4548 inerit,
634 4447 677 4529 in
706 4447 792 4530 suis¹
817 4447 939 4532 tectis
967 4446 1088 4532 docet
1116 4445 1337 4555 discipulos
1355 4473 1479 4556 agere
1501 4473 1562 4547 en,
1590 4473 1697 4555 quae

280 4577 442 4688 agendo
471 4606 556 4662 non
584 4583 701 4680 sunt,
742 4605 835 4663 eum
875 4578 999 4664 debet
1032 4580 1077 4663 in
1106 4577 1189 4662 suis
1218 4577 1339 4662 factis
1366 4578 1513 4663 docere
1541 4582 1585 4660 et
1612 4604 1695 4661 uon

252 4737 418 4830 tegere,
447 4737 553 4819 quae
580 4709 743 4822 agendo
770 4739 855 4797 uon
883 4715 1002 4798 suut·
1049 4709 1170 4796 Unde
1197 4709 1232 4796 si
1260 4710 1303 4795 in
1333 4708 1551 4797 refectorio
1578 4737 1696 4792 meu·

209 4961 213 4972 ⁸
282 4843 492 4928 ducaverit
527 4871 619 4928 cum
656 4843 739 4930 illis
777 4843 1034 4954 hospitibus,
1071 4871 1165 4931 cum
1205 4844 1355 4954 quibus
1393 4843 1438 4926 iu
1478 4840 1695 4927 refectorio

372 5133 399 5222 1)
419 5134 486 5204 aut
506 5134 586 5224 quis
608 5131 789 5225 loquatur.
832 5131 1029 5208 hinrtenius
1051 5157 1095 5208 ex
1117 5133 1205 5216 cod.
1227 5130 1431 5206 Divionense.
