4002 5792
12 291 47 344 ⁵
146 415 151 428 ,
244 297 399 456 ‘oue'
589 439 599 448 .
706 317 768 387 ³
862 329 1112 456 ese-nm'
1197 389 1290 414 ··

128 580 130 584 ’
271 587 380 670 citur
409 585 464 668 ab
482 565 574 686 ira’,
611 581 707 672 cnm
733 585 790 670 ab
824 613 872 672 ea
909 586 1142 696 superator,
1168 586 1212 667 et
1238 609 1289 664 ex
1317 580 1397 664 hoc
1432 579 1543 666 ultra
1569 601 1684 664 men·¹

271 745 406 800 suram
435 716 532 828 ¹agit
564 716 778 802 hboecena'
804 717 879 808 ira.
907 823 911 830 ‚
935 713 1051 799 lstnd
1081 741 1175 801 reru
1214 711 1326 824 qaod
1368 710 1469 796 dicit
1503 707 1686 817 ramelmi
1721 703 1725 710 ’
1799 747 1802 754 ·

130 947 134 956 „
169 923 172 928 .
270 848 514 952 disciplinae
528 847 746 975 mrquccat,
768 853 832 932 est
845 877 920 958 per
933 851 1089 956 septem
1113 842 1268 954 gradus
1285 841 1509 930 docendus.
1548 839 1601 924 V.
1619 867 1683 950 gr.

58 963 61 970 ¹
271 978 304 1062 si
332 975 505 1092 aliquis,
534 979 718 1091 quinon
746 977 874 1066 habet
901 977 1195 1078 ministeriam,
1223 973 1337 1058 ridet
1370 973 1550 1082 aliquem
1580 974 1685 1056 male

269 1116 447 1227 tractare
475 1111 651 1214 librani,
677 1111 954 1222 autaliquem
985 1136 1213 1194 sermonem
1249 1135 1333 1190 uon
1364 1111 1475 1188 recte
1503 1091 1684 1216 proferre
1772 1175 1775 1182 .

187 1293 190 1299 -
271 1249 316 1325 ot
340 1249 479 1328 cetera
517 1241 581 1328 his
616 1243 786 1346 similia,
813 1272 889 1354 pro
925 1242 1143 1354 disciplina
1180 1241 1358 1356 [eumin]
1400 1267 1493 1332 enm
1523 1225 1716 1348 percus-'-

226 1359 249 1414 ⁸
269 1381 370 1458 serat
395 1379 469 1458 aut
498 1376 923 1480 excommunicaverit,
952 1376 1030 1458 iste
1060 1374 1156 1457 talis
1184 1401 1268 1456 ιιοιι
1299 1372 1341 1452 iu
1361 1371 1541 1481 graviori
1564 1368 1684 1478 culpa

271 1507 403 1589 teneri
431 1505 566 1608 debet,
595 1508 665 1590 sed
694 1508 737 1591 iu
765 1506 921 1593 leviori.
973 1504 1017 1589 Si
1047 1534 1145 1589 vero
1173 1505 1322 1613 aliquis
1352 1533 1427 1612 per
1454 1502 1580 1584 rixam
1612 1510 1685 1583 aut

128 1663 134 1676 ·
272 1663 412 1746 pugno
446 1637 512 1721 rel
549 1637 658 1721 fuste
698 1637 944 1746 percusserit
974 1623 1155 1746 aliquem
1197 1635 1287 1718 sine
1324 1633 1572 1716 discretione
1589 1644 1686 1715 unt

269 1769 358 1850 eine
380 1769 564 1876 jussione
591 1767 767 1868 abbatis,
790 1769 869 1850 iste
896 1767 990 1850 talis
1020 1796 1104 1852 nou
1133 1768 1176 1848 in
1206 1765 1349 1848 leviori
1379 1763 1581 1858 tancradus
1608 1773 1684 1860 est,

270 1896 343 1981 aed
371 1898 412 1980 iu
441 1896 603 2003 majori,
629 1897 670 1982 h.
700 1924 736 1981 e.
764 1925 886 1984 noxa.
946 1895 1001 1978 Et
1031 1895 1108 1980 hoc
1138 1897 1364 1981 ructandum
1393 1902 1483 1992 est,
1512 1898 1622 2002 quia,
1649 1892 1681 1973 si

125 2076 129 2087 ·
269 2028 364 2111 talis
403 2028 600 2138 uragister
636 2027 844 2110 inlautum
885 2027 1030 2128 luerit,
1059 2028 1131 2134 qui
1170 2027 1356 2137 quamvis
1394 2024 1515 2110 ninris
1551 2024 1594 2105 iu
1625 2024 1715 2104 ira
1864 2055 1866 2060 ’

86 2259 91 2266 ¹
199 2211 202 2217 ·
269 2175 462 2244 accensus
490 2160 671 2244 infantes
694 2165 768 2242 aot
786 2159 1032 2270 percusserit
1051 2156 1115 2241 rel
1142 2155 1557 2242 exconnnunicarerit
1577 2154 1684 2235 ultra

15 2273 24 2288 ⁴
257 2319 501 2406 ,mensnram
541 2297 616 2375 ant
648 2297 760 2375 certe
789 2291 896 2375 malo
923 2292 1191 2399 percusserit,
1220 2295 1359 2373 tannen
1397 2286 1599 2372 sollicitus
1622 2292 1684 2367 est

271 2423 391 2507 nimie
418 2451 542 2532 super
569 2420 762 2524 infantes,
790 2423 869 2506 iste
898 2423 1004 2516 talis,
1024 2433 1194 2531 propter
1221 2423 1324 2504 iram
1353 2449 1437 2504 non
1461 2428 1526 2500 est
1546 2417 1683 2526 expel-

270 2555 435 2656 lendus,
462 2555 533 2638 eed
564 2553 694 2663 magis
724 2551 960 2638 tolerandus
989 2559 1053 2638 est
1080 2560 1122 2636 et
1158 2553 1442 2661 corripiendus
1470 2557 1514 2634 et
1541 2549 1683 2632 admo·

270 2687 428 2770 nendos
456 2691 500 2768 et
527 2684 598 2774 rel.
629 2691 800 2796 propter
827 2712 942 2768 auam
972 2683 1120 2768 bonam
1150 2685 1481 2770 sollicitudiuem.
1533 2679 1684 2778 Reddit

164 2925 168 2932 Ι
271 2821 380 2902 enim
418 2845 605 2918 caueant,
645 2845 798 2926 quare,
818 2885 825 2923 ,
845 2843 939 2899 cunr
973 2815 1073 2899 dicit
1110 2819 1218 2920 qnod
1253 2817 1326 2900 libi
1364 2841 1442 2898 reon
1480 2815 1542 2897 uis
1575 2815 1681 2918 fieri,

33 3049 38 3058 Ι
101 3029 111 3044 ,
151 3047 153 3052 ἱ
269 2951 346 3034 ulii
381 2977 433 3032 nc
470 2951 653 3054 leceris,
687 2947 812 3032 Forte
848 2946 951 3030 dicit
984 2947 1102 3056 quis:
1143 2976 1270 3056 qnare
1310 2949 1438 3030 debeo
1474 2947 1682 3055 flagellare

104 3071 113 3092 ’
270 3082 469 3164 insontem
507 3084 581 3163 aut
608 3079 749 3179 illum,
779 3077 849 3186 qui
886 3077 1048 3186 indiget
1075 3077 1312 3188 disciplina,
1341 3105 1434 3162 curn
1463 3105 1544 3186 ego
1574 3077 1681 3176 anolo,
1723 3097 1738 3130 ·

107 3211 110 3220 ’
271 3217 319 3296 nt
344 3211 450 3295 alter
478 3239 544 3294 me
572 3207 781 3316 flagellet?
822 3207 896 3290 Cui
927 3208 1254 3315 respondendum
1284 3221 1363 3294 est:
1389 3209 1488 3319 quio
1515 3235 1682 3316 cuperes
1813 3219 1817 3226 “

9 3333 12 3341 ’
101 3331 133 3378 ’·
269 3348 338 3438 tu,
367 3343 436 3449 qni
461 3342 549 3448 jam
579 3339 797 3448 intelligis,
827 3348 875 3423 ut
901 3339 1075 3449 quilibet
1103 3338 1353 3446 flagellasset
1381 3348 1446 3437 te,
1476 3366 1570 3423 curn
1601 3365 1682 3420 nou

256 3470 543 3577 intelligebas.
599 3468 717 3566 Quod
747 3475 885 3552 autem
915 3470 1017 3552 dicit
1047 3470 1091 3550 in
1116 3469 1279 3571 tortiori
1312 3473 1452 3564 aetate,
1486 3466 1537 3549 ad
1565 3493 1684 3572 snpe-

269 3599 417 3681 riorem
447 3599 695 3682 sententiaro
725 3597 911 3707 respicit,
953 3597 1025 3681 ubi
1048 3597 1165 3680 dicit
1205 3620 1285 3678 reon
1321 3600 1558 3702 praesumot
1592 3596 1683 3698 qnia

268 3729 393 3812 oliron
421 3729 586 3812 caedere
612 3737 656 3811 et
684 3728 778 3828 rel,
810 3758 859 3812 eo
887 3728 998 3836 quod
1027 3728 1098 3811 illa
1126 3733 1190 3808 est
1217 3734 1350 3810 nrater
1376 3729 1495 3810 istius
1520 3737 1683 3809 senten·

269 3861 373 3961 tiae,
402 3864 445 3942 et
472 3860 618 3942 exinde
645 3865 742 3944 nata
779 3865 843 3943 est
882 3859 1041 3942 occasio
1070 3857 1231 3941 dicendi
1269 3859 1530 3966 postmodum
1547 3857 1681 3942 'etiam
1731 3924 1734 3933 .

271 3990 321 4072 de
349 3990 589 4076 innantibus.

832 4231 932 4338 Gap.
962 4229 1136 4320 LXXI.

360 4457 431 4547 ,or
461 4425 784 4534 onemundus
813 4455 916 4544 erar
945 4455 1067 4534 srnr
1097 4456 1314 4534 iaanenu
1343 4455 1591 4538 annonae.

380 4652 485 4750 Quia
500 4647 613 4730 ienit
630 4645 678 4733 B.
694 4641 941 4732 Benedictus
957 4650 1010 4734 ad
1030 4652 1425 4737 consummationem
1444 4652 1508 4734 eui
1533 4652 1681 4760 operis,

270 4784 364 4866 ideo
391 4781 435 4863 iu
463 4808 514 4863 eo
542 4778 696 4862 virtute
723 4780 1047 4882 conmmanit,
1073 4809 1099 4864 a
1126 4809 1209 4890 qna
1236 4810 1340 4890 opus
1367 4809 1487 4865 suam
1516 4780 1683 4865 inchoa·

8 4943 11 4952 ⁴
136 4906 141 4916 ’
269 4913 341 4998 rit
380 4909 456 4994 Ille
484 4937 592 5019 opus
616 4935 735 4993 suum
762 4937 788 4992 a
817 4909 968 4994 virtnte
996 4910 1255 4995 obedientiae
1282 4910 1493 4996 inchoavit
1521 4909 1681 4996 dicensr

52 5031 56 5040 ’
234 5043 236 5050 ’
269 5039 477 5140 Auscrdtn,
507 5038 632 5143 ofili,
655 5045 880 5143 praecepta
905 5041 1107 5148 arceqislni,
1134 5045 1171 5121 et
1198 5035 1353 5123 inclino
1377 5069 1521 5124 arerem
1547 5041 1682 5124 cordis

270 5173 330 5254 toi
357 5177 394 5252 el
420 5170 733 5256 adrrronilionenr
770 5169 835 5272 pii
864 5171 1006 5272 patris
1043 5170 1209 5254 libenter
1242 5173 1379 5276 excipe
1405 5177 1442 5253 el
1468 5173 1683 5277 efficaciter

272 5299 442 5404 conmlm
470 5308 513 5381 et
542 5298 677 5380 reddit
704 5326 867 5382 eausam
895 5327 1036 5408 qnare,
1063 5325 1157 5382 cunr
1186 5301 1305 5386 dicit:
1346 5308 1390 5383 at
1416 5303 1473 5384 od
1499 5325 1682 5405 errrrrper
