4334 5750
210 181 664 324 ',1sa⁴
973 145 1492 308 yosam'

503 433 571 530 ut,
607 423 718 538 quod
753 423 1032 538 unusquisque
1066 424 1119 512 de
1145 423 1223 512 hac
1249 453 1295 511 re
1325 427 1509 532 sentiat,
1547 426 1674 516 dicat
1730 430 1787 520 Et
1813 357 1943 538 tunc,

502 559 656 646 debent
694 557 887 644 monachi
918 556 1166 670 respondere
1200 558 1281 646 hoo
1314 557 1463 649 modo:
1506 560 1744 650 Auctoritas
1780 574 1910 654 restra

321 713 344 752 ··
502 700 566 780 est
579 689 877 806 interrogandi,
900 695 944 778 et
960 689 1081 790 nobis
1101 689 1198 776 data
1216 693 1279 776 cet
1296 689 1465 804 licentia
1482 691 1777 805 respondendi:
1806 725 1910 786 nnuc

500 835 638 914 nutem
657 853 866 939 rogamus,
893 827 954 928 ut,
981 823 1093 936 qnod
1109 822 1260 910 dicturi
1281 849 1436 929 sumus,
1464 853 1550 912 uon
1572 825 1802 938 procaciter
1827 857 1911 918 esse

501 960 656 1046 dietum
686 957 915 1070 recipiatis,
958 955 1069 1069 quod
1108 955 1469 1066 respondebimus,
1511 959 1610 1070 quia
1645 985 1737 1042 cum
1779 971 1910 1050 restra

499 1091 666 1178 licentia
692 1091 879 1180 dicimus.
931 1087 1007 1174 Ille
1035 1117 1132 1174 vero
1158 1089 1287 1172 abbas
1313 1087 1449 1176 dicat:
1478 1097 1621 1175 nostra
1646 1091 1811 1176 licentia
1837 1102 1910 1194 est,

474 1231 549 1308 ‘ut
575 1223 734 1314 dicatis.
790 1221 907 1306 Tunc
948 1221 1072 1306 debet
1108 1219 1388 1330 unusquisque
1427 1221 1581 1322 dicere,
1624 1221 1736 1331 qnod
1774 1229 1910 1316 sentit.

500 1354 618 1454 Quod
647 1357 682 1438 si
704 1353 814 1454 ‘alter
840 1380 864 1436 e
890 1351 1020 1436 lutere
1046 1350 1183 1462 surgit
1209 1350 1371 1451 dicens,
1400 1353 1499 1460 qnia
1528 1351 1618 1454 boc,
1651 1351 1762 1462 qrrod
1798 1355 1909 1458 dicis,

381 1567 384 1574 r
501 1513 575 1570 uec
604 1485 759 1569 bonnm
790 1511 863 1567 nec
891 1509 1033 1567 rerum
1062 1487 1138 1584 est,
1177 1481 1244 1566 hic
1272 1481 1397 1564 debet
1426 1481 1497 1566 ille
1525 1481 1632 1567 citer
1658 1489 1780 1568 caute
1809 1485 1909 1594 rigi·

355 1653 358 1662 ’
501 1616 598 1716 lare,
630 1642 681 1698 ne
708 1613 752 1695 in
781 1613 1074 1724 procacitatem
1104 1612 1237 1698 cadat.
1294 1609 1410 1722 'l'uuc
1438 1613 1563 1696 debet
1589 1612 1725 1700 dicere
1746 1615 1908 1703 abbati:

349 1781 352 1788 ·
403 1831 407 1838 ,
498 1745 532 1828 si
550 1744 665 1827 vobis
685 1743 832 1853 placet,
862 1771 942 1853 ego
961 1743 1124 1828 mittam
1147 1741 1362 1844 rationem,
1384 1770 1509 1851 quoru
1530 1744 1677 1828 deirae
1698 1748 1908 1844 resectio:

195 1873 198 1884 '
271 1859 274 1864 ¹
501 1881 545 1959 et
572 1903 654 1960 non
683 1875 807 1959 debet
835 1878 982 1960 contra
1008 1872 1126 1959 illum
1157 1871 1340 1974 fratrem,
1369 1870 1543 1984 qui'sibi
1567 1877 1773 1962 contrarie
1794 1879 1909 1981 dixit,

315 2024 318 2032 '
409 2069 424 2094 ..
498 2007 655 2126 aliquid
682 2006 934 2092 contrarium
962 2005 1109 2094 dicere.
1152 2007 1270 2106 Quod
1298 2006 1335 2090 si
1358 2006 1488 2090 abbas
1507 2007 1667 2092 dederit
1689 2011 1909 2103 licentiam.

368 2221 375 2230 .
458 2227 464 2238 ,
498 2138 610 2223 :licat
637 2139 837 2224 rationem
867 2139 1078 2223 humiliter
1105 2137 1217 2222 iliius
1244 2137 1303 2222 rei
1331 2137 1413 2223 ita:
1454 2143 1594 2222 tourins
1622 2143 1908 2250 congruentiae

498 2273 624 2358 habet
650 2279 694 2357 et
721 2275 858 2357 tuntas
881 2269 1205 2359 contrarietates.
1247 2269 1293 2356 Si
1320 2276 1458 2356 autem
1486 2270 1614 2356 abbas
1643 2299 1727 2356 uon
1755 2274 1909 2359 dederit

499 2407 705 2494 licentiam
734 2403 896 2490 dicendi
926 2405 1143 2510 rationem,
1170 2403 1241 2490 iile
1270 2397 1405 2514 [vero]
1434 2409 1583 2492 taceat.

611 2539 828 2651 Sequitur:
867 2539 1054 2626 Audiens
1090 2535 1301 2623 rousiiirun
1333 2538 1514 2642 fratrum
1550 2543 1693 2620 tractet
1718 2537 1830 2644 oprrd
1854 2564 1908 2626 se.

111 2781 114 2788 Ι
284 2741 344 2799 Ι.
497 2679 536 2756 ct
562 2672 669 2778 qrrod
694 2669 836 2772 rutilius
853 2670 1112 2778 judicaverit,
1136 2670 1280 2774 lociut.
1338 2669 1453 2754 Beue
1480 2669 1607 2754 dixit:
1634 2675 1776 2754 tractet
1802 2673 1911 2776 u1nrd

496 2831 559 2908 se,
588 2833 671 2889 nou
701 2803 827 2889 dixit:
856 2809 1045 2913 spernat,
1079 2807 1154 2887 aut
1184 2803 1414 2888 contundat
1441 2803 1598 2887 dicens:
1628 2803 1726 2914 qnia
1752 2807 1800 2888 tu
1828 2831 1907 2886 nou

473 2937 636 3032 ‘dixisti
666 2937 819 3020 bonum
848 2935 1078 3038 consilium,
1107 2940 1182 3019 aut
1208 2935 1358 3020 rustice
1378 2933 1638 3044 respondisti,
1665 2935 1737 3020 sed
1759 2934 1910 3020 solnur·
1974 2979 1980 2988 ·

352 3085 356 3092 '
499 3070 620 3152 ruodo
649 3067 772 3151 debot
799 3066 881 3150 iliis
908 3067 1064 3178 gratias
1092 3066 1243 3152 referre
1260 3067 1420 3152 dicens:
1450 3065 1615 3150 Gratias
1634 3067 1749 3152 vobis
1770 3068 1910 3151 referi·

497 3229 587 3284 urus
625 3204 669 3282 et
708 3199 923 3283 benedicat
961 3199 1077 3285 vobis
1117 3195 1341 3297 Dominus,
1388 3197 1507 3306 quia,
1555 3197 1665 3308 quod
1705 3198 1909 3308 srpuistis.

496 3331 669 3417 dixistis.
743 3329 902 3415 Deinde
943 3331 1065 3441 juxta
1104 3330 1345 3444 qualitatem
1387 3361 1534 3419 causae
1574 3332 1697 3418 debet
1736 3339 1912 3418 tractare

496 3465 630 3566 illuni:
661 3465 774 3550 verbi
809 3465 946 3580 gratio
972 3465 1007 3550 si
1035 3465 1353 3579 grandisonus:
1376 3474 1460 3570 est,
1491 3465 1613 3552 debet
1630 3493 1799 3579 surgere
1818 3495 1907 3552 curu

405 3595 410 3614 ¹
496 3598 576 3682 illis
604 3597 846 3701 senioribus,
874 3599 946 3711 qui
975 3599 1027 3684 ad
1056 3599 1135 3684 hoc
1164 3627 1267 3710 opus
1286 3599 1473 3711 deputati
1496 3605 1608 3702 surrt,
1639 3606 1683 3685 et
1709 3627 1804 3684 cum
1832 3599 1910 3687 illis

497 3731 629 3815 tribus
656 3735 731 3815 aut
759 3732 919 3816 duobus
946 3737 1020 3818 aut
1056 3739 1235 3844 quatuor
1273 3732 1417 3818 diebus
1456 3738 1531 3818 aut
1558 3731 1650 3842 plns
1677 3741 1752 3818 aut
1779 3735 1911 3816 miuus

496 3871 672 3948 truciore
700 3865 1018 3977 uuiuscujusque
1053 3865 1271 3951 consilinm
1312 3893 1385 3976 per
1422 3863 1716 3974 congruentias
1743 3871 1787 3950 et
1809 3893 1910 3983 ¹cou-

495 3997 752 4099 trarietates,
796 3997 903 4084 sicut
942 3998 1131 4094 diximus.
1199 3995 1244 4082 Si
1285 4027 1382 4084 vcro
1418 3997 1603 4108 potuerit
1640 3995 1694 4098 de
1731 3997 1911 4082 consitiis

495 4129 669 4214 fratrum
697 4129 852 4213 bouum
873 4129 1088 4216 consilinm
1110 4131 1308 4234 invenire,
1335 4136 1436 4216 tuuc
1458 4131 1583 4214 debet
1605 4127 1745 4212 venire
1769 4133 1910 4238 posteo

495 4261 538 4343 iu
566 4261 791 4371 capitulum
821 4267 863 4346 et
891 4261 1047 4348 dicere:
1081 4262 1365 4348 'Proetuvimus
1392 4261 1567 4348 consilia
1593 4263 1798 4346 restruet
1827 4287 1907 4342 uou

495 4394 704 4503 potuimus
731 4395 907 4502 reperire
935 4424 985 4480 ex
1014 4393 1097 4480 illis
1128 4394 1272 4479 melius
1299 4393 1532 4494 consilinm,
1560 4418 1686 4502 quum
1715 4390 1838 4493 istud,
1867 4395 1908 4474 et

436 4631 440 4638 Ι
471 4525 601 4626 uolo,
630 4532 679 4607 ut
706 4525 791 4608 fiat.
848 4525 905 4608 Et
932 4555 1027 4610 cum
1054 4525 1142 4611 hoc'
1163 4526 1327 4628 dixerit,
1350 4527 1438 4635 jam
1456 4522 1595 4606 nullus
1624 4522 1783 4632 aliquid
1811 4549 1908 4606 con·

494 4656 665 4739 tendere
692 4659 766 4738 aut
794 4654 928 4741 dicere
968 4657 1113 4762 debet,
1151 4657 1223 4742 sed
1251 4683 1395 4742 omnes
1436 4657 1603 4740 taceant
1630 4660 1675 4738 et
1700 4654 1908 4741 obediant.

493 4787 538 4870 Si
567 4795 704 4872 nutem
736 4813 818 4873 uon
848 4789 1031 4897 potuerit
1058 4789 1110 4872 de
1146 4789 1227 4872 illis
1267 4784 1450 4873 consiliis
1489 4787 1667 4870 fratrum
1694 4783 1907 4868 eonsilium

492 4929 632 5030 uptun:
664 4917 864 5029 reperire,
902 4926 1001 5002 tuuc
1041 4920 1165 5004 debet
1192 4945 1310 5003 suurn
1348 4915 1566 5002 consilium
1603 4915 1810 5014 iuvenire,
1851 4915 1909 4996 itu
1994 4999 1997 5004 ,
2055 4907 2056 4910 ¹

408 5121 410 5128 .
492 5059 630 5136 tnruen
661 5051 742 5134 iilis
771 5050 1143 5149 consentientibus:
1182 5051 1296 5134 uerbi
1335 5049 1471 5160 gratia
1500 5049 1623 5133 debet
1651 5049 1808 5134 dicere:
1850 5045 1909 5128 Do.

328 5239 331 5244 ,
492 5183 582 5264 istis
612 5185 755 5266 rostris
783 5183 963 5266 currsiiiis
994 5184 1150 5267 nullutn
1181 5185 1391 5292 potuimus
1416 5183 1601 5266 iru'uuiro
1625 5181 1686 5264 vol
1712 5179 1908 5290 rr·perire;
