<?xml version="1.0" encoding="UTF-8"?>
<!DOCTYPE html PUBLIC "-//W3C//DTD XHTML 1.0 Transitional//EN"
    "http://www.w3.org/TR/xhtml1/DTD/xhtml1-transitional.dtd">
<html xmlns="http://www.w3.org/1999/xhtml" xml:lang="en" lang="en">
 <head>
  <title>
</title>
<meta http-equiv="Content-Type" content="text/html;charset=utf-8" />
  <meta name='ocr-system' content='tesseract 3.04.00' />
  <meta name='ocr-capabilities' content='ocr_page ocr_carea ocr_par ocr_line ocrx_word'/>
</head>
<body>
  <div class='ocr_page' id='page_1' title='image "./vitaetregulassp01benegoog_0614.png"; bbox 0 0 3930 5788; ppageno 0'>
   <div class='ocr_carea' id='block_1_1' title="bbox 838 107 1669 258">
    <p class='ocr_par' dir='ltr' id='par_1_1' title="bbox 838 107 1931 278">
     <span class='ocr_line' id='line_1_1' title="bbox 838 107 1669 258; baseline -0.002 -19"><span class='ocrx_word' id='word_1_1' title='bbox 838 166 921 258; x_wconf 79' lang='lat' dir='ltr'>Cap.</span> <span class='ocrx_word' id='word_1_2' title='bbox 947 167 1068 241; x_wconf 82' lang='lat' dir='ltr'>mm.</span> <span class='ocrx_word' id='word_1_3' title='bbox 1377 107 1382 118; x_wconf 52' lang='grc'><strong>’</strong></span> <span class='ocrx_word' id='word_1_4' title='bbox 1589 169 1669 252; x_wconf 83' lang='lat'>585</span> 
     </span>
    </p>
   </div>
   <div class='ocr_carea' id='block_1_2' title="bbox 262 384 1672 496">
    <p class='ocr_par' dir='ltr' id='par_1_2' title="bbox 262 384 1672 496">
     <span class='ocr_line' id='line_1_2' title="bbox 262 384 1672 496; baseline -0.007 -18"><span class='ocrx_word' id='word_1_5' title='bbox 262 421 352 478; x_wconf 86' lang='lat' dir='ltr'>anm</span> <span class='ocrx_word' id='word_1_6' title='bbox 392 387 515 473; x_wconf 82' lang='lat' dir='ltr'>dixit:</span> <span class='ocrx_word' id='word_1_7' title='bbox 556 387 662 473; x_wconf 83' lang='lat' dir='ltr'>vitae</span> <span class='ocrx_word' id='word_1_8' title='bbox 700 393 843 472; x_wconf 73' lang='lat' dir='ltr'>areton·</span> <span class='ocrx_word' id='word_1_9' title='bbox 867 388 1005 474; x_wconf 73' lang='lat' dir='ltr'>interito</span> <span class='ocrx_word' id='word_1_10' title='bbox 1043 395 1079 475; x_wconf 87' lang='lat' dir='ltr'>et</span> <span class='ocrx_word' id='word_1_11' title='bbox 1116 387 1339 496; x_wconf 72' lang='lat' dir='ltr'><em>sapientiae</em></span> <span class='ocrx_word' id='word_1_12' title='bbox 1377 385 1560 474; x_wconf 79' lang='lat' dir='ltr'>doctrina</span> <span class='ocrx_word' id='word_1_13' title='bbox 1598 384 1672 470; x_wconf 85' lang='lat' dir='ltr'>eli·</span> 
     </span>
    </p>
   </div>
   <div class='ocr_carea' id='block_1_3' title="bbox 258 507 1929 632">
    <p class='ocr_par' dir='ltr' id='par_1_3' title="bbox 258 507 1929 632">
     <span class='ocr_line' id='line_1_3' title="bbox 258 507 1929 632; baseline -0.004 -28"><span class='ocrx_word' id='word_1_14' title='bbox 258 522 413 632; x_wconf 80' lang='lat' dir='ltr'>pendas</span> <span class='ocrx_word' id='word_1_15' title='bbox 450 524 533 620; x_wconf 80' lang='lat' dir='ltr'>ent,</span> <span class='ocrx_word' id='word_1_16' title='bbox 573 517 641 624; x_wconf 70' lang='lat' dir='ltr'>aad</span> <span class='ocrx_word' id='word_1_17' title='bbox 679 518 933 604; x_wconf 76' lang='lat' dir='ltr'>ordi-nondun</span> <span class='ocrx_word' id='word_1_18' title='bbox 969 525 1049 623; x_wconf 82' lang='lat' dir='ltr'>ast,</span> <span class='ocrx_word' id='word_1_19' title='bbox 1085 523 1245 609; x_wconf 82' lang='lat' dir='ltr'>etiamsi</span> <span class='ocrx_word' id='word_1_20' title='bbox 1280 521 1444 606; x_wconf 72' lang='lat' dir='ltr'>rullianus</span> <span class='ocrx_word' id='word_1_21' title='bbox 1475 517 1600 624; x_wconf 72' lang='lat' dir='ltr'>feeerit</span> <span class='ocrx_word' id='word_1_22' title='bbox 1626 517 1670 599; x_wconf 77' lang='lat' dir='ltr'>ira</span> <span class='ocrx_word' id='word_1_23' title='bbox 1813 563 1820 577; x_wconf 91' lang='lat'><em>·</em></span> <span class='ocrx_word' id='word_1_24' title='bbox 1925 507 1929 516; x_wconf 78' lang='grc'><strong>’</strong></span> 
     </span>
    </p>
   </div>
   <div class='ocr_carea' id='block_1_4' title="bbox 261 649 1671 893">
    <p class='ocr_par' dir='ltr' id='par_1_4' title="bbox 261 649 1671 893">
     <span class='ocr_line' id='line_1_4' title="bbox 262 649 1671 764; baseline -0.006 -26"><span class='ocrx_word' id='word_1_25' title='bbox 262 651 574 759; x_wconf 78' lang='lat' dir='ltr'>conpropntioae.</span> <span class='ocrx_word' id='word_1_26' title='bbox 634 649 943 735; x_wconf 78' lang='lat' dir='ltr'>Attendendm&#39;n</span> <span class='ocrx_word' id='word_1_27' title='bbox 973 656 1053 754; x_wconf 84' lang='lat' dir='ltr'>est,</span> <span class='ocrx_word' id='word_1_28' title='bbox 1084 654 1180 764; x_wconf 89' lang='lat' dir='ltr'>qaia</span> <span class='ocrx_word' id='word_1_29' title='bbox 1217 656 1298 739; x_wconf 89' lang='lat' dir='ltr'>duo</span> <span class='ocrx_word' id='word_1_30' title='bbox 1328 652 1432 737; x_wconf 80' lang='lat' dir='ltr'>dixit</span> <span class='ocrx_word' id='word_1_31' title='bbox 1461 651 1507 736; x_wconf 87' lang='lat' dir='ltr'>B.</span> <span class='ocrx_word' id='word_1_32' title='bbox 1540 650 1671 732; x_wconf 87' lang='lat' dir='ltr'>Bene·</span> 
     </span>
     <span class='ocr_line' id='line_1_5' title="bbox 261 781 1671 893; baseline -0.001 -28"><span class='ocrx_word' id='word_1_33' title='bbox 261 782 393 868; x_wconf 86' lang='lat' dir='ltr'>dictue</span> <span class='ocrx_word' id='word_1_34' title='bbox 430 782 579 868; x_wconf 87' lang='lat' dir='ltr'>habere</span> <span class='ocrx_word' id='word_1_35' title='bbox 599 781 758 885; x_wconf 73' lang='lat' dir='ltr'>‚illum‚</span> <span class='ocrx_word' id='word_1_36' title='bbox 788 781 856 892; x_wconf 89' lang='lat' dir='ltr'>qui</span> <span class='ocrx_word' id='word_1_37' title='bbox 898 781 1109 893; x_wconf 78' lang='lat' dir='ltr'>eligendus</span> <span class='ocrx_word' id='word_1_38' title='bbox 1138 800 1200 870; x_wconf 86' lang='lat' dir='ltr'>eet</span> <span class='ocrx_word' id='word_1_39' title='bbox 1228 785 1280 870; x_wconf 88' lang='lat' dir='ltr'>ad</span> <span class='ocrx_word' id='word_1_40' title='bbox 1308 785 1498 870; x_wconf 77' lang='lat' dir='ltr'>abbatem</span> <span class='ocrx_word' id='word_1_41' title='bbox 1528 808 1671 864; x_wconf 86' lang='lat' dir='ltr'>conse·</span> 
     </span>
    </p>
   </div>
   <div class='ocr_carea' id='block_1_5' title="bbox 261 911 1893 1022">
    <p class='ocr_par' dir='ltr' id='par_1_5' title="bbox 261 897 1893 1022">
     <span class='ocr_line' id='line_1_6' title="bbox 261 911 1893 1022; baseline -0.002 -25"><span class='ocrx_word' id='word_1_42' title='bbox 261 913 483 1014; x_wconf 75' lang='lat' dir='ltr'><strong>erundum,</strong></span> <span class='ocrx_word' id='word_1_43' title='bbox 513 913 539 999; x_wconf 91' lang='lat' dir='ltr'>i.</span> <span class='ocrx_word' id='word_1_44' title='bbox 563 941 598 1000; x_wconf 86' lang='lat' dir='ltr'>e.</span> <span class='ocrx_word' id='word_1_45' title='bbox 629 913 757 997; x_wconf 85' lang='lat' dir='ltr'>vitam</span> <span class='ocrx_word' id='word_1_46' title='bbox 786 915 828 996; x_wconf 85' lang='lat' dir='ltr'>et</span> <span class='ocrx_word' id='word_1_47' title='bbox 867 913 1121 1022; x_wconf 80' lang='lat' dir='ltr'>sapientiam.</span> <span class='ocrx_word' id='word_1_48' title='bbox 1180 915 1419 1000; x_wconf 80' lang='lat' dir='ltr'>Notandum</span> <span class='ocrx_word' id='word_1_49' title='bbox 1449 920 1511 997; x_wconf 83' lang='lat' dir='ltr'>eet</span> <span class='ocrx_word' id='word_1_50' title='bbox 1547 911 1668 1012; x_wconf 81' lang='lat' dir='ltr'>enirn,</span> <span class='ocrx_word' id='word_1_51' title='bbox 1888 911 1893 924; x_wconf 87' lang='lat'>&#39;</span> 
     </span>
    </p>
   </div>
   <div class='ocr_carea' id='block_1_6' title="bbox 237 1042 1671 1805">
    <p class='ocr_par' dir='ltr' id='par_1_6' title="bbox 237 1042 1671 1805">
     <span class='ocr_line' id='line_1_7' title="bbox 260 1042 1668 1155; baseline -0.004 -27"><span class='ocrx_word' id='word_1_52' title='bbox 260 1047 354 1155; x_wconf 84' lang='lat' dir='ltr'>qnia</span> <span class='ocrx_word' id='word_1_53' title='bbox 382 1045 414 1128; x_wconf 84' lang='lat' dir='ltr'>si</span> <span class='ocrx_word' id='word_1_54' title='bbox 445 1043 618 1131; x_wconf 86' lang='lat' dir='ltr'>inveniri</span> <span class='ocrx_word' id='word_1_55' title='bbox 650 1048 797 1154; x_wconf 82' lang='lat' dir='ltr'>potent,</span> <span class='ocrx_word' id='word_1_56' title='bbox 830 1042 899 1154; x_wconf 90' lang='lat' dir='ltr'>qni</span> <span class='ocrx_word' id='word_1_57' title='bbox 928 1043 1008 1128; x_wconf 84' lang='lat' dir='ltr'>iata</span> <span class='ocrx_word' id='word_1_58' title='bbox 1027 1045 1107 1130; x_wconf 89' lang='lat' dir='ltr'>dno</span> <span class='ocrx_word' id='word_1_59' title='bbox 1128 1047 1288 1146; x_wconf 76' lang='lat' dir='ltr'>lrabeat,</span> <span class='ocrx_word' id='word_1_60' title='bbox 1318 1042 1668 1154; x_wconf 71' lang='lat' dir='ltr'>temptantium</span> 
     </span>
     <span class='ocr_line' id='line_1_8' title="bbox 260 1173 1671 1286; baseline -0.002 -28"><span class='ocrx_word' id='word_1_61' title='bbox 260 1182 301 1259; x_wconf 82' lang='lat' dir='ltr'>et</span> <span class='ocrx_word' id='word_1_62' title='bbox 330 1175 452 1258; x_wconf 79' lang='lat' dir='ltr'>vitam</span> <span class='ocrx_word' id='word_1_63' title='bbox 485 1176 647 1278; x_wconf 85' lang='lat' dir='ltr'>bonam,</span> <span class='ocrx_word' id='word_1_64' title='bbox 679 1173 764 1285; x_wconf 81' lang='lat' dir='ltr'>ipsa</span> <span class='ocrx_word' id='word_1_65' title='bbox 793 1181 856 1260; x_wconf 85' lang='lat' dir='ltr'>est</span> <span class='ocrx_word' id='word_1_66' title='bbox 885 1175 1121 1286; x_wconf 58' lang='lat' dir='ltr'>eligendum</span> <span class='ocrx_word' id='word_1_67' title='bbox 1150 1175 1185 1260; x_wconf 84' lang='lat' dir='ltr'>ei</span> <span class='ocrx_word' id='word_1_68' title='bbox 1215 1204 1308 1259; x_wconf 88' lang='lat' dir='ltr'>vero</span> <span class='ocrx_word' id='word_1_69' title='bbox 1340 1205 1423 1259; x_wconf 91' lang='lat' dir='ltr'>non</span> <span class='ocrx_word' id='word_1_70' title='bbox 1444 1175 1578 1257; x_wconf 60' lang='lat' dir='ltr'>vluerit</span> <span class='ocrx_word' id='word_1_71' title='bbox 1607 1173 1671 1256; x_wconf 89' lang='lat' dir='ltr'>in·</span> 
     </span>
     <span class='ocr_line' id='line_1_9' title="bbox 260 1304 1670 1416; baseline -0.001 -29"><span class='ocrx_word' id='word_1_72' title='bbox 260 1309 422 1408; x_wconf 80' lang='lat' dir='ltr'>ventae,</span> <span class='ocrx_word' id='word_1_73' title='bbox 453 1305 523 1414; x_wconf 87' lang='lat' dir='ltr'>qni</span> <span class='ocrx_word' id='word_1_74' title='bbox 553 1304 632 1390; x_wconf 82' lang='lat' dir='ltr'>ista</span> <span class='ocrx_word' id='word_1_75' title='bbox 659 1307 741 1390; x_wconf 90' lang='lat' dir='ltr'>dno</span> <span class='ocrx_word' id='word_1_76' title='bbox 770 1306 940 1409; x_wconf 76' lang='lat' dir='ltr'>liabent,</span> <span class='ocrx_word' id='word_1_77' title='bbox 970 1306 1038 1390; x_wconf 87' lang='lat' dir='ltr'>sed</span> <span class='ocrx_word' id='word_1_78' title='bbox 1069 1307 1216 1407; x_wconf 79' lang='lat' dir='ltr'>divine,</span> <span class='ocrx_word' id='word_1_79' title='bbox 1248 1335 1284 1394; x_wconf 84' lang='lat' dir='ltr'>v.</span> <span class='ocrx_word' id='word_1_80' title='bbox 1314 1331 1376 1416; x_wconf 77' lang='lat' dir='ltr'>gr.</span> <span class='ocrx_word' id='word_1_81' title='bbox 1406 1304 1441 1388; x_wconf 84' lang='lat' dir='ltr'>ai</span> <span class='ocrx_word' id='word_1_82' title='bbox 1481 1305 1670 1388; x_wconf 73' lang='lat' dir='ltr'>lerventns</span> 
     </span>
     <span class='ocr_line' id='line_1_10' title="bbox 261 1436 1667 1550; baseline -0.003 -30"><span class='ocrx_word' id='word_1_83' title='bbox 261 1437 381 1520; x_wconf 83' lang='lat' dir='ltr'>luerit</span> <span class='ocrx_word' id='word_1_84' title='bbox 406 1437 498 1520; x_wconf 85' lang='lat' dir='ltr'>talis</span> <span class='ocrx_word' id='word_1_85' title='bbox 529 1437 667 1536; x_wconf 83' lang='lat' dir='ltr'>irater,</span> <span class='ocrx_word' id='word_1_86' title='bbox 698 1438 767 1546; x_wconf 90' lang='lat' dir='ltr'>qni</span> <span class='ocrx_word' id='word_1_87' title='bbox 798 1436 922 1522; x_wconf 73' lang='lat' dir='ltr'>vibam</span> <span class='ocrx_word' id='word_1_88' title='bbox 956 1438 1103 1522; x_wconf 86' lang='lat' dir='ltr'>bonam</span> <span class='ocrx_word' id='word_1_89' title='bbox 1135 1437 1320 1550; x_wconf 76' lang='lat' dir='ltr'>habuerit</span> <span class='ocrx_word' id='word_1_90' title='bbox 1348 1440 1391 1520; x_wconf 87' lang='lat' dir='ltr'>et</span> <span class='ocrx_word' id='word_1_91' title='bbox 1419 1440 1558 1520; x_wconf 79' lang='lat' dir='ltr'>tannen</span> <span class='ocrx_word' id='word_1_92' title='bbox 1584 1462 1667 1516; x_wconf 90' lang='lat' dir='ltr'>non</span> 
     </span>
     <span class='ocr_line' id='line_1_11' title="bbox 237 1565 1668 1678; baseline -0.004 -26"><span class='ocrx_word' id='word_1_93' title='bbox 237 1567 447 1670; x_wconf 54' lang='lat' dir='ltr'>,labuerit</span> <span class='ocrx_word' id='word_1_94' title='bbox 488 1567 755 1678; x_wconf 68' lang='lat' dir='ltr'>sapientiam,</span> <span class='ocrx_word' id='word_1_95' title='bbox 798 1574 840 1654; x_wconf 85' lang='lat' dir='ltr'>at</span> <span class='ocrx_word' id='word_1_96' title='bbox 875 1565 1023 1651; x_wconf 89' lang='lat' dir='ltr'>iterum</span> <span class='ocrx_word' id='word_1_97' title='bbox 1061 1567 1269 1652; x_wconf 86' lang='lat' dir='ltr'>invenitur</span> <span class='ocrx_word' id='word_1_98' title='bbox 1298 1568 1401 1651; x_wconf 88' lang='lat' dir='ltr'>alter</span> <span class='ocrx_word' id='word_1_99' title='bbox 1430 1567 1570 1666; x_wconf 84' lang='lat' dir='ltr'>frater,</span> <span class='ocrx_word' id='word_1_100' title='bbox 1600 1565 1668 1675; x_wconf 86' lang='lat' dir='ltr'>qni</span> 
     </span>
     <span class='ocr_line' id='line_1_12' title="bbox 259 1695 1668 1805; baseline -0.002 -24"><span class='ocrx_word' id='word_1_101' title='bbox 259 1699 383 1782; x_wconf 84' lang='lat' dir='ltr'>vitam</span> <span class='ocrx_word' id='word_1_102' title='bbox 414 1697 562 1782; x_wconf 88' lang='lat' dir='ltr'>bonam</span> <span class='ocrx_word' id='word_1_103' title='bbox 594 1727 677 1782; x_wconf 89' lang='lat' dir='ltr'>non</span> <span class='ocrx_word' id='word_1_104' title='bbox 707 1697 917 1802; x_wconf 84' lang='lat' dir='ltr'>babuerit,</span> <span class='ocrx_word' id='word_1_105' title='bbox 948 1702 1156 1783; x_wconf 77' lang='lat' dir='ltr'>ettennon</span> <span class='ocrx_word' id='word_1_106' title='bbox 1186 1697 1375 1784; x_wconf 88' lang='lat' dir='ltr'>babuerit</span> <span class='ocrx_word' id='word_1_107' title='bbox 1413 1695 1668 1805; x_wconf 66' lang='lat' dir='ltr'>manentiam,</span> 
     </span>
    </p>
   </div>
   <div class='ocr_carea' id='block_1_7' title="bbox 104 1827 1798 2072">
    <p class='ocr_par' dir='ltr' id='par_1_7' title="bbox 104 1827 1798 2072">
     <span class='ocr_line' id='line_1_13' title="bbox 104 1827 1668 1940; baseline -0.004 -25"><span class='ocrx_word' id='word_1_108' title='bbox 104 1845 108 1854; x_wconf 86' lang='lat'>&#39;</span> <span class='ocrx_word' id='word_1_109' title='bbox 257 1829 325 1914; x_wconf 88' lang='lat' dir='ltr'>ille</span> <span class='ocrx_word' id='word_1_110' title='bbox 353 1828 565 1940; x_wconf 80' lang='lat' dir='ltr'>eligendus</span> <span class='ocrx_word' id='word_1_111' title='bbox 593 1833 656 1914; x_wconf 85' lang='lat' dir='ltr'>eet</span> <span class='ocrx_word' id='word_1_112' title='bbox 693 1829 845 1940; x_wconf 77' lang='lat' dir='ltr'>magia,</span> <span class='ocrx_word' id='word_1_113' title='bbox 876 1829 946 1940; x_wconf 87' lang='lat' dir='ltr'>qni</span> <span class='ocrx_word' id='word_1_114' title='bbox 977 1829 1101 1914; x_wconf 79' lang='lat' dir='ltr'>vitam</span> <span class='ocrx_word' id='word_1_115' title='bbox 1133 1829 1282 1913; x_wconf 89' lang='lat' dir='ltr'>bonam</span> <span class='ocrx_word' id='word_1_116' title='bbox 1314 1828 1451 1931; x_wconf 82' lang='lat' dir='ltr'>habet,</span> <span class='ocrx_word' id='word_1_117' title='bbox 1482 1827 1668 1936; x_wconf 69' lang='lat' dir='ltr'>‹pananrvis</span> 
     </span>
     <span class='ocr_line' id='line_1_14' title="bbox 257 1957 1798 2072; baseline -0.004 -28"><span class='ocrx_word' id='word_1_118' title='bbox 257 1989 338 2044; x_wconf 87' lang='lat' dir='ltr'>non</span> <span class='ocrx_word' id='word_1_119' title='bbox 370 1959 519 2044; x_wconf 86' lang='lat' dir='ltr'>habeat·</span> <span class='ocrx_word' id='word_1_120' title='bbox 548 1958 803 2070; x_wconf 83' lang='lat' dir='ltr'>sapientiam,</span> <span class='ocrx_word' id='word_1_121' title='bbox 833 1991 955 2072; x_wconf 88' lang='lat' dir='ltr'>quam</span> <span class='ocrx_word' id='word_1_122' title='bbox 985 1957 1065 2062; x_wconf 83' lang='lat' dir='ltr'>ille,</span> <span class='ocrx_word' id='word_1_123' title='bbox 1095 1962 1164 2071; x_wconf 88' lang='lat' dir='ltr'>qni</span> <span class='ocrx_word' id='word_1_124' title='bbox 1195 1959 1438 2068; x_wconf 82' lang='lat' dir='ltr'>sapientiam</span> <span class='ocrx_word' id='word_1_125' title='bbox 1470 1958 1596 2044; x_wconf 85' lang='lat' dir='ltr'>habet</span> <span class='ocrx_word' id='word_1_126' title='bbox 1624 1965 1668 2040; x_wconf 84' lang='lat' dir='ltr'>et</span> <span class='ocrx_word' id='word_1_127' title='bbox 1796 2009 1798 2014; x_wconf 68' lang='lat'><em>,</em></span> 
     </span>
    </p>
   </div>
   <div class='ocr_carea' id='block_1_8' title="bbox 257 2090 1830 2342">
    <p class='ocr_par' dir='ltr' id='par_1_8' title="bbox 257 2090 1830 2342">
     <span class='ocr_line' id='line_1_15' title="bbox 258 2090 1830 2199; baseline -0.002 -25"><span class='ocrx_word' id='word_1_128' title='bbox 258 2121 339 2175; x_wconf 89' lang='lat' dir='ltr'>non</span> <span class='ocrx_word' id='word_1_129' title='bbox 371 2090 520 2175; x_wconf 90' lang='lat' dir='ltr'>bonam</span> <span class='ocrx_word' id='word_1_130' title='bbox 553 2091 688 2178; x_wconf 83' lang='lat' dir='ltr'>vitam.</span> <span class='ocrx_word' id='word_1_131' title='bbox 746 2093 788 2178; x_wconf 89' lang='lat' dir='ltr'>Si</span> <span class='ocrx_word' id='word_1_132' title='bbox 816 2099 954 2178; x_wconf 87' lang='lat' dir='ltr'>autem</span> <span class='ocrx_word' id='word_1_133' title='bbox 985 2092 1078 2178; x_wconf 81' lang='lat' dir='ltr'>talin</span> <span class='ocrx_word' id='word_1_134' title='bbox 1108 2094 1232 2178; x_wconf 84' lang='lat' dir='ltr'>luerit</span> <span class='ocrx_word' id='word_1_135' title='bbox 1262 2091 1331 2174; x_wconf 88' lang='lat' dir='ltr'>illa</span> <span class='ocrx_word' id='word_1_136' title='bbox 1357 2117 1542 2199; x_wconf 77' lang='lat' dir='ltr'>persona,</span> <span class='ocrx_word' id='word_1_137' title='bbox 1564 2118 1667 2198; x_wconf 68' lang='lat' dir='ltr'>&lt;puae</span> <span class='ocrx_word' id='word_1_138' title='bbox 1825 2131 1830 2140; x_wconf 94' lang='lat'><strong>·</strong></span> 
     </span>
     <span class='ocr_line' id='line_1_16' title="bbox 257 2218 1828 2342; baseline -0.003 -38"><span class='ocrx_word' id='word_1_139' title='bbox 257 2225 379 2306; x_wconf 85' lang='lat' dir='ltr'>vitam</span> <span class='ocrx_word' id='word_1_140' title='bbox 413 2223 559 2308; x_wconf 82' lang='lat' dir='ltr'><strong>bonam</strong></span> <span class='ocrx_word' id='word_1_141' title='bbox 589 2222 714 2307; x_wconf 89' lang='lat' dir='ltr'>habet</span> <span class='ocrx_word' id='word_1_142' title='bbox 742 2227 939 2310; x_wconf 88' lang='lat' dir='ltr'>ettamen</span> <span class='ocrx_word' id='word_1_143' title='bbox 958 2252 1041 2308; x_wconf 91' lang='lat' dir='ltr'>non</span> <span class='ocrx_word' id='word_1_144' title='bbox 1062 2227 1126 2308; x_wconf 83' lang='lat' dir='ltr'>eat</span> <span class='ocrx_word' id='word_1_145' title='bbox 1145 2221 1331 2323; x_wconf 77' lang='lat' dir='ltr'>affabilia,</span> <span class='ocrx_word' id='word_1_146' title='bbox 1362 2226 1408 2305; x_wconf 87' lang='lat' dir='ltr'>nt</span> <span class='ocrx_word' id='word_1_147' title='bbox 1426 2218 1516 2303; x_wconf 80' lang='lat' dir='ltr'>aliie</span> <span class='ocrx_word' id='word_1_148' title='bbox 1538 2218 1667 2329; x_wconf 84' lang='lat' dir='ltr'>poenit</span> <span class='ocrx_word' id='word_1_149' title='bbox 1824 2333 1828 2342; x_wconf 91' lang='lat'>.</span> 
     </span>
    </p>
   </div>
   <div class='ocr_carea' id='block_1_9' title="bbox 201 2349 1756 3396">
    <p class='ocr_par' dir='ltr' id='par_1_9' title="bbox 201 2349 1756 3396">
     <span class='ocr_line' id='line_1_17' title="bbox 201 2349 1668 2467; baseline -0.001 -35"><span class='ocrx_word' id='word_1_150' title='bbox 201 2457 203 2462; x_wconf 67' lang='lat'><em>,</em></span> <span class='ocrx_word' id='word_1_151' title='bbox 257 2352 459 2464; x_wconf 74' lang='lat' dir='ltr'><strong>prodesse,</strong></span> <span class='ocrx_word' id='word_1_152' title='bbox 488 2354 595 2440; x_wconf 84' lang='lat' dir='ltr'>aient</span> <span class='ocrx_word' id='word_1_153' title='bbox 624 2352 759 2441; x_wconf 82' lang='lat' dir='ltr'>solent</span> <span class='ocrx_word' id='word_1_154' title='bbox 784 2355 1022 2459; x_wconf 75' lang='lat' dir='ltr'>malliana,</span> <span class='ocrx_word' id='word_1_155' title='bbox 1052 2384 1101 2441; x_wconf 87' lang='lat' dir='ltr'>oo</span> <span class='ocrx_word' id='word_1_156' title='bbox 1130 2356 1238 2467; x_wconf 90' lang='lat' dir='ltr'>quod</span> <span class='ocrx_word' id='word_1_157' title='bbox 1261 2381 1342 2437; x_wconf 91' lang='lat' dir='ltr'>non</span> <span class='ocrx_word' id='word_1_158' title='bbox 1365 2357 1462 2436; x_wconf 84' lang='lat' dir='ltr'>nunt</span> <span class='ocrx_word' id='word_1_159' title='bbox 1485 2349 1668 2434; x_wconf 75' lang='lat' dir='ltr'>allinbiles</span> 
     </span>
     <span class='ocr_line' id='line_1_18' title="bbox 255 2480 1669 2596; baseline -0.006 -26"><span class='ocrx_word' id='word_1_160' title='bbox 255 2511 329 2570; x_wconf 83' lang='lat' dir='ltr'>neo</span> <span class='ocrx_word' id='word_1_161' title='bbox 357 2485 489 2570; x_wconf 83' lang='lat' dir='ltr'>zelum</span> <span class='ocrx_word' id='word_1_162' title='bbox 518 2483 686 2590; x_wconf 86' lang='lat' dir='ltr'>habeut,</span> <span class='ocrx_word' id='word_1_163' title='bbox 716 2493 759 2572; x_wconf 86' lang='lat' dir='ltr'>et</span> <span class='ocrx_word' id='word_1_164' title='bbox 788 2488 935 2572; x_wconf 84' lang='lat' dir='ltr'>iterum</span> <span class='ocrx_word' id='word_1_165' title='bbox 957 2495 1019 2574; x_wconf 83' lang='lat' dir='ltr'>eet</span> <span class='ocrx_word' id='word_1_166' title='bbox 1040 2487 1156 2590; x_wconf 82' lang='lat' dir='ltr'>alter,</span> <span class='ocrx_word' id='word_1_167' title='bbox 1188 2485 1256 2596; x_wconf 84' lang='lat' dir='ltr'>qni</span> <span class='ocrx_word' id='word_1_168' title='bbox 1278 2482 1520 2596; x_wconf 83' lang='lat' dir='ltr'>sapientiam</span> <span class='ocrx_word' id='word_1_169' title='bbox 1544 2480 1669 2566; x_wconf 89' lang='lat' dir='ltr'>habet</span> 
     </span>
     <span class='ocr_line' id='line_1_19' title="bbox 256 2615 1668 2736; baseline -0.002 -35"><span class='ocrx_word' id='word_1_170' title='bbox 256 2623 297 2702; x_wconf 87' lang='lat' dir='ltr'>et</span> <span class='ocrx_word' id='word_1_171' title='bbox 324 2619 462 2728; x_wconf 83' lang='lat' dir='ltr'>potest</span> <span class='ocrx_word' id='word_1_172' title='bbox 490 2617 579 2702; x_wconf 81' lang='lat' dir='ltr'>aliie</span> <span class='ocrx_word' id='word_1_173' title='bbox 609 2618 799 2731; x_wconf 74' lang='lat' dir='ltr'>prodesse</span> <span class='ocrx_word' id='word_1_174' title='bbox 827 2648 901 2725; x_wconf 92' lang='lat' dir='ltr'>eo,</span> <span class='ocrx_word' id='word_1_175' title='bbox 932 2621 1041 2736; x_wconf 91' lang='lat' dir='ltr'>quod</span> <span class='ocrx_word' id='word_1_176' title='bbox 1071 2624 1132 2708; x_wconf 87' lang='lat' dir='ltr'>eet</span> <span class='ocrx_word' id='word_1_177' title='bbox 1168 2619 1341 2706; x_wconf 79' lang='lat' dir='ltr'>affabilis</span> <span class='ocrx_word' id='word_1_178' title='bbox 1369 2623 1411 2702; x_wconf 88' lang='lat' dir='ltr'>et</span> <span class='ocrx_word' id='word_1_179' title='bbox 1439 2615 1595 2715; x_wconf 78' lang='lat' dir='ltr'>nolana,</span> <span class='ocrx_word' id='word_1_180' title='bbox 1626 2619 1668 2698; x_wconf 86' lang='lat' dir='ltr'>et</span> 
     </span>
     <span class='ocr_line' id='line_1_20' title="bbox 256 2747 1669 2872; baseline -0.003 -38"><span class='ocrx_word' id='word_1_181' title='bbox 256 2747 438 2858; x_wconf 82' lang='lat' dir='ltr'>quamvis</span> <span class='ocrx_word' id='word_1_182' title='bbox 468 2750 555 2862; x_wconf 76' lang='lat' dir='ltr'>ejus</span> <span class='ocrx_word' id='word_1_183' title='bbox 577 2751 662 2835; x_wconf 84' lang='lat' dir='ltr'>vita</span> <span class='ocrx_word' id='word_1_184' title='bbox 685 2753 740 2837; x_wconf 82' lang='lat' dir='ltr'>eit</span> <span class='ocrx_word' id='word_1_185' title='bbox 769 2753 941 2868; x_wconf 78' lang='lat' dir='ltr'>fragilis,</span> <span class='ocrx_word' id='word_1_186' title='bbox 972 2758 1108 2840; x_wconf 87' lang='lat' dir='ltr'>tomen</span> <span class='ocrx_word' id='word_1_187' title='bbox 1140 2781 1220 2838; x_wconf 91' lang='lat' dir='ltr'>non</span> <span class='ocrx_word' id='word_1_188' title='bbox 1253 2750 1426 2835; x_wconf 89' lang='lat' dir='ltr'>multum</span> <span class='ocrx_word' id='word_1_189' title='bbox 1456 2754 1519 2833; x_wconf 82' lang='lat' dir='ltr'>aet</span> <span class='ocrx_word' id='word_1_190' title='bbox 1548 2747 1669 2872; x_wconf 69' lang='lat' dir='ltr'>errata,</span> 
     </span>
     <span class='ocr_line' id='line_1_21' title="bbox 255 2878 1745 2998; baseline -0.003 -34"><span class='ocrx_word' id='word_1_191' title='bbox 255 2880 331 2966; x_wconf 84' lang='lat' dir='ltr'>ieta</span> <span class='ocrx_word' id='word_1_192' title='bbox 369 2884 432 2967; x_wconf 86' lang='lat' dir='ltr'>eet</span> <span class='ocrx_word' id='word_1_193' title='bbox 474 2883 611 2994; x_wconf 82' lang='lat' dir='ltr'>potine</span> <span class='ocrx_word' id='word_1_194' title='bbox 651 2883 882 2998; x_wconf 76' lang='lat' dir='ltr'>eligendus,</span> <span class='ocrx_word' id='word_1_195' title='bbox 912 2883 1005 2996; x_wconf 83' lang='lat' dir='ltr'>qni,</span> <span class='ocrx_word' id='word_1_196' title='bbox 1035 2882 1220 2996; x_wconf 80' lang='lat' dir='ltr'>quarnvis</span> <span class='ocrx_word' id='word_1_197' title='bbox 1257 2883 1344 2992; x_wconf 75' lang='lat' dir='ltr'>ejus</span> <span class='ocrx_word' id='word_1_198' title='bbox 1384 2880 1467 2965; x_wconf 80' lang='lat' dir='ltr'>vita</span> <span class='ocrx_word' id='word_1_199' title='bbox 1504 2878 1559 2964; x_wconf 86' lang='lat' dir='ltr'>eit</span> <span class='ocrx_word' id='word_1_200' title='bbox 1589 2879 1670 2962; x_wconf 85' lang='lat' dir='ltr'>l&#39;m·</span> <span class='ocrx_word' id='word_1_201' title='bbox 1742 2925 1745 2934; x_wconf 92' lang='lat'>·</span> 
     </span>
     <span class='ocr_line' id='line_1_22' title="bbox 253 2996 1670 3126; baseline -0.004 -30"><span class='ocrx_word' id='word_1_202' title='bbox 253 3013 854 3122; x_wconf 78' lang='lat' dir='ltr'>gilie‚tanrerrnonn1nltum</span> <span class='ocrx_word' id='word_1_203' title='bbox 892 3023 954 3103; x_wconf 83' lang='lat' dir='ltr'>eet</span> <span class='ocrx_word' id='word_1_204' title='bbox 990 3017 1116 3118; x_wconf 85' lang='lat' dir='ltr'>mala,</span> <span class='ocrx_word' id='word_1_205' title='bbox 1147 3015 1180 3099; x_wconf 84' lang='lat' dir='ltr'>si</span> <span class='ocrx_word' id='word_1_206' title='bbox 1218 3011 1443 3126; x_wconf 83' lang='lat' dir='ltr'>sapientiae</span> <span class='ocrx_word' id='word_1_207' title='bbox 1481 2996 1670 3095; x_wconf 81' lang='lat' dir='ltr'>doctrina</span> 
     </span>
     <span class='ocr_line' id='line_1_23' title="bbox 255 3143 1756 3260; baseline -0.003 -32"><span class='ocrx_word' id='word_1_208' title='bbox 255 3143 428 3229; x_wconf 82' lang='lat' dir='ltr'>affabilis</span> <span class='ocrx_word' id='word_1_209' title='bbox 457 3151 543 3250; x_wconf 83' lang='lat' dir='ltr'>est,</span> <span class='ocrx_word' id='word_1_210' title='bbox 574 3151 621 3231; x_wconf 90' lang='lat' dir='ltr'>nt</span> <span class='ocrx_word' id='word_1_211' title='bbox 648 3147 739 3234; x_wconf 85' lang='lat' dir='ltr'>aliis</span> <span class='ocrx_word' id='word_1_212' title='bbox 768 3149 969 3260; x_wconf 83' lang='lat' dir='ltr'>proficiat.</span> <span class='ocrx_word' id='word_1_213' title='bbox 1028 3147 1072 3234; x_wconf 81' lang='lat' dir='ltr'>Si</span> <span class='ocrx_word' id='word_1_214' title='bbox 1101 3146 1368 3248; x_wconf 79' lang='lat' dir='ltr'>aeterniate,</span> <span class='ocrx_word' id='word_1_215' title='bbox 1400 3144 1495 3255; x_wconf 86' lang='lat' dir='ltr'>qni,</span> <span class='ocrx_word' id='word_1_216' title='bbox 1526 3169 1667 3252; x_wconf 86' lang='lat' dir='ltr'>qnam·</span> <span class='ocrx_word' id='word_1_217' title='bbox 1748 3175 1756 3198; x_wconf 50' lang='lat'>›‘</span> 
     </span>
     <span class='ocr_line' id='line_1_24' title="bbox 258 3273 1669 3396; baseline 0 -42"><span class='ocrx_word' id='word_1_218' title='bbox 258 3274 315 3360; x_wconf 82' lang='lat' dir='ltr'>via</span> <span class='ocrx_word' id='word_1_219' title='bbox 335 3275 496 3384; x_wconf 85' lang='lat' dir='ltr'>sapiens</span> <span class='ocrx_word' id='word_1_220' title='bbox 519 3279 588 3382; x_wconf 51' lang='lat' dir='ltr'>siti</span> <span class='ocrx_word' id='word_1_221' title='bbox 607 3285 744 3367; x_wconf 80' lang='lat' dir='ltr'>tamen</span> <span class='ocrx_word' id='word_1_222' title='bbox 774 3283 861 3392; x_wconf 83' lang='lat' dir='ltr'>ejus</span> <span class='ocrx_word' id='word_1_223' title='bbox 878 3281 963 3367; x_wconf 87' lang='lat' dir='ltr'>vito</span> <span class='ocrx_word' id='word_1_224' title='bbox 982 3282 1157 3366; x_wconf 87' lang='lat' dir='ltr'>multum</span> <span class='ocrx_word' id='word_1_225' title='bbox 1179 3286 1241 3365; x_wconf 82' lang='lat' dir='ltr'>est</span> <span class='ocrx_word' id='word_1_226' title='bbox 1259 3278 1390 3396; x_wconf 68' lang='lat' dir='ltr'>pala,</span> <span class='ocrx_word' id='word_1_227' title='bbox 1415 3277 1482 3360; x_wconf 89' lang='lat' dir='ltr'>ille</span> <span class='ocrx_word' id='word_1_228' title='bbox 1511 3273 1669 3382; x_wconf 81' lang='lat' dir='ltr'>eligen-</span> 
     </span>
    </p>
   </div>
   <div class='ocr_carea' id='block_1_10' title="bbox 258 3406 1940 3525">
    <p class='ocr_par' dir='ltr' id='par_1_10' title="bbox 258 3406 1940 3525">
     <span class='ocr_line' id='line_1_25' title="bbox 258 3406 1940 3525; baseline 0 -36"><span class='ocrx_word' id='word_1_229' title='bbox 258 3406 331 3490; x_wconf 82' lang='lat' dir='ltr'>dna</span> <span class='ocrx_word' id='word_1_230' title='bbox 351 3415 424 3510; x_wconf 80' lang='lat' dir='ltr'>eat,</span> <span class='ocrx_word' id='word_1_231' title='bbox 454 3410 525 3522; x_wconf 90' lang='lat' dir='ltr'>qni</span> <span class='ocrx_word' id='word_1_232' title='bbox 548 3411 673 3495; x_wconf 84' lang='lat' dir='ltr'>vitam</span> <span class='ocrx_word' id='word_1_233' title='bbox 700 3414 848 3500; x_wconf 89' lang='lat' dir='ltr'>bonam</span> <span class='ocrx_word' id='word_1_234' title='bbox 874 3415 1011 3515; x_wconf 87' lang='lat' dir='ltr'>babet,</span> <span class='ocrx_word' id='word_1_235' title='bbox 1042 3412 1226 3525; x_wconf 81' lang='lat' dir='ltr'>qnanmis</span> <span class='ocrx_word' id='word_1_236' title='bbox 1248 3410 1406 3495; x_wconf 83' lang='lat' dir='ltr'>nonsit</span> <span class='ocrx_word' id='word_1_237' title='bbox 1429 3409 1489 3494; x_wconf 89' lang='lat' dir='ltr'>ita</span> <span class='ocrx_word' id='word_1_238' title='bbox 1510 3408 1669 3507; x_wconf 86' lang='lat' dir='ltr'>doctus,</span> <span class='ocrx_word' id='word_1_239' title='bbox 1777 3445 1786 3518; x_wconf 80' lang='lat'>&#39;.</span> <span class='ocrx_word' id='word_1_240' title='bbox 1938 3505 1940 3512; x_wconf 23' lang='grc' dir='ltr'>Ι</span> 
     </span>
    </p>
   </div>
   <div class='ocr_carea' id='block_1_11' title="bbox 255 3540 1668 3788">
    <p class='ocr_par' dir='ltr' id='par_1_11' title="bbox 255 3540 1668 3788">
     <span class='ocr_line' id='line_1_26' title="bbox 255 3540 1668 3655; baseline -0.002 -30"><span class='ocrx_word' id='word_1_241' title='bbox 255 3545 301 3625; x_wconf 90' lang='lat' dir='ltr'>nt</span> <span class='ocrx_word' id='word_1_242' title='bbox 320 3540 409 3628; x_wconf 85' lang='lat' dir='ltr'>aliis</span> <span class='ocrx_word' id='word_1_243' title='bbox 427 3545 626 3654; x_wconf 82' lang='lat' dir='ltr'>proficiat.</span> <span class='ocrx_word' id='word_1_244' title='bbox 661 3596 704 3612; x_wconf 86' lang='lat'>·-</span> <span class='ocrx_word' id='word_1_245' title='bbox 734 3547 974 3648; x_wconf 62' lang='lat' dir='ltr'>Dionaeam,</span> <span class='ocrx_word' id='word_1_246' title='bbox 1003 3545 1030 3634; x_wconf 87' lang='lat' dir='ltr'>i.</span> <span class='ocrx_word' id='word_1_247' title='bbox 1051 3575 1084 3631; x_wconf 89' lang='lat' dir='ltr'>e.</span> <span class='ocrx_word' id='word_1_248' title='bbox 1105 3543 1352 3655; x_wconf 81' lang='lat' dir='ltr'>parochiam.</span> <span class='ocrx_word' id='word_1_249' title='bbox 1390 3543 1668 3650; x_wconf 78' lang='lat' dir='ltr'>Alipnateaas,</span> 
     </span>
     <span class='ocr_line' id='line_1_27' title="bbox 255 3663 1668 3788; baseline 0 -31"><span class='ocrx_word' id='word_1_250' title='bbox 255 3672 279 3757; x_wconf 87' lang='lat' dir='ltr'>i.</span> <span class='ocrx_word' id='word_1_251' title='bbox 311 3704 344 3759; x_wconf 86' lang='lat' dir='ltr'>e.</span> <span class='ocrx_word' id='word_1_252' title='bbox 375 3676 514 3788; x_wconf 87' lang='lat' dir='ltr'>aliquo</span> <span class='ocrx_word' id='word_1_253' title='bbox 544 3681 679 3768; x_wconf 79' lang='lat' dir='ltr'>arando.</span> <span class='ocrx_word' id='word_1_254' title='bbox 724 3680 852 3781; x_wconf 78' lang='lat' dir='ltr'>Casta,</span> <span class='ocrx_word' id='word_1_255' title='bbox 882 3680 908 3768; x_wconf 88' lang='lat' dir='ltr'>i.</span> <span class='ocrx_word' id='word_1_256' title='bbox 924 3709 959 3766; x_wconf 91' lang='lat' dir='ltr'>e.</span> <span class='ocrx_word' id='word_1_257' title='bbox 975 3679 1060 3764; x_wconf 87' lang='lat' dir='ltr'>aine</span> <span class='ocrx_word' id='word_1_258' title='bbox 1083 3677 1346 3787; x_wconf 79' lang='lat' dir='ltr'>corruptione</span> <span class='ocrx_word' id='word_1_259' title='bbox 1370 3663 1498 3762; x_wconf 76' lang='lat' dir='ltr'>vennae</span> <span class='ocrx_word' id='word_1_260' title='bbox 1513 3673 1668 3787; x_wconf 80' lang='lat' dir='ltr'>gloriae</span> 
     </span>
    </p>
   </div>
   <div class='ocr_carea' id='block_1_12' title="bbox 107 3807 1809 4058">
    <p class='ocr_par' dir='ltr' id='par_1_12' title="bbox 107 3807 1809 4058">
     <span class='ocr_line' id='line_1_28' title="bbox 254 3807 1809 3920; baseline -0.006 -27"><span class='ocrx_word' id='word_1_261' title='bbox 254 3808 316 3892; x_wconf 79' lang='lat' dir='ltr'>vel</span> <span class='ocrx_word' id='word_1_262' title='bbox 336 3812 623 3920; x_wconf 84' lang='lat' dir='ltr'>praemiorum.</span> <span class='ocrx_word' id='word_1_263' title='bbox 662 3811 780 3898; x_wconf 88' lang='lat' dir='ltr'>Siout</span> <span class='ocrx_word' id='word_1_264' title='bbox 808 3811 917 3897; x_wconf 85' lang='lat' dir='ltr'>enirn</span> <span class='ocrx_word' id='word_1_265' title='bbox 947 3841 1100 3899; x_wconf 84' lang='lat' dir='ltr'>meroes</span> <span class='ocrx_word' id='word_1_266' title='bbox 1128 3817 1202 3918; x_wconf 81' lang='lat' dir='ltr'>est,</span> <span class='ocrx_word' id='word_1_267' title='bbox 1231 3811 1265 3897; x_wconf 86' lang='lat' dir='ltr'>si</span> <span class='ocrx_word' id='word_1_268' title='bbox 1295 3811 1372 3895; x_wconf 87' lang='lat' dir='ltr'>hoo</span> <span class='ocrx_word' id='word_1_269' title='bbox 1402 3807 1668 3894; x_wconf 81' lang='lat' dir='ltr'>malemaine</span> <span class='ocrx_word' id='word_1_270' title='bbox 1804 3830 1809 3846; x_wconf 92' lang='lat'><em>·</em></span> 
     </span>
     <span class='ocr_line' id='line_1_29' title="bbox 107 3941 1774 4058; baseline -0.011 -21"><span class='ocrx_word' id='word_1_271' title='bbox 107 4031 110 4037; x_wconf 79' lang='grc'>,</span> <span class='ocrx_word' id='word_1_272' title='bbox 255 3967 357 4024; x_wconf 85' lang='lat' dir='ltr'>vana</span> <span class='ocrx_word' id='word_1_273' title='bbox 384 3941 518 4054; x_wconf 83' lang='lat' dir='ltr'>gloria</span> <span class='ocrx_word' id='word_1_274' title='bbox 546 3949 619 4028; x_wconf 88' lang='lat' dir='ltr'>aut</span> <span class='ocrx_word' id='word_1_275' title='bbox 647 3944 831 4055; x_wconf 87' lang='lat' dir='ltr'>praemio</span> <span class='ocrx_word' id='word_1_276' title='bbox 870 3943 1113 4058; x_wconf 80' lang='lat' dir='ltr'>prohibent,</span> <span class='ocrx_word' id='word_1_277' title='bbox 1141 3943 1201 4028; x_wconf 87' lang='lat' dir='ltr'>ita</span> <span class='ocrx_word' id='word_1_278' title='bbox 1230 3973 1251 4029; x_wconf 89' lang='lat' dir='ltr'>e</span> <span class='ocrx_word' id='word_1_279' title='bbox 1281 3942 1487 4028; x_wconf 81' lang='lat' dir='ltr'>contrario</span> <span class='ocrx_word' id='word_1_280' title='bbox 1523 3967 1668 4051; x_wconf 83' lang='lat' dir='ltr'>peona·</span> <span class='ocrx_word' id='word_1_281' title='bbox 1771 4027 1774 4035; x_wconf 70' lang='lat'><strong>,</strong></span> 
     </span>
    </p>
   </div>
   <div class='ocr_carea' id='block_1_13' title="bbox 252 4061 1770 4188">
    <p class='ocr_par' dir='ltr' id='par_1_13' title="bbox 252 4061 1770 4188">
     <span class='ocr_line' id='line_1_30' title="bbox 252 4061 1770 4188; baseline 0.001 -34"><span class='ocrx_word' id='word_1_282' title='bbox 252 4077 338 4158; x_wconf 85' lang='lat' dir='ltr'>tum</span> <span class='ocrx_word' id='word_1_283' title='bbox 378 4081 465 4177; x_wconf 78' lang='lat' dir='ltr'>est,</span> <span class='ocrx_word' id='word_1_284' title='bbox 508 4075 544 4160; x_wconf 81' lang='lat' dir='ltr'>ai</span> <span class='ocrx_word' id='word_1_285' title='bbox 580 4076 812 4188; x_wconf 82' lang='lat' dir='ltr'>negligant.</span> <span class='ocrx_word' id='word_1_286' title='bbox 870 4077 982 4162; x_wconf 87' lang='lat' dir='ltr'>Bene</span> <span class='ocrx_word' id='word_1_287' title='bbox 1020 4061 1121 4164; x_wconf 86' lang='lat' dir='ltr'>dicit</span> <span class='ocrx_word' id='word_1_288' title='bbox 1157 4075 1196 4160; x_wconf 82' lang='lat' dir='ltr'>ai</span> <span class='ocrx_word' id='word_1_289' title='bbox 1236 4074 1340 4161; x_wconf 83' lang='lat' dir='ltr'>iliad</span> <span class='ocrx_word' id='word_1_290' title='bbox 1379 4080 1485 4158; x_wconf 83' lang='lat' dir='ltr'>cosla</span> <span class='ocrx_word' id='word_1_291' title='bbox 1519 4079 1555 4158; x_wconf 83' lang='lat' dir='ltr'>et</span> <span class='ocrx_word' id='word_1_292' title='bbox 1582 4071 1666 4156; x_wconf 78' lang='lat' dir='ltr'>eolo</span> <span class='ocrx_word' id='word_1_293' title='bbox 1767 4137 1770 4144; x_wconf 85' lang='lat'>.</span> 
     </span>
    </p>
   </div>
   <div class='ocr_carea' id='block_1_14' title="bbox 253 4186 1921 4464">
    <p class='ocr_par' dir='ltr' id='par_1_14' title="bbox 253 4186 1921 4464">
     <span class='ocr_line' id='line_1_31' title="bbox 253 4186 1921 4312; baseline -0.001 -23"><span class='ocrx_word' id='word_1_294' title='bbox 253 4203 332 4290; x_wconf 88' lang='lat' dir='ltr'>Dei</span> <span class='ocrx_word' id='word_1_295' title='bbox 352 4205 534 4311; x_wconf 78' lang='lat' dir='ltr'>saciont;</span> <span class='ocrx_word' id='word_1_296' title='bbox 565 4235 656 4292; x_wconf 87' lang='lat' dir='ltr'>eum</span> <span class='ocrx_word' id='word_1_297' title='bbox 674 4209 775 4296; x_wconf 86' lang='lat' dir='ltr'>dicit</span> <span class='ocrx_word' id='word_1_298' title='bbox 795 4207 909 4312; x_wconf 79' lang='lat' dir='ltr'>illud,</span> <span class='ocrx_word' id='word_1_299' title='bbox 937 4208 1261 4294; x_wconf 80' lang='lat' dir='ltr'>subaudiendum</span> <span class='ocrx_word' id='word_1_300' title='bbox 1282 4212 1374 4293; x_wconf 75' lang='lat' dir='ltr'>esta</span> <span class='ocrx_word' id='word_1_301' title='bbox 1398 4208 1553 4308; x_wconf 71' lang='lat' dir='ltr'>bornaim,</span> <span class='ocrx_word' id='word_1_302' title='bbox 1568 4203 1611 4290; x_wconf 87' lang='lat' dir='ltr'>·i.</span> <span class='ocrx_word' id='word_1_303' title='bbox 1631 4235 1664 4290; x_wconf 85' lang='lat' dir='ltr'>o.</span> <span class='ocrx_word' id='word_1_304' title='bbox 1795 4229 1798 4236; x_wconf 83' lang='grc'><strong>’</strong></span> <span class='ocrx_word' id='word_1_305' title='bbox 1918 4186 1921 4194; x_wconf 58' lang='grc'><strong>’</strong></span> 
     </span>
     <span class='ocr_line' id='line_1_32' title="bbox 253 4336 1838 4464; baseline 0 -48"><span class='ocrx_word' id='word_1_306' title='bbox 253 4343 298 4422; x_wconf 89' lang='lat' dir='ltr'>nt</span> <span class='ocrx_word' id='word_1_307' title='bbox 324 4336 456 4424; x_wconf 84' lang='lat' dir='ltr'>bonus</span> <span class='ocrx_word' id='word_1_308' title='bbox 485 4339 699 4426; x_wconf 78' lang='lat' dir='ltr'>ordinetur</span> <span class='ocrx_word' id='word_1_309' title='bbox 728 4341 880 4444; x_wconf 52' lang='lat' dir='ltr'>abbae,</span> <span class='ocrx_word' id='word_1_310' title='bbox 900 4369 983 4425; x_wconf 91' lang='lat' dir='ltr'>non</span> <span class='ocrx_word' id='word_1_311' title='bbox 1015 4340 1156 4430; x_wconf 82' lang='lat' dir='ltr'>malua.</span> <span class='ocrx_word' id='word_1_312' title='bbox 1199 4345 1260 4426; x_wconf 81' lang='lat' dir='ltr'>Aa</span> <span class='ocrx_word' id='word_1_313' title='bbox 1289 4367 1363 4451; x_wconf 89' lang='lat' dir='ltr'>per</span> <span class='ocrx_word' id='word_1_314' title='bbox 1393 4337 1469 4423; x_wconf 89' lang='lat' dir='ltr'>boa</span> <span class='ocrx_word' id='word_1_315' title='bbox 1498 4341 1665 4421; x_wconf 81' lang='lat' dir='ltr'>utnrer·</span> <span class='ocrx_word' id='word_1_316' title='bbox 1832 4413 1838 4464; x_wconf 39' lang='lat'>¹.</span> 
     </span>
    </p>
   </div>
   <div class='ocr_carea' id='block_1_15' title="bbox 250 4464 1662 4584">
    <p class='ocr_par' dir='ltr' id='par_1_15' title="bbox 250 4464 1662 4584">
     <span class='ocr_line' id='line_1_33' title="bbox 250 4464 1662 4584; baseline -0.004 -31"><span class='ocrx_word' id='word_1_317' title='bbox 250 4469 397 4553; x_wconf 80' lang='lat' dir='ltr'>cessit</span> <span class='ocrx_word' id='word_1_318' title='bbox 426 4467 528 4575; x_wconf 86' lang='lat' dir='ltr'>illis,</span> <span class='ocrx_word' id='word_1_319' title='bbox 560 4471 630 4582; x_wconf 88' lang='lat' dir='ltr'>qui</span> <span class='ocrx_word' id='word_1_320' title='bbox 660 4500 735 4584; x_wconf 87' lang='lat' dir='ltr'>pro</span> <span class='ocrx_word' id='word_1_321' title='bbox 773 4469 883 4557; x_wconf 90' lang='lat' dir='ltr'>bono</span> <span class='ocrx_word' id='word_1_322' title='bbox 922 4471 1149 4558; x_wconf 86' lang='lat' dir='ltr'>ordinando</span> <span class='ocrx_word' id='word_1_323' title='bbox 1186 4472 1338 4558; x_wconf 82' lang='lat' dir='ltr'>abbate</span> <span class='ocrx_word' id='word_1_324' title='bbox 1375 4464 1662 4567; x_wconf 80' lang='lat' dir='ltr'>laboraverint,</span> 
     </span>
    </p>
   </div>
   <div class='ocr_carea' id='block_1_16' title="bbox 88 4595 1663 4714">
    <p class='ocr_par' dir='ltr' id='par_1_16' title="bbox 88 4595 1663 4714">
     <span class='ocr_line' id='line_1_34' title="bbox 88 4595 1663 4714; baseline 0 -35"><span class='ocrx_word' id='word_1_325' title='bbox 88 4647 91 4654; x_wconf 75' lang='lat'><em>,</em></span> <span class='ocrx_word' id='word_1_326' title='bbox 251 4595 340 4684; x_wconf 88' lang='lat' dir='ltr'>ideo</span> <span class='ocrx_word' id='word_1_327' title='bbox 370 4598 496 4687; x_wconf 84' lang='lat' dir='ltr'>dicit:</span> <span class='ocrx_word' id='word_1_328' title='bbox 538 4603 706 4714; x_wconf 71' lang='lat' dir='ltr'>solariae</span> <span class='ocrx_word' id='word_1_329' title='bbox 729 4628 815 4710; x_wconf 80' lang='lat' dir='ltr'>pro¹</span> <span class='ocrx_word' id='word_1_330' title='bbox 834 4603 907 4690; x_wconf 81' lang='lat' dir='ltr'>troo</span> <span class='ocrx_word' id='word_1_331' title='bbox 933 4631 976 4688; x_wconf 82' lang='lat' dir='ltr'>eo</span> <span class='ocrx_word' id='word_1_332' title='bbox 1004 4607 1230 4708; x_wconf 81' lang='lat' dir='ltr'>recepturos</span> <span class='ocrx_word' id='word_1_333' title='bbox 1259 4601 1476 4714; x_wconf 73' lang='lat' dir='ltr'>intercedam</span> <span class='ocrx_word' id='word_1_334' title='bbox 1506 4598 1663 4698; x_wconf 78' lang='lat' dir='ltr'>borram,</span> 
     </span>
    </p>
   </div>
   <div class='ocr_carea' id='block_1_17' title="bbox 178 4727 1781 5258">
    <p class='ocr_par' dir='ltr' id='par_1_17' title="bbox 178 4727 1781 5258">
     <span class='ocr_line' id='line_1_35' title="bbox 249 4727 1664 4846; baseline 0.001 -37"><span class='ocrx_word' id='word_1_335' title='bbox 249 4727 285 4846; x_wconf 82' lang='lat' dir='ltr'>ai</span> <span class='ocrx_word' id='word_1_336' title='bbox 316 4727 418 4816; x_wconf 84' lang='lat' dir='ltr'>illud</span> <span class='ocrx_word' id='word_1_337' title='bbox 453 4741 561 4818; x_wconf 82' lang='lat' dir='ltr'>caete</span> <span class='ocrx_word' id='word_1_338' title='bbox 589 4741 625 4818; x_wconf 88' lang='lat' dir='ltr'>et</span> <span class='ocrx_word' id='word_1_339' title='bbox 651 4732 737 4819; x_wconf 69' lang='lat' dir='ltr'>zelo</span> <span class='ocrx_word' id='word_1_340' title='bbox 765 4733 849 4820; x_wconf 83' lang='lat' dir='ltr'>Dei</span> <span class='ocrx_word' id='word_1_341' title='bbox 883 4731 1043 4840; x_wconf 77' lang='lat' dir='ltr'>sociarit</span> <span class='ocrx_word' id='word_1_342' title='bbox 1079 4779 1118 4798; x_wconf 88' lang='lat'>·-</span> <span class='ocrx_word' id='word_1_343' title='bbox 1153 4734 1269 4842; x_wconf 80' lang='lat' dir='ltr'>qnasi</span> <span class='ocrx_word' id='word_1_344' title='bbox 1300 4735 1479 4819; x_wconf 80' lang='lat' dir='ltr'>diceret:</span> <span class='ocrx_word' id='word_1_345' title='bbox 1519 4728 1664 4831; x_wconf 80' lang='lat' dir='ltr'>acient,</span> 
     </span>
     <span class='ocr_line' id='line_1_36' title="bbox 249 4859 1663 4976; baseline 0.002 -35"><span class='ocrx_word' id='word_1_346' title='bbox 249 4885 291 4941; x_wconf 82' lang='lat' dir='ltr'>se</span> <span class='ocrx_word' id='word_1_347' title='bbox 319 4887 394 4969; x_wconf 89' lang='lat' dir='ltr'>pro</span> <span class='ocrx_word' id='word_1_348' title='bbox 423 4859 502 4948; x_wconf 87' lang='lat' dir='ltr'>boo</span> <span class='ocrx_word' id='word_1_349' title='bbox 530 4863 672 4950; x_wconf 86' lang='lat' dir='ltr'>labore</span> <span class='ocrx_word' id='word_1_350' title='bbox 701 4895 727 4954; x_wconf 86' lang='lat' dir='ltr'>a</span> <span class='ocrx_word' id='word_1_351' title='bbox 756 4865 845 4952; x_wconf 84' lang='lat' dir='ltr'>Deo</span> <span class='ocrx_word' id='word_1_352' title='bbox 874 4867 1101 4953; x_wconf 83' lang='lat' dir='ltr'>mercedem</span> <span class='ocrx_word' id='word_1_353' title='bbox 1131 4871 1389 4976; x_wconf 80' lang='lat' dir='ltr'>recepturos,</span> <span class='ocrx_word' id='word_1_354' title='bbox 1418 4863 1451 4949; x_wconf 83' lang='lat' dir='ltr'>ei</span> <span class='ocrx_word' id='word_1_355' title='bbox 1480 4863 1663 4972; x_wconf 87' lang='lat' dir='ltr'>boo&#39;pro</span> 
     </span>
     <span class='ocr_line' id='line_1_37' title="bbox 194 4981 1663 5090; baseline 0.006 -19"><span class='ocrx_word' id='word_1_356' title='bbox 194 5033 195 5039; x_wconf 12' lang='grc' dir='ltr'><strong><em>Ν</em></strong></span> <span class='ocrx_word' id='word_1_357' title='bbox 251 4985 325 5074; x_wconf 84' lang='lat' dir='ltr'>Dei</span> <span class='ocrx_word' id='word_1_358' title='bbox 353 5017 492 5078; x_wconf 86' lang='lat' dir='ltr'>amore</span> <span class='ocrx_word' id='word_1_359' title='bbox 520 4994 802 5082; x_wconf 84' lang='lat' dir='ltr'>laboraverint</span> <span class='ocrx_word' id='word_1_360' title='bbox 829 5003 872 5082; x_wconf 88' lang='lat' dir='ltr'>et</span> <span class='ocrx_word' id='word_1_361' title='bbox 899 4997 987 5083; x_wconf 83' lang='lat' dir='ltr'>eine</span> <span class='ocrx_word' id='word_1_362' title='bbox 1013 4981 1136 5084; x_wconf 81' lang='lat' dir='ltr'>allino¹</span> <span class='ocrx_word' id='word_1_363' title='bbox 1165 4995 1343 5080; x_wconf 85' lang='lat' dir='ltr'>muneris</span> <span class='ocrx_word' id='word_1_364' title='bbox 1379 4991 1663 5090; x_wconf 84' lang='lat' dir='ltr'>retributione.</span> 
     </span>
     <span class='ocr_line' id='line_1_38' title="bbox 178 5119 1781 5258; baseline 0.001 -52"><span class='ocrx_word' id='word_1_365' title='bbox 178 5141 179 5146; x_wconf 67' lang='lat'>‘</span> <span class='ocrx_word' id='word_1_366' title='bbox 252 5119 368 5207; x_wconf 79' lang='lat' dir='ltr'>Casta</span> <span class='ocrx_word' id='word_1_367' title='bbox 408 5123 516 5210; x_wconf 83' lang='lat' dir='ltr'>enim</span> <span class='ocrx_word' id='word_1_368' title='bbox 557 5129 708 5214; x_wconf 83' lang='lat' dir='ltr'>attinet</span> <span class='ocrx_word' id='word_1_369' title='bbox 737 5130 789 5230; x_wconf 88' lang='lat' dir='ltr'>ad</span> <span class='ocrx_word' id='word_1_370' title='bbox 819 5130 919 5234; x_wconf 81' lang='lat' dir='ltr'>hoo,</span> <span class='ocrx_word' id='word_1_371' title='bbox 949 5136 996 5216; x_wconf 87' lang='lat' dir='ltr'>nt</span> <span class='ocrx_word' id='word_1_372' title='bbox 1024 5130 1111 5214; x_wconf 82' lang='lat' dir='ltr'>aine</span> <span class='ocrx_word' id='word_1_373' title='bbox 1139 5126 1404 5241; x_wconf 86' lang='lat' dir='ltr'>oorrnptione</span> <span class='ocrx_word' id='word_1_374' title='bbox 1424 5126 1539 5258; x_wconf 57' lang='lat' dir='ltr'>,filli</span> <span class='ocrx_word' id='word_1_375' title='bbox 1569 5124 1594 5210; x_wconf 90' lang='lat' dir='ltr'>i.</span> <span class='ocrx_word' id='word_1_376' title='bbox 1625 5151 1658 5210; x_wconf 87' lang='lat' dir='ltr'>a.</span> <span class='ocrx_word' id='word_1_377' title='bbox 1777 5169 1781 5178; x_wconf 93' lang='lat'><em>·</em></span> 
     </span>
    </p>
   </div>
   <div class='ocr_carea' id='block_1_18' title="bbox 0 0 1970 5784">
    <p class='ocr_par' dir='ltr' id='par_1_18' title="bbox 0 0 1970 5784">
     <span class='ocr_line' id='line_1_39' title="bbox 0 0 1970 5784; baseline 0 0"><span class='ocrx_word' id='word_1_378' title='bbox 0 0 1970 5784; x_wconf 95' lang='lat' dir='ltr'> </span> 
     </span>
    </p>
   </div>
  </div>
 </body>
</html>
