3974 5778
297 245 379 330 soe
744 259 752 270 ·
809 279 814 290 ·
909 241 1161 336 ussus
1327 183 1331 190 ’

286 443 469 574 ‚propter
494 461 792 572 poenitentiam
820 466 864 548 st
890 463 1046 550 luctum
1074 463 1160 548 siut
1186 461 1458 568 dimittenda,
1497 463 1558 546 its
1584 461 1711 550 etium

261 600 266 612 '
299 592 676 706 Aileiujepropter
702 621 857 694 vocem,
885 621 992 704 quae
1018 591 1213 704 gaudium
1241 591 1471 701 significet,
1500 593 1712 678 dimitten-

121 753 128 766 ·
299 723 395 808 dum
434 752 522 810 esse
556 724 873 812 constituerunt
928 724 1050 814 Unde
1085 724 1210 808 etium
1238 729 1333 834 pest
1359 727 1712 826 resurrectionem,

300 855 397 962 quie
423 853 484 937 illi
513 855 599 940 dies
627 855 769 964 gaudii
798 862 842 941 et
863 857 1045 942 ieetitiee
1063 863 1174 958 suut,
1194 859 1455 958 censuerunt,
1474 855 1563 940 siue
1583 856 1711 940 iuter·
1751 884 1756 892 ·

210 1107 214 1114 ἦ
299 985 491 1070 missione
528 1015 615 1068 esse
651 987 902 1090 euuessdum,
943 1017 993 1074 eo
1032 987 1145 1097 qnod
1180 985 1309 1096 ipsius
1337 1015 1417 1072 vox
1444 988 1639 1106 gaudium
1667 996 1712 1074 et

217 1243 222 1254 .
299 1115 498 1202 laetitiam
527 1117 795 1236 demonstrat.

749 1441 753 1450 .
871 1321 970 1426 ep,
1003 1265 1133 1409 xvi.

263 1505 270 1516 '
361 1441 625 1592 QUALITER
655 1497 844 1578 ulvius
873 1447 1042 1578 OPBBA¹
1077 1501 1174 1578 l‘dtt
1203 1501 1329 1578 Diels!
1364 1499 1631 1580 AGANTUR.

290 1749 293 1754 1
417 1643 471 1730 Ut
496 1645 557 1728 uit
576 1647 797 1751 propin-tur
826 1647 985 1752 Septies
1011 1647 1057 1728 in
1081 1647 1149 1728 die
1169 1647 1331 1730 lumicm
1347 1645 1439 1728 diri
1455 1645 1544 1732 tibi.
1586 1645 1709 1730 Nunc

299 1775 417 1884 quusi
468 1778 723 1884 interrogare
763 1805 807 1860 sc
854 1779 1018 1860 videtur
1055 1777 1098 1864 S.
1140 1775 1409 1876 Benedictus,
1453 1777 1564 1860 cum*
1587 1775 1709 1863 dicit:

301 1904 484 2010 Qualiter
520 1905 660 1988 dieu'uu
699 1933 823 2010 opere
855 1933 933 2012 per
970 1907 1077 1992 diem
1105 1913 1305 2016 upuutur,
1346 1907 1565 1992 etiterum
1594 1909 1708 2016 quusi

187 2093 190 2103 r
299 2037 555 2146 respondisse
592 2037 758 2120 sibimet
797 2038 977 2134 videtur,
1015 2065 1109 2122 cum
1150 2037 1275 2122 dicit:
1324 2033 1379 2122 Ut
1406 2039 1467 2122 uit
1486 2037 1709 2144 propheta:

300 2169 458 2276 Septies
483 2171 527 2254 iu
556 2171 623 2254 dic
649 2167 809 2254 lacedem
836 2169 927 2255 diri
954 2170 1027 2261 tibi
1053 2215 1104 2234 -·
1120 2195 1169 2254 ec
1196 2168 1230 2252 si
1261 2167 1415 2252 diceret
1440 2167 1535 2252 eliis
1552 2167 1708 2256 uerbis:

299 2293 460 2412 Septies
495 2303 540 2387 iu
579 2301 646 2384 die
683 2299 824 2384 iasusdee
852 2303 939 2388 Deo
978 2301 1217 2385 referendae
1252 2306 1373 2400 suunt,
1413 2306 1462 2384 ut
1489 2299 1589 2384 dicit
1616 2329 1710 2408 pro·

300 2433 438 2542 pisctu.
478 2431 595 2518 Sciet
622 2432 666 2516 S.
697 2432 942 2516 Benedictus
969 2461 1133 2516 scissum
1159 2431 1390 2514 diuinarum
1415 2433 1707 2540 scripturarum

298 2568 350 2650 ud
378 2592 497 2648 snum
525 2563 710 2664 trahere,
738 2563 858 2647 sicuti
889 2564 930 2648 in
961 2563 1040 2648 hoc
1068 2563 1161 2646 loco
1189 2564 1323 2647 ducere
1352 2563 1537 2658 videtur,
1565 2588 1708 2671 quum·

299 2726 423 2805 qurum
463 2695 533 2778 aiii
577 2695 765 2780 ductores
812 2695 934 2778 aliter
979 2693 1231 2804 intelligunt.
1298 2693 1410 2776 istud
1449 2693 1557 2776 enim
1597 2695 1707 2802 quod

294 2827 396 2911 dicit
423 2825 653 2936 prophetet*
688 2825 846 2930 Septies
875 2827 918 2908 in
946 2825 1013 2910 dic
1039 2825 1201 2910 luentem
1228 2823 1320 2908 dici
1346 2824 1441 2924 titi,
1483 2825 1706 2910 secuudum

185 2970 193 2989 '
297 2959 505 3068 proprium
544 2985 706 3042 sensum
745 2985 863 3041 suum
900 2956 1175 3066 intelligitur,
1216 2958 1242 3045 i.
1271 2985 1307 3044 e.
1347 2984 1508 3066 semper
1546 2956 1706 3039 leudem

255 3085 259 3093 ’
295 3091 379 3174 dixi
407 3089 516 3191 Tibi,
543 3091 693 3198 septies
712 3091 820 3172 enim
844 3115 920 3197 pru
942 3113 1101 3193 sciemur
1132 3091 1322 3200 punitum
1350 3095 1394 3172 et
1415 3087 1524 3196 quod
1547 3115 1708 3194 semper

295 3219 456 3302 leudem
485 3219 687 3302 referebat
718 3217 918 3324 Domino,
955 3218 1056 3303 elibi
1080 3219 1322 3308 ,tsnaniiestut
1357 3218 1462 3301 idem
1493 3217 1729 3328 prophete·

294 3349 538 3458 cuunsdicit:
570 3349 740 3453 Scrrepcr·
766 3348 858 3432 luere
885 3347 973 3452 ejus
1001 3351 1045 3430 in
1074 3377 1143 3430 cre
1169 3375 1267 3432 uteo.
1306 3345 1381 3430 lile
1397 3345 1517 3430 'enim
1547 3373 1708 3455 semper
1746 3405 1748 3408 -
1897 3350 1909 3447 ξ

143 3495 146 3502 ·
236 3501 238 3506 ’
293 3464 878 3587 lt11‹1e‘sresert1)eo‚·eujue
917 3477 1085 3561 devotio
1120 3504 1280 3586 semper
1316 3475 1357 3560 in
1389 3475 1705 3563 Deccousistit.
1767 3474 1768 3478 ‘
1822 3477 1825 3484 ’
1902 3536 1907 3544 -

152 3635 155 3642 ·
292 3605 388 3705 Sive
416 3607 525 3690 enim
554 3605 734 3692 dormiet
759 3607 844 3690 siue
872 3606 1031 3716 uigilet,
1060 3635 1221 3716 semper
1257 3608 1347 3694 lutus
1374 3606 1537 3691 Domini
1564 3609 1607 3690 iu
1637 3633 1706 3689 ore
1773 3613 1778 3620 '
1891 3616 1908 3696 ³}

291 3734 379 3845 ejus
406 3743 481 3832 est.
538 3737 643 3836 Quiu
684 3739 883 3846 coguovit
912 3737 960 3825 B.
991 3737 1258 3842 Benedictus,
1289 3765 1373 3820 nou
1401 3765 1563 3846 semper
1590 3765 1707 3846 posse

239 3883 243 3892 ’
292 3893 339 3946 os
366 3866 548 3974 eorporis
577 3867 739 3951 intudem
767 3867 854 3951 Beo
881 3869 1033 3952 referre
1061 3869 1169 3952 sicut
1198 3871 1240 3952 in
1269 3867 1405 3970 corde,
1421 3870 1452 3978 ¹)
1479 3868 1572 3952 ideo
1597 3867 1705 3951 iuuisse

252 4085 253 4090 Ν
291 4026 453 4082 sensum
484 3999 710 4106 scriptume
740 3999 860 4108 hujus
887 4001 939 4084 ud
967 4028 1086 4082 susum
1119 4013 1291 4084 sensum
1320 3999 1473 4098 traxit,
1515 4004 1559 4082 et
1585 3997 1707 4081 intel·

290 4128 405 4229 ierit,
430 4157 521 4212 eum
552 4127 673 4212 etium
703 4129 754 4212 dc
783 4129 908 4233 horis,
926 4132 981 4214 in
1012 4129 1164 4238 quibus
1186 4128 1312 4236 jussit
1332 4127 1420 4213 Deo
1448 4127 1590 4212 desudes
1618 4155 1704 4211 esse

291 4261 538 4360 referendae,
570 4259 725 4344 dictum
755 4259 892 4346 fuisse.
947 4262 1052 4360 Quin
1080 4289 1126 4346 os
1154 4259 1351 4370 corporis,
1380 4258 1488 4344 sicut
1516 4258 1725 4358 ιΙίιίιιιιιε,ἱ

292 4421 374 4476 non
402 4397 542 4503 potest
569 4391 701 4478 Deum
730 4395 921 4496 laudere,
960 4393 1068 4477 sicut
1096 4421 1142 4479 os
1171 4392 1331 4492 cordis,
1370 4391 1463 4476 ideo
1491 4389 1706 4475 eosrstituit

169 4632 178 4640 .
290 4524 424 4627 liores,
455 4523 503 4608 ut
529 4525 673 4609 saltem
704 4529 744 4608 in
776 4525 847 4610 iuis'
867 4525 1121 4635 temporibus
1149 4525 1236 4610 Deo
1254 4524 1531 4634 ousuipotenti
1555 4523 1728 4608 referre·

290 4657 429 4740 luudee
450 4663 599 4765 queat:
628 4659 655 4745 i.
685 4685 720 4742 e.
741 4661 896 4773 paurum
926 4661 1061 4760 testie,
1089 4664 1217 4763 scuta,
1246 4681 1367 4758 suosne,
1396 4681 1577 4761 vespera,
1599 4677 1705 4739 cour·

283 4787 531 4916 pdetoriupue
577 4797 751 4897 tenpore
791 4799 954 4875 uestrae
997 4792 1201 4876 seruitutis
1241 4791 1400 4896 officie,
1409 4786 1704 4896 persolvemus.

288 4919 482 5004 Senurius
511 4923 618 5005 enim
644 4949 837 5006 numerus
854 4923 946 5007 iden
969 4929 1153 5006 sacratus
1179 4923 1344 5025 dicitur,
1373 4921 1473 5030 quin
1502 4919 1705 5028 perfectus
1752 5026 1756 5032 ι
1911 4920 1917 5003 i

377 5209 403 5298 ¹)
425 5203 517 5274 sicut
541 5225 602 5274 cor
622 5205 680 5294 (i),
705 5204 778 5276 uei:
801 5205 894 5322 sicut
915 5227 955 5272 us
978 5205 1094 5274 cerdis
1116 5209 1174 5296 (t).
