3974 5778
245 285 330 374 328
555 286 558 294 ’
846 213 936 372 cen
956 277 1052 354 ΧΗ

243 491 446 588 sollicitus
472 502 561 604 eet,
589 500 661 586 red
697 527 772 613 per
797 501 1030 612 regularem
1057 499 1329 613 disciplinam,
1356 499 1401 592 h.
1426 529 1465 596 c.
1491 528 1567 612 per
1585 530 1657 590 rex

244 630 398 740 gradus
437 629 554 736 duci,
582 631 611 720 1.
640 659 676 718 c.
717 658 848 743 neque
886 630 941 716 ad
980 630 1229 737 orationem
1264 635 1361 742 post
1398 659 1497 718 vero
1534 633 1660 720 debet
1858 742 1860 745 1

110 789 124 820 ··
218 761 363 868 ¹dejici
392 761 445 846 de
471 760 645 848 decania
672 789 774 860 enar
812 759 964 862 deinde
994 765 1139 870 postca
1171 760 1208 846 ei
1242 761 1436 848 inventur
1463 759 1589 846 luerit
1611 761 1684 846 in·
1980 819 1981 826 κ

244 891 318 978 illa
344 895 536 1004 peccato,
564 898 666 980 tnnc
693 890 943 1004 expellatur,
981 891 1088 1006 sient
1112 891 1159 976 in
1194 890 1377 1004 capitulo
1404 890 1457 977 de
1482 917 1659 1003 praepo-

245 1022 326 1112 eito
348 1023 522 1136 judicet,
549 1026 648 1140 qaia
674 1023 799 1112 dicit:
827 1021 967 1110 eudem
995 1023 1096 1111 etde
1114 1025 1348 1132 praeposito
1369 1022 1658 1116 mrrstituirmu.
1811 1076 1815 1081 ι
1980 1077 1981 1096 r

246 1151 340 1242 Hoc
367 1157 494 1244 etiam
520 1157 765 1246 intuendam
794 1163 879 1257 eet,
918 1156 1017 1269 qaia
1044 1156 1114 1244 ille
1142 1155 1254 1242 circa
1280 1155 1340 1242 ita
1361 1155 1488 1244 debet
1513 1181 1669 1269 egeret·

104 1309 108 1318 ·
245 1315 283 1376 r.
304 1315 367 1401 gr.
395 1289 554 1408 incenit
581 1293 752 1380 imtrem
780 1293 824 1378 in
846 1290 1102 1402 negligentia
1124 1289 1263 1391 semel,
1290 1288 1414 1376 debet
1437 1287 1680 1376 'admonere

246 1421 394 1522 semel,
432 1429 475 1514 et
512 1425 663 1510 iterum
704 1421 883 1510 secundo
912 1425 1092 1524 secrete,
1118 1420 1252 1534 ‘tertis
1280 1447 1378 1530 nero
1414 1420 1503 1505 rice
1539 1419 1660 1506 dubet

248 1552 309 1636 ire
336 1552 388 1636 ad
417 1555 612 1638 abbatem
649 1554 720 1640 ille
758 1553 866 1639 circa
902 1555 945 1636 et
980 1546 1136 1636 dicerer
1179 1549 1329 1649 Pater,
1366 1549 1503 1634 iuveui
1537 1547 1658 1634 talem

54 1726 74 1749 ·-
176 1731 198 1766 ·.
246 1687 421 1789 tratrem
445 1685 604 1770 (lundam
629 1685 782 1770 uncus
804 1685 848 1768 iu
867 1681 1161 1792 negligentiori
1176 1679 1371 1768 cdruomri
1388 1679 1502 1764 illum
1518 1688 1663 1768 secrete

130 1905 133 1911 ,
249 1813 408 1899 duatus
433 1815 611 1902 rricibrrsr
638 1841 745 1901 rrum
770 1841 863 1900 uero
890 1814 1027 1900 iuveni
1051 1814 1169 1900 illrum
1196 1813 1316 1896 tertia
1342 1809 1426 1900 uice
1452 1811 1499 1896 iu
1528 1813 1663 1897 eodem

241 1949 420 2051 peccato.
475 1946 592 2033 Tana
631 1946 759 2031 abbas
801 1945 925 2030 debet
952 1972 1098 2031 vocare
1124 1943 1244 2028 illum
1272 1943 1443 2028 tratrem
1471 1942 1524 2026 ad
1551 1971 1595 2026 ec
1621 1949 1666 2030 et

251 2074 375 2160 debet
400 2077 462 2161 illi
492 2077 645 2168 dicere:
685 2078 820 2183 Quare
837 2081 931 2186 jum
952 2078 1078 2162 tantis
1100 2077 1253 2164 uicibus
1276 2075 1458 2161 incoctus
1472 2073 1518 2158 iu
1537 2072 1664 2182 negli-

246 2207 382 2313 gentia
410 2231 491 2294 uon
519 2209 777 2294 circumacti?
828 2209 873 2294 Si
901 2207 971 2294 ille
999 2206 1175 2293 dixerit:
1215 2233 1306 2292 urea
1333 2203 1474 2310 culpo,
1503 2208 1603 2291 tunc
1629 2206 1665 2290 ei
1726 2201 1733 2310 ’-

251 2336 428 2422 voluerit
467 2338 596 2425 abbae
623 2338 687 2426 illi
728 2367 913 2451 parcere,
955 2344 1106 2450 potest.
1163 2336 1206 2424 Si
1244 2341 1383 2424 antem
1413 2336 1510 2421 talis
1542 2335 1667 2421 fuerit

132 2509 141 2528 ·
242 2467 338 2576 vejus
366 2467 636 2581 negligentia,
665 2473 714 2554 ut
742 2499 824 2558 non
844 2469 976 2584 possit
998 2471 1126 2580 parci,
1152 2469 1276 2556 debet
1291 2467 1352 2554 illi
1368 2467 1526 2554 dicerer
1560 2463 1684 2578 Cras,

249 2599 521 2706 increpitum,
559 2602 601 2687 si
634 2603 736 2689 arilei
762 2603 843 2690 aare
879 2603 1098 2690 cucurrerit
1135 2601 1181 2685 iu
1208 2599 1468 2701 auuuorinm,
1506 2605 1666 2706 tapete

194 2721 198 2732 ’
249 2732 410 2816 ruriam
436 2737 474 2816 et
491 2733 696 2840 judicium
721 2734 908 2844 regulare
934 2733 1112 2840 suscipe.
1155 2730 1312 2818 Deinde
1341 2731 1455 2816 venit
1482 2730 1526 2814 in
1553 2731 1679 2840 sapie

252 2863 384 2948 tulum
426 2863 496 2948 ille
529 2865 657 2951 irater
692 2872 838 2977 petens
878 2866 1053 2956 veniam.
1110 2864 1269 2952 Deinde
1302 2863 1402 2950 dicit
1439 2861 1503 2946 illi
1538 2863 1666 2949 abbae

193 3043 203 3061 ·
252 3023 433 3107 surgere.
465 2995 583 3082 Tunc
611 2997 713 3083 dicit
739 2999 801 3084 illi
828 2999 975 3086 abbas:
1007 2997 1115 3105 erid
1136 2997 1301 3102 fecisti?
1326 3021 1429 3104 gerne
1453 3001 1516 3080 est
1542 3021 1687 3080 causa·

198 3185 200 3192 ·
251 3131 355 3213 tua?
406 3127 483 3214 llle
511 3158 606 3216 vero
634 3130 846 3243 respondit
873 3131 1039 3216 dicens:
1068 3129 1171 3214 Mea
1197 3129 1343 3234 culpa,⁸
1369 3130 1555 3214 trecentus
1575 3153 1666 3210 sum

251 3259 297 3342 iu
325 3257 565 3367 negligentia
601 3263 759 3348 duabrrs
785 3257 938 3348 uicib'rrs
966 3267 1004 3346 et
1027 3261 1093 3366 tui
1121 3261 1217 3346 inde
1245 3269 1453 3366 correptus
1478 3259 1668 3343 similiter
1733 3257 1738 3266 ’

253 3387 414 3474 duabrrs·
448 3392 625 3494 uicibrrs,
661 3401 699 3478 et
725 3421 814 3480 mea
843 3392 987 3500 crebra:
1025 3419 1107 3477 uorr
1134 3393 1357 3480 eureudaoi.
1414 3389 1538 3478 Nunc
1570 3393 1667 3499 guia
1759 3387 1763 3394 ’

252 3543 335 3607 uon
361 3523 588 3629 emendavi,
626 3526 713 3612 colo
749 3527 952 3631 suscipere
971 3525 1175 3633 judicium
1208 3525 1407 3635 regulare.
1466 3521 1542 3609 llle
1569 3553 1667 3611 vero

115 3717 118 3724 Α
253 3654 382 3740 abbas
420 3655 671 3764 respondens
705 3654 830 3742 dicit:
871 3655 925 3740 Iu
966 3663 1159 3762 'gerardum
1199 3656 1482 3764 negligentiam
1517 3655 1666 3758 fecisti,
1884 3738 1905 3765 ,t

254 3785 371 3871 nobis
406 3783 616 3890 displicet3
651 3785 697 3868 iu
723 3791 917 3890 gerardum
944 3787 1036 3870 vcro
1074 3813 1180 3872 errius
1200 3787 1312 3895 petis
1334 3786 1535 3893 indiciam
1562 3779 1671 3872 acciss
1713 3797 1716 3802 '
1884 3788 1906 3893 1

247 3942 348 4022 pere
374 3913 573 4024 regulare,
595 3911 734 4020 placet
760 3915 888 4001 uotis.
945 3919 1069 4002 Nunc
1096 3941 1187 4000 uero
1213 3917 1277 4020 aig
1304 3915 1557 4002 orreudarc?
1594 3915 1700 4000 llle·

254 4075 352 4131 nero
380 4046 506 4131 dicit:
551 4041 651 4128 Volo
668 4045 849 4164 Domino
867 4049 1049 4154 jemuute,
1079 4051 1122 4130 et
1149 4047 1322 4157 corripit
1350 4046 1468 4130 illum
1495 4045 1669 4154 publice.

255 4181 356 4267 Post
384 4207 480 4263 vero
509 4177 544 4260 si
571 4177 765 4262 inventus
793 4176 921 4264 fuerit
949 4177 992 4262 in
1021 4179 1111 4289 ipsa
1138 4177 1408 4287 negligentia,
1449 4175 1574 4264 debet
1601 4176 1672 4261 ille
1734 4243 1741 4260 ‚

7 4421 8 4424 1
237 4309 384 4429 abbae
419 4307 570 4392 habere
609 4308 663 4395 ad
705 4311 921 4395 consilinm
967 4310 1057 4397 illos
1095 4309 1300 4412 seniores,
1338 4337 1443 4419 qnos
1484 4309 1672 4418 superine

118 4453 120 4458 '
255 4441 467 4544 diximus,
494 4442 662 4550 quantis
691 4439 835 4526 diebus
863 4443 1024 4554 dignus·
1048 4443 1102 4527 eit
1137 4441 1418 4554 poenitentiae
1446 4441 1671 4552 subjacere,
1739 4503 1745 4518 .

255 4572 320 4658 vel
348 4600 472 4684 qnam
501 4599 655 4684 magna
682 4576 940 4684 poenitentia
966 4576 1090 4660 debet
1116 4603 1215 4664 cese.
1262 4573 1422 4660 Deinde
1449 4573 1574 4661 debet
1602 4573 1692 4657 ille·

255 4704 383 4790 abbaa
420 4703 561 4814 venire
601 4707 644 4790 in
684 4709 908 4818 capitulum
938 4711 981 4790 et
1008 4707 1077 4792 ille
1103 4706 1253 4812 frater,
1290 4712 1332 4792 et
1361 4707 1486 4793 debet
1514 4706 1670 4792 dicere:

257 4837 430 4923 Fratres
469 4837 582 4939 boui,
619 4839 719 4944 guid
755 4841 866 4926 vatris
901 4839 1059 4926 uidetur
1094 4841 1145 4924 dc
1180 4827 1431 4947 illatione,
1468 4839 1539 4946 gui
1564 4863 1713 4922 auree·-

256 4971 301 5052 iu
328 4971 455 5056 taralis
480 4971 634 5056 uicibus
675 4978 882 5080 correptus
916 4997 998 5057 riou
1034 4978 1093 5057 est
1128 4971 1399 5058 mircndutus?
1432 4971 1591 5079 placet,
1628 4973 1673 5053 ut
1905 4987 1914 5078 1

60 5151 63 5162 ·
185 5181 188 5188 ,
256 5100 334 5187 tali
354 5103 602 5210 poenitentia
630 5103 685 5188 sit
711 5103 892 5213 dignus?
928 5105 1035 5211 Quid
1050 5103 1164 5190 uobis
1177 5103 1346 5202 uidetur,
1374 5103 1496 5187 dicite
1522 5126 1670 5188 crurus.
1906 5079 1917 5251 1

236 5233 389 5346 ’111111ι
405 5234 518 5343 quis:
557 5235 892 5322 Misericordiam
928 5239 1179 5322 considerate
1216 5237 1260 5320 iu
1294 5235 1385 5338 illo,
1423 5238 1523 5342 guia
1555 5235 1673 5340 infir·
1906 5257 1915 5355 1
