3974 5778
886 291 972 385 Ouo·
995 291 1079 368 vn.
1608 299 1685 383 261

275 522 353 608 uit:
373 515 564 604 Hilarem
580 513 685 599 enim
703 513 884 600 (lotorem
903 511 1037 624 (tilloit
1051 511 1177 600 Dens.
1223 513 1277 600 nt
1293 513 1461 600 iterum:
1477 511 1690 602 Joeotnnins

276 653 399 752 tonino,
427 646 496 754 qai
524 645 736 730 stitueretur
764 651 801 730 et
823 647 1054 734 eonomoolot.
1113 645 1169 730 Et
1188 657 1364 734 rursum:
1398 647 1538 734 Sanno
1565 645 1690 732 botones

275 805 396 890 aanor
423 780 563 865 elatonn
590 777 782 882 optimunn
811 782 854 864 et
881 774 998 888 reliq.
1057 777 1174 878 Quod
1198 777 1312 865 nien:
1351 777 1506 864 Stultus
1530 778 1572 862 in
1600 778 1690 865 risu

275 911 425 1000 exaltat
451 935 582 998 uocem
611 933 741 1006 secane,
771 909 797 994 i.
828 938 862 994 e.
893 908 1064 994 1·i‹lendo
1089 911 1245 995 exaltat
1263 937 1416 1017 uocem,
1445 910 1566 997 sicuti
1594 911 1689 997 laiei

277 1046 449 1147 faciunt,
491 1042 561 1153 qui
591 1039 804 1152 gruiuditer
832 1041 988 1146 rident,
1033 1041 1073 1131 lu.
1105 1070 1141 1128 e.
1170 1038 1438 1146 eaeluiunant3
1478 1041 1688 1128 sciendum

275 1183 336 1266 ost
364 1177 486 1279 enim,
515 1172 611 1286 quia
640 1176 737 1258 sunt
765 1172 898 1277 muni,
927 1174 1011 1286 qni,
1042 1201 1289 1283 quemquam
1318 1172 1480 1259 invoco
1504 1201 1587 1258 non
1617 1202 1689 1259 ex·

275 1312 454 1424 primunt
481 1335 628 1393 sonum
658 1306 700 1388 in
730 1304 827 1412 risu,
857 1311 1009 1411 tamen,
1038 1305 1073 1390 si
1101 1306 1145 1390 in
1174 1304 1296 1391 eorde
1324 1306 1572 1418 superfluum
1599 1306 1686 1396 lue·

274 1443 405 1528 titium
434 1439 667 1540 habuerint,
680 1437 712 1548 ¹)
744 1437 852 1550 apul
883 1440 1012 1528 Deum
1044 1463 1217 1546 mugnus
1245 1436 1348 1523 risus
1379 1442 1451 1524 est.

553 1679 612 1752 Di}
636 1677 880 1752 ltnoncnio
903 1677 1065 1752 GRADU
1089 1673 1403 1750 nnoollnnn'rm.

354 1830 629 1948 'Undecimus
669 1831 908 1920 luootnilitatis
952 1831 1111 1944 aralius
1153 1836 1234 1936 est,
1277 1829 1337 1933 si,
1384 1855 1472 1918 oum
1514 1825 1688 1941 loquitar

272 1962 502 2064 iiuouaelens,
532 1962 687 2064 leniter¹
702 1969 738 2048 ot
767 1963 855 2050 sine
883 1964 993 2067 rien,
1035 1961 1240 2048 listinilita·
1268 1987 1355 2048 enm
1380 1961 1599 2072 araoitato,
1628 1967 1688 2052 ool

264 2095 546 2202 montaniana
576 2101 613 2179 et
640 2093 903 2180 rationabilia
933 2093 1182 2201 loquotnnet
1223 2119 1302 2177 non
1332 2095 1386 2179 sit
1415 2090 1615 2178 etantosns
1643 2094 1687 2179 in
1719 2175 1722 2183 Δ

205 2315 208 2320 ,
271 2253 377 2323 ooee,
418 2229 521 2310 eiciet
556 2225 863 2332 scriptumest:
909 2224 1087 2332 Sapiens
1124 2224 1255 2311 nortis
1295 2225 1500 2311 innotescit
1522 2225 1685 2331 ioannis.

270 2358 431 2444 Leniter
459 2359 608 2445 etenim
640 2361 726 2462 est,
769 2387 860 2446 enm
891 2353 951 2440 ito
978 2355 1163 2468 loquitur
1196 2355 1310 2466 quis,
1352 2360 1402 2441 ut
1429 2356 1686 2443 solummodo
1828 2405 1832 2412 ·

270 2491 336 2577 ille
365 2490 519 2594 audiat,
548 2487 612 2576 eui
637 2489 837 2601 loquitur.
895 2483 976 2571 Sea
997 2515 1106 2572 nuno
1136 2486 1450 2594 videndum'est,
1481 2491 1684 2599 quomodo
1798 2593 1801 2604 ἡ

47 2730 53 2738 ¹
268 2629 403 2736 potest
429 2623 519 2734 quis
540 2621 652 2732 loqui
676 2621 750 2725 iu,
781 2622 829 2706 ut
857 2616 1151 2724 nemo‘mnliat‚
1175 2615 1252 2702 nisi
1274 2619 1356 2722 ille,
1387 2619 1450 2705 eui
1472 2621 1685 2732 loquitur?
1839 2695 1840 2700 a

44 2846 51 2882 ἰ
123 2759 128 2769 ’
268 2756 365 2840 Cum
398 2753 526 2842 freter
553 2751 594 2838 iu
626 2751 761 2838 medio
806 2747 1029 2859 elaustro²l
1070 2752 1149 2854 est,
1190 2753 1232 2832 et
1272 2777 1350 2860 ego
1379 2752 1432 2834 ab
1460 2751 1532 2837 illo
1560 2753 1686 2865 longe

45 2944 54 3036 ἶ
131 2920 134 2926 ’
267 2882 415 2987 existo,
455 2888 529 2969 ant
568 2885 676 2972 torte
717 2882 863 2996 loquor
903 2879 1048 2981 surdo,
1092 2907 1183 2969 ecoe
1222 2880 1282 2966 illi
1328 2911 1586 2995 nequaquam
1627 2884 1685 2970 ita
1773 2963 1778 2976 ,

270 3044 431 3126 possum
463 3015 590 3130 loqui,
617 3020 666 3100 ut
683 3015 787 3102 olins
811 3042 896 3134 non
921 3008 1073 3122 audiat,
1132 3011 1245 3099 istud
1265 3013 1373 3098 enim
1390 3014 1682 3122 testimoninm,

266 3147 373 3257 quod
402 3147 619 3264 subjungit
646 3175 777 3252 uum,
817 3147 843 3235 i.
873 3153 914 3234 e.'
938 3143 1103 3252 satuens
1130 3144 1263 3232 oeulis
1291 3145 1499 3233 innotescit
1520 3148 1680 3257 palleis,

267 3306 348 3362 nou
378 3279 545 3390 respicit
572 3279 623 3366 ml
654 3279 718 3386 id,
761 3279 871 3391 qnod
900 3275 1021 3364 dicit:
1063 3302 1142 3362 non
1179 3279 1233 3364 so
1270 3279 1471 3365 aianeoane
1506 3277 1550 3363 in
1578 3274 1695 3400 oneo,-

264 3410 332 3496 seul
361 3410 412 3496 ml
441 3409 561 3511 illud,
604 3410 714 3522 quod
757 3410 878 3496 dieit:
910 3434 1047 3518 putten
1086 3415 1121 3496 et
1156 3409 1420 3496 rationabilia
1456 3409 1598 3513 verbo,
1639 3415 1681 3496 et

263 3538 384 3642 istud,
414 3542 524 3654 quuod
554 3539 674 3627 oium
705 3566 783 3628 non
806 3542 861 3626 ait
883 3541 1081 3629 clamosae
1104 3538 1147 3626 in
1170 3566 1272 3644 ooee,
1304 3540 1471 3652 respicit
1494 3539 1545 3626 nd
1564 3541 1679 3647 illuni,

263 3667 371 3777 quod
410 3669 510 3755 dicit
549 3671 706 3758 leuiter.
763 3669 806 3757 Si
843 3670 954 3757 euim
983 3671 1077 3756 talis
1107 3669 1231 3756 fuerit
1259 3668 1514 3775 obedientie,
1556 3699 1679 3781 quum
1724 3761 1728 3773 ,

262 3827 338 3910 ego
363 3799 568 3888 dimittere
591 3831 770 3914 possum,
800 3803 929 3889 debeo
953 3803 1006 3888 ud
1023 3803 1139 3888 illnm
1168 3797 1241 3904 ino,
1269 3805 1341 3886 aunt
1364 3799 1445 3904 ille,
1474 3796 1508 3883 si
1528 3805 1678 3912 potest,
1779 3824 1782 3829 ·

261 3931 382 4016 (lebet
409 3933 460 4018 ml
490 3962 556 4019 me
585 3934 736 4021 venire.
795 3934 947 4034 Quodsi
977 3963 1058 4020 non
1091 3964 1255 4045 possum
1285 3935 1336 4020 od
1358 3932 1474 4018 illum
1504 3933 1575 4052 ire,
1605 3937 1678 4018 uult

260 4060 327 4146 ille
354 4063 407 4148 ad
437 4094 502 4150 me
531 4094 615 4150 non
645 4070 783 4176 potest
812 4065 971 4171 venire,
1010 4069 1069 4152 itu
1098 4066 1226 4152 debeo
1256 4065 1366 4152 illum
1401 4093 1542 4151 voeem
1572 4072 1677 4150 toni·

260 4219 414 4301 pomre,
443 4200 492 4281 ut
522 4197 591 4282 illo
615 4197 771 4302 audiat,
801 4194 867 4284 eui
888 4198 1003 4310 loqui
1026 4199 1132 4304 uolo,
1163 4203 1205 4285 et
1223 4199 1331 4283 ultro
1362 4225 1444 4283 non
1469 4197 1674 4308 procedat.

261 4321 416 4414 Deinde
445 4328 477 4412 si
500 4328 611 4414 olins
634 4327 824 4432 audierit,
854 4335 993 4418 tomen
1017 4329 1166 4417 leniter
1185 4331 1345 4442 loquor,
1377 4329 1472 4441 quia
1501 4327 1674 4414 neeessi·
1715 4343 1720 4352 '

259 4458 341 4539 tute
379 4456 473 4542 talis
510 4460 665 4548 locutio
704 4463 893 4549 efficitur.
952 4461 1150 4549 Similiter
1192 4468 1234 4549 et
1276 4461 1319 4548 si
1349 4461 1472 4548 surdo
1511 4460 1671 4547 loeutus

258 4586 371 4674 sueno
404 4617 497 4676 eum
528 4585 782 4710 necessitati,
814 4598 856 4681 ot
883 4592 971 4708 ipse
993 4594 1096 4681 mihi
1119 4622 1270 4708 magne
1287 4621 1385 4680 vooe
1404 4591 1670 4703 responderit,

257 4743 334 4830 ego
374 4725 512 4808 tomen
554 4724 703 4812 leniter
744 4727 911 4842 loquor,
955 4727 1052 4840 quie
1092 4729 1333 4839 necessitate
1366 4730 1532 4813 coaetus
1572 4717 1672 4812 talin

256 4848 395 4937 tuliter
432 4851 592 4966 loquor.
649 4855 849 4946 Similiter
884 4860 1008 4948 etium
1044 4859 1189 4950 sintii
1227 4861 1386 4948 loeutus
1415 4857 1556 4964 fuero,
1583 4858 1672 4972 ,qui

342 5165 372 5250 ⁸)
394 5160 644 5238 anacoluthon
668 5165 727 5257 nt

341 5267 369 5360 ²)
391 5266 428 5343 in
450 5267 570 5348 modin
592 5273 831 5370 claustrali).
951 5361 957 5380 ι
