3994 5770
896 249 982 342 esp.
1006 250 1048 324 V·
1620 263 1695 344 189
1732 359 1734 368 ¹
1781 249 1794 258 ’
1864 271 1867 276 ·

1832 400 1844 440 e

174 477 178 484 '
268 469 581 582 professionem
611 497 747 572 suam,
788 468 884 580 quia
912 471 1120 580 pollicitus
1149 483 1230 576 est,
1270 475 1357 560 Deo
1391 477 1563 576 servire,
1603 477 1630 563 i.
1660 507 1693 560 e.

177 611 179 616 '
269 599 461 702 obedire,
490 602 609 710 quasi
640 599 816 684 vasallus
845 609 926 700 est3
955 603 987 686 si
1017 609 1153 686 autem
1183 607 1306 688 servit
1336 604 1422 692 Deo
1451 636 1526 718 pro
1554 609 1695 693 haere·
1862 685 1865 694 .
1942 631 1946 641 '

275 731 418 818 ditate
446 730 633 816 eoelestis
662 733 820 840 patriae
848 734 1067 842 capienda,
1111 738 1382 852 mercenarius
1409 748 1491 838 est3
1536 737 1571 824 si
1599 744 1694 826 vero

273 863 408 947 servit
436 862 711 966 solummodo,
750 875 797 948 ut
826 863 991 951 Domini
1023 866 1199 977 gratiam
1231 868 1379 952 habeat
1403 877 1449 982 et
1477 874 1563 982 ejus
1592 872 1693 958 irmn

277 1023 367 1078 non
397 993 561 1096 sentiat,
597 993 705 1078 lilius
734 996 941 1106 perlectus
969 1003 1043 1083 est.
1102 995 1221 1080 Unde
1250 983 1371 1086 debet
1397 1004 1525 1089 abbas
1555 1017 1695 1089 omnes

280 1125 532 1234 generaliter
567 1117 827 1228 admonere„
853 1155 905 1211 ne
932 1155 1008 1239 pro
1036 1127 1184 1212 timore
1213 1157 1370 1238 poenae
1407 1142 1481 1218 aust
1510 1165 1584 1246 pro
1613 1165 1696 1218 ser·

280 1256 395 1358 vitio,
425 1255 536 1366 qnod
559 1255 731 1367 professi
755 1263 864 1362 suut,
894 1259 965 1345 sed
991 1258 1248 1386 solummodo
1271 1289 1344 1370 pro
1370 1263 1522 1348 Christi
1552 1271 1692 1350 aurore
1730 1353 1732 1360 ,
1779 1360 1782 1368 ,
1867 1283 1882 1322 ’·

227 1449 231 1460 ·
285 1389 373 1474 Deo
401 1387 601 1491 serviant,
647 1396 693 1474 ut
729 1389 813 1474 sint
848 1390 1030 1502 perfecti.
1091 1389 1249 1477 Deinde
1277 1393 1515 1505 singillatim
1546 1423 1695 1480 unum·
1826 1479 1828 1486 ,
1927 1431 1931 1438 ·

283 1549 487 1631 quemque
525 1520 649 1606 debet
684 1523 904 1610 admouere
944 1528 987 1607 et
1027 1523 1151 1608 debet
1183 1523 1396 1635 inquirere
1433 1527 1511 1612 isto
1552 1511 1703 1612 mollo?

282 1657 411 1738 t'rator
439 1654 546 1758 volo,
575 1661 624 1740 ut
647 1653 720 1739 tuli
740 1654 805 1739 die
828 1682 985 1740 moonm
1007 1655 1203 1766 loquaris,
1244 1656 1401 1742 Deinde
1423 1687 1515 1742 oum
1538 1659 1696 1743 venierit
1758 1686 1760 1690 ’

282 1783 380 1886 dies,
412 1784 535 1868 debet
563 1785 623 1870 illi
653 1785 810 1870 diceret
840 1810 918 1894 ego
942 1790 1078 1871 autern
1111 1792 1212 1898 opto
1239 1792 1282 1872 ot
1310 1789 1492 1874 desidero
1521 1791 1691 1875 srslutenr
1770 1813 1772 1822 '
1816 1825 1824 1844 ·

280 1922 417 2022 tuom;
462 1915 556 2001 ideo
585 1944 737 2027 quaero
765 1945 791 2002 o
819 1924 860 2000 te
888 1918 1208 2022 contessionem,
1239 1926 1282 2006 et
1308 1947 1361 2006 ne
1391 1921 1564 2006 verearis
1594 1921 1694 2006 milri

281 2048 466 2148 confiteri
495 2055 676 2157 peceato,
707 2049 804 2159 quia
832 2077 908 2160 pro
936 2047 1069 2132 salute
1095 2054 1169 2134 tua
1191 2078 1343 2161 quaero
1367 2081 1392 2141 o
1412 2059 1453 2137 te
1475 2050 1694 2138 eorriemio·

281 2209 386 2264 nem.
430 2177 537 2265 Nom
570 2179 700 2264 abbas
728 2180 853 2266 talem
884 2207 927 2264 se
956 2181 1079 2264 debet
1104 2180 1308 2283 exhibere,
1338 2187 1385 2266 ut
1406 2210 1546 2268 omues
1564 2186 1695 2296 arrugia
1806 2211 1809 2218 ’

280 2309 339 2394 illi
369 2311 541 2420 cupiant
569 2310 773 2413 eorrfiteri,
802 2337 923 2420 equam
949 2309 1043 2412 alio,
1074 2309 1224 2414 etheo,
1253 2314 1362 2423 quod
1386 2315 1512 2411 audit,
1542 2322 1695 2399 secrete

280 2443 401 2526 debet
432 2448 585 2546 tenere,
619 2450 662 2527 et
688 2441 748 2526 illi
778 2439 1076 2550 eonrpatienter
1104 2440 1227 2526 debet
1254 2442 1410 2528 dicere:
1440 2447 1530 2544 Qua
1557 2445 1695 2528 inten-

280 2574 391 2658 tione
421 2602 463 2656 es
493 2573 701 2677 obediens,
733 2601 775 2656 es
799 2573 1043 2682 jejunans?¹
1066 2579 1204 2657 utrum
1235 2603 1310 2684 pro
1339 2573 1508 2676 tinnulo,
1537 2603 1587 2657 un
1619 2603 1693 2684 pru

279 2735 384 2789 varra
412 2705 556 2812 gloria,
587 2733 639 2789 an
669 2735 746 2815 pro
774 2702 941 2788 servitio
971 2703 1065 2804 isto,
1095 2705 1204 2814 quod
1230 2705 1431 2813 professus
1454 2733 1508 2804 es,
1537 2733 1589 2787 uu
1620 2732 1693 2812 pro
1859 2793 1864 2802 ¹

277 2837 358 2919 ulio
387 2837 556 2945 aliquo?
613 2837 657 2919 Si
686 2836 756 2918 ille
784 2835 958 2918 dixerit:
1000 2835 1081 2919 Pro
1111 2863 1217 2918 varra
1244 2833 1390 2943 gloria,
1426 2835 1549 2916 debet
1575 2833 1691 2916 illum

39 2995 40 2998 ‘
197 3045 222 3058 ,,
277 2968 510 3069 admouere,
541 2970 588 3051 ut
616 2995 692 3076 pro
709 2966 840 3050 solius
862 2965 939 3050 Dei
969 2967 1262 3075 onmipoteutis
1285 2992 1422 3049 unmre
1445 2963 1499 3046 sit
1518 2963 1691 3046 devotus

278 3103 320 3178 et
347 3098 470 3181 debet
508 3098 568 3182 illi
608 3097 765 3182 diuers:
811 3096 951 3181 Orobo
988 3125 1063 3206 pro
1099 3101 1164 3194 te,
1210 3109 1273 3179 m·
1296 3095 1496 3181 Dominus
1534 3097 1693 3177 aul‘erat

118 3317 121 3324 Δ
280 3227 501 3312 militatem
541 3229 591 3313 de
634 3227 756 3313 eorde
795 3240 881 3312 tuo.
939 3227 1011 3310 lit·
1032 3227 1090 3311 ita
1123 3226 1195 3311 ille
1234 3231 1375 3336 postea
1412 3225 1539 3308 abbas
1569 3225 1692 3306 laniat
1841 3213 1844 3222 ’

278 3356 354 3440 sibi
383 3358 498 3442 illum
530 3357 774 3443 sondliorem
810 3363 852 3440 et
879 3356 1073 3469 ‹lileotum
1103 3356 1145 3439 iu
1176 3355 1384 3440 locutione
1413 3362 1456 3438 et
1485 3355 1524 3437 in
1555 3347 1692 3462 aliqua
1736 3353 1748 3384 ³
1855 3361 1858 3372 '

215 3509 218 3516 ¹
277 3512 332 3584 re,
362 3493 409 3569 ut
436 3485 506 3571 ille
536 3488 759 3571 monachus
789 3487 922 3596 magis
952 3487 1189 3588 delectetur,
1217 3482 1277 3566 illi
1302 3482 1515 3583 constiteri3
1544 3488 1586 3566 et
1607 3512 1689 3566 nou

276 3613 392 3697 illum
422 3615 644 3700 conturbet
683 3623 757 3702 aut
794 3645 870 3725 pro
899 3615 978 3700 hoo
1015 3618 1164 3701 iratum
1205 3622 1249 3700 et
1285 3644 1366 3699 nou
1398 3616 1598 3699 sincerum
1629 3612 1690 3697 illi
1755 3698 1760 3710 ,

277 3746 420 3849 postea
449 3774 492 3828 se
522 3746 737 3846 ostendot,
782 3745 849 3828 sed
882 3748 1007 3831 faeiat
1044 3750 1091 3829 ut
1120 3747 1252 3828 bouus
1281 3744 1474 3830 medicus.
1535 3743 1690 3827 Do'iudo

277 3875 462 3958 oratioue
492 3875 603 3958 saeta
633 3902 707 3983 pro
736 3873 808 3959 illo
838 3876 960 3961 debet
988 3879 1135 3960 iterum
1166 3876 1281 3959 illum
1311 3875 1568 3984 interrogare
1595 3879 1691 3982 post

275 4002 434 4113 aliquot
462 4005 561 4106 dies,
590 4013 728 4088 rutrum
759 4005 889 4090 exivit
910 4007 960 4090 de
983 4007 1106 4091 eorde
1128 4035 1202 4091 suo
1232 4005 1332 4090 hoec
1362 4005 1545 4114 maligna
1574 4003 1689 4112 cogi·

275 4133 391 4218 tatio.
448 4136 492 4218 ni
521 4138 658 4219 autem
689 4135 760 4219 ille
788 4135 959 4238 dixerit,
989 4137 1085 4248 quia
1113 4137 1247 4222 adhue
1276 4135 1530 4247 perseverat,
1568 4133 1690 4217 debet
1744 4205 1747 4212 .
1815 4213 1818 4218 ,
1879 4145 1883 4154 “

276 4263 334 4346 illi
366 4263 523 4350 dicere:
560 4265 705 4350 Frater
735 4267 853 4352 erede
882 4265 995 4370 mihi,
1026 4271 1122 4379 quia
1151 4297 1225 4378 pro
1254 4274 1295 4352 te
1325 4265 1459 4365 oravi,
1496 4262 1564 4346 sed
1594 4264 1689 4372 quia

276 4421 360 4477 nou
389 4395 449 4478 ini
479 4396 641 4507 diguus,
671 4396 764 4481 ideo
792 4426 859 4482 rue
887 4395 1089 4484 Dominus
1119 4428 1201 4483 uon
1230 4396 1459 4481 exaudivit·
1492 4393 1572 4478 Sed
1603 4393 1687 4476 noli
1844 4478 1858 4504 ,2

262 4526 420 4644 timere
459 4532 501 4611 et
538 4553 622 4611 uon
657 4526 834 4612 verearis
862 4530 1059 4616 confiteri.
1119 4529 1236 4614 Siout
1270 4534 1405 4612 autem
1447 4533 1570 4608 autea
1609 4523 1727 4654 luit,

38 4715 39 4738 ι
153 4753 158 4767 ‚
275 4657 335 4741 illi
363 4658 573 4743 familiaris
602 4659 672 4743 ille
701 4659 947 4762 monachus,
991 4662 1051 4745 ila
1089 4665 1132 4744 et
1168 4661 1311 4770 postea
1336 4646 1465 4740 vdebet
1494 4671 1602 4763 esse‘,
1641 4666 1718 4738 ut'

276 4779 455 4898 gildas
482 4788 518 4873 ei
547 4791 748 4878 confiteri.
808 4791 965 4876 Deinde
995 4791 1118 4877 debet
1146 4789 1190 4874 in
1215 4788 1395 4899 capitulo
1424 4786 1570 4890 dicere,
1604 4817 1687 4872 nou

254 4919 528 5036 *nominando
556 4947 786 5031 personam,
801 4921 835 5030 ¹)
877 4921 947 5005 sed
985 4919 1242 5006 solummodo
1281 4916 1395 5028 loqui
1430 4917 1510 5001 hoo
1539 4917 1686 5004 modo:
1851 5001 1854 5007 ,
1916 4929 1952 4980 ·'

275 5103 538 5124 *nun-*uun-

363 5206 394 5288 ¹l
416 5198 500 5276 coo.
525 5199 733 5288 Eminentia.
837 5185 838 5188 Ἴ
