3960 5774
802 211 1183 348 conruunt*
1387 225 1392 236 '
1560 258 1661 368 ι467

259 472 432 585 expleat
500 469 676 581 Oportet
715 479 852 558 tantm
893 474 1128 576 obseruare,
1168 503 1221 559 ne
1259 476 1367 561 torte
1406 475 1498 586 quie
1538 476 1668 586 possit

43 599 48 633 ³
191 631 194 637 ·
257 601 459 712 complere
489 601 530 684 in
559 607 744 711 tempore
771 631 858 704 sno,
888 605 997 713 quod
1027 605 1313 714 complendum
1343 612 1425 710 eet,
1454 611 1497 690 et
1525 611 1668 704 oecur-

45 716 51 766 ³
137 779 140 788 ,
257 762 355 834 rere,
385 731 455 816 scd
485 731 582 816 dum
606 761 685 817 non
709 733 812 835 vult,
841 733 1073 818 occasiones
1097 737 1226 819 nectit
1247 741 1454 845 tamquam
1477 737 1518 819 iu
1546 737 1666 820 mini-

256 862 367 948 sterii
407 889 531 972 opere
567 869 806 972 occupatus.
871 864 988 963 Quod
1031 866 1107 974 qni·
1144 864 1263 965 tacit,
1294 870 1336 946 et
1375 865 1664 948 otiernlicutmn
1744 911 1745 916 Ν

254 990 398 1076 ceteris
438 996 576 1100 parat,
605 997 649 1075 et
684 991 771 1101 ipse
811 993 1061 1102 negligentis
1098 997 1252 1079 crimen
1290 993 1484 1081 incurrit:
1530 995 1667 1078 Mutr-

230 1123 384 1206 ··dirtus
412 1119 556 1222 arronis,
585 1123 654 1230 qni
682 1149 781 1230 opne
811 1121 892 1208 Dei
919 1123 1160 1234 rregligcutcr
1187 1126 1304 1229 tacit.

760 1341 861 1447 cap.
891 1339 1162 1445 xxxma

600 1519 668 1596 ott
698 1519 1048 1598 (tnuvrolnnus
1078 1519 1268 1603 GUid’iu'.
1285 1515 1316 1618 ¹)

365 1663 603 1769 tiongrnum
640 1665 823 1748 ordinum
867 1665 1002 1748 tonuit
1040 1665 1081 1747 in
1112 1664 1189 1747 hoc
1228 1665 1318 1748 ioco
1346 1667 1387 1750 S.
1422 1665 1665 1750 Benedictus
1815 1743 1820 1748 .

257 1793 296 1876 in
327 1820 395 1890 eo,
427 1792 524 1900 quin
552 1793 688 1901 coepit
717 1780 874 1896 dicero,
905 1794 1111 1904 quomodo
1139 1795 1373 1878 satistimoro
1413 1797 1565 1880 debent
1593 1796 1666 1897 ilii,
1733 1793 1739 1808 ’

256 1922 324 2031 qni
360 1921 412 2006 ad
449 1950 552 2031 opus
581 1920 658 2007 Dei
697 1925 813 2008 tarde
853 1930 1098 2024 occurrunt,
1128 1921 1171 2008 e‘t
1198 1925 1436 2008 subsecutus
1465 1930 1539 2024 est,
1568 1953 1669 2034 qno·

256 2053 727 2138 mododebcanteticnr
757 2053 901 2156 atilli,
930 2053 1669 2165 quiantprogravireiiericnlpa
1785 2119 1788 2124 .
1852 2023 1853 2028 Ν
1898 2042 1915 2060 ’“

255 2183 673 2270 excommunicantur.

365 2312 580 2422 Sequitur:
606 2315 684 2419 Quoi
695 2339 778 2420 pro
796 2317 914 2423 orori
935 2313 1053 2420 ercino
1071 2315 1122 2400 ad
1143 2320 1320 2401 oratorio
1338 2324 1375 2400 rt
1390 2344 1416 2398 o
1439 2343 1577 2400 cremisa
1601 2342 1670 2398 ar·

260 2445 586 2548 coornatam,
615 2446 729 2546 doro,
757 2473 836 2552 qun
864 2471 964 2551 corre
986 2446 1067 2531 lna·
1089 2448 1133 2530 in
1160 2449 1336 2530 oratorio
1357 2445 1667 2551 pernictoutnr,
1788 2533 1789 2536 g

256 2583 347 2660 rudo
365 2575 478 2679 sores
504 2577 674 2660 oratorii
695 2583 931 2681 prostratus
952 2579 1084 2682 irrorat
1105 2578 1208 2661 rridit
1235 2577 1382 2678 diceus,
1412 2577 1495 2660 uisi
1517 2583 1671 2659 turritum
1726 2601 1745 2692 J
1873 2583 1875 2586 ’

123 2739 127 2750 ·
254 2707 388 2812 posito
412 2705 454 2790 iu
481 2713 631 2792 terram
655 2709 784 2813 cupite
800 2713 1034 2812 noscano
1050 2724 1209 2812 gnarum
1232 2709 1407 2791 cundum
1427 2707 1476 2790 dc
1498 2707 1671 2790 orutmdo

255 2838 481 2924 enarratione
489 2837 686 2945 prditus·
710 2837 828 2924 aroc
843 2841 1000 2922 tuuutiu
1020 2839 1160 2946 firciut,
1182 2838 1400 2944 resqrrcdnrn
1417 2837 1543 2920 actas
1552 2836 1667 2948 judi·
1720 2933 1722 2938 .
1781 2907 1785 2918 .

257 2970 403 3054 canem
419 2973 784 3078 satisfactmnesse.
816 2968 1235 3056 nuinradvertanmm
1251 2969 1433 3078 est,quia
1447 2997 1529 3052 non
1546 2999 1667 3078 opin-
1740 2978 1742 2982 ’
1874 3073 1881 3086 .

256 3106 392 3185 tuerat
415 3101 549 3186 dione
572 3102 622 3186 de
644 3102 926 3188 satietactione
956 3102 1144 3210 gravium
1171 3102 1394 3210 culparrnn,
1423 3100 1492 3183 scd
1517 3107 1667 3202 tuneo,

257 3231 351 3338 curin
367 3229 552 3315 dicturus
565 3239 655 3317 erat
669 3233 717 3316 de
735 3232 885 3316 levium
907 3231 1118 3341 culparum
1137 3232 1428 3330 satisfactione,
1455 3229 1546 3312 idco
1566 3228 1669 3310 dixit

133 3402 134 3406 κ
257 3361 306 3443 de
338 3361 525 3470 gravium
555 3363 768 3470 culparum
795 3361 1101 3447 satistintionc.¹
1138 3361 1229 3444 lico
1255 3360 1492 3460 notandum,
1521 3359 1668 3466 quiesi

257 3491 396 3576 nndtiu
410 3491 553 3576 diebus
569 3518 644 3600 pro
659 3489 776 3596 gravi
790 3492 909 3604 cnipn
928 3491 969 3574 in
983 3491 1168 3576 custodia
1182 3496 1359 3589 tenetur,
1376 3490 1515 3599 parteis
1534 3491 1665 3596 [verul

224 3693 231 3702 .
256 3623 395 3706 diebus
411 3619 541 3707 teucri
557 3621 681 3704 debet
696 3620 737 3705 in
752 3626 945 3722 oratorio,
963 3629 1005 3704 et
1021 3623 1053 3704 si
1068 3621 1208 3731 prnrcis
1225 3620 1366 3703 diebus
1382 3619 1562 3702 tennerit
1575 3646 1666 3701 cunr

255 3751 298 3834 in
336 3753 548 3853 custodia,
589 3751 617 3838 i.
656 3779 691 3836 e.
732 3755 849 3834 extra
891 3753 1140 3852 oratorium,
1184 3751 1323 3834 nndtis
1362 3749 1521 3833 dietms''
1545 3749 1666 3831 debet
1718 3739 1721 3747 ‘

257 3882 387 3966 teneri
415 3881 458 3967 in
479 3880 672 3965 oratorio.
719 3877 773 3962 Et
797 3880 945 3966 iterum
967 3881 1292 3980 notaudnrnest,
1321 3879 1523 3990 quianon
1548 3878 1670 3961 debut

256 4012 384 4098 abbas
424 4017 521 4100 ante
557 4012 768 4098 absolvere
807 4011 945 4115 illum,
976 4040 1097 4122 qnam
1138 3999 1361 4095 satisfaciat
1397 4010 1439 4091 in
1476 4007 1669 4110 oratorio,

256 4142 366 4251 qnia,
395 4145 430 4226 si
461 4138 623 4247 iecerit,
653 4171 737 4229 non
767 4148 829 4228 est
871 4143 971 4228 ordo
999 4142 1211 4254 regularis.
1269 4139 1421 4225 Verum
1450 4147 1607 4250 potest,
1636 4141 1671 4222 si

259 4273 345 4358 vntt
375 4275 677 4384 aliquantulum
700 4273 738 4360 ci
759 4275 1080 4362 satisfactionem
1109 4275 1237 4360 leuius
1266 4274 1398 4358 facere
1426 4272 1506 4356 isto
1534 4272 1669 4370 modo,

257 4413 305 4490 nt
333 4433 416 4492 nou
442 4406 771 4517 transgrediatur
792 4405 975 4492 ordinem
998 4408 1238 4517 regularem,
1268 4405 1295 4492 i.
1315 4434 1350 4492 e.
1368 4403 1419 4490 ad
1443 4404 1668 4516 capitutum
1799 4503 1801 4509 Α

257 4564 348 4624 curn
379 4537 536 4626 miserit
573 4566 688 4641 cunr,
718 4539 762 4624 in
791 4540 972 4626 oratorio
1000 4539 1257 4643 satisfacere,
1286 4551 1381 4650 post
1420 4537 1578 4622 sextam
1607 4538 1672 4621 vel

260 4693 433 4775 nonam,
463 4697 556 4760 curn
597 4671 699 4758 exiit
724 4671 852 4758 abbas
879 4701 973 4761 cum
1002 4671 1347 4784 congregatione,
1375 4668 1498 4754 debet
1526 4696 1670 4753 uocare

257 4803 624 4917 congregationem
652 4803 725 4892 illo
755 4804 925 4892 absente
953 4810 995 4888 et
1023 4805 1182 4888 dicere:
1210 4800 1288 4888 nn
1311 4801 1470 4910 jnetnrn
1493 4805 1536 4885 ct
1551 4797 1670 4900 ratio,
1723 4841 1725 4846 v

258 4937 305 5018 nt
332 4933 402 5019 ille
431 4934 561 5023 frater
588 4935 771 5048 quiescat
799 4966 827 5054 a
852 4962 926 5022 ena
953 4933 1258 5032 satisfactionet
1289 4929 1325 5018 si
1353 4931 1546 5034 dixerint,
1576 4932 1673 5042 qnia
1762 4923 1764 4928 '
1815 5047 1816 5050 Ν

407 5119 530 5131 ...o-...-

350 5197 374 5290 ¹)
398 5197 449 5269 De
463 5196 527 5285 hir,
539 5197 600 5289 qni
613 5197 970 5274 excommunicantur.
987 5197 1164 5286 quomodo
1177 5170 1413 5270 satisfaciant
1438 5197 1521 5269 coa.
1539 5195 1673 5269 eursu.

1373 5309 1476 5396 dtu*
