3974 5778
824 171 910 267 cap.
934 172 1047 248 xxm
1336 160 1342 174 '
1561 179 1642 264 335

234 401 428 515 oravitctc
454 401 491 480 et
518 393 727 484 modestia.
784 393 865 479 Hic
898 395 1007 480 euim
1033 393 1129 480 etin
1153 373 1274 480 seusu
1292 397 1539 509 superflua¹)
1567 401 1643 485 est.
1744 468 1747 474 .

40 520 42 528 ¹
209 547 211 550 ’
238 534 352 637 Quod
378 534 515 614 autem
541 527 642 612 dicit
669 533 705 610 ct
728 525 919 632 festinent
939 550 982 610 sc
1006 525 1186 627 invicem,
1217 526 1479 642 imperativus
1499 528 1644 613 modos

238 676 308 754 est.
364 661 421 746 Et
449 657 625 746 cultellos
653 683 770 762 anos,
811 661 838 743 i.
867 685 902 742 a.
930 657 1008 742 sibi
1037 656 1265 767 deputatos.
1322 656 1418 744 Nou
1446 661 1553 745 enim
1582 665 1646 744 est

237 794 464 886 contrarius
493 794 569 876 istc
599 790 723 892 locus,
753 817 846 874 curn
870 789 972 874 dicit
999 786 1175 874 creticiioa
1203 812 1318 890 coroa,
1357 789 1417 880 illi
1442 791 1543 895 loco,
1573 792 1644 877 ubi

239 931 406 1016 dicitur:
436 949 507 1008 ucc
534 923 745 1028 quisquam
776 920 933 1028 aliquid
949 946 1068 1004 arrum
1084 946 1172 1006 csse
1193 919 1302 1008 dicct
1317 919 1379 1004 ccl
1392 931 1644 1028 proeminent,

237 1092 282 1148 eo
321 1057 432 1169 quod
472 1054 704 1139 differentia
744 1057 882 1164 potest
921 1079 1008 1136 esse
1047 1051 1158 1158 iuter
1192 1079 1308 1134 suum
1339 1059 1382 1135 et
1408 1081 1538 1140 suum.
1597 1055 1644 1140 Iu
1815 1077 1840 1098 ²
1904 1137 1906 1144 ,

237 1196 312 1281 hoc
334 1216 431 1276 vero
451 1187 556 1286 loco,
587 1213 681 1269 cum
708 1185 810 1269 dicit
837 1181 1014 1270 catellos
1035 1209 1141 1285 socos,
1174 1181 1406 1292 intelligere
1429 1185 1642 1272 debemusz

236 1327 261 1414 i.
290 1354 323 1408 e.
352 1320 403 1405 ad
432 1345 546 1402 suam
576 1315 800 1400 utilitatem
827 1316 881 1400 ab
918 1315 1069 1400 abbate
1109 1311 1187 1400 sibi
1216 1312 1435 1422 deputatos
1462 1321 1646 1401 talutium·

237 1453 369 1542 modo.
434 1446 511 1532 Ille
550 1454 687 1530 autem
725 1445 877 1551 iocus‚'
900 1447 970 1531 ubi
1007 1446 1157 1532 dicitur
1196 1473 1246 1531 ne
1283 1446 1497 1555 quaequam
1530 1475 1647 1533 mrum

237 1613 319 1672 osso
333 1581 453 1681 (licut,
478 1576 712 1688 intelligere
727 1577 918 1663 debemus
932 1576 983 1660 ud
999 1579 1295 1687 proprietatem
1312 1584 1355 1662 ct
1368 1579 1419 1664 ad
1431 1581 1648 1691 peculiari·

237 1726 373 1818 tutem,
397 1720 445 1798 ut
458 1711 617 1814 exinde,
640 1710 750 1822 quod
773 1706 997 1794 monachus
1012 1710 1200 1812 voluerit,
1223 1711 1357 1795 facere
1373 1712 1516 1820 possit,
1537 1713 1670 1823 quod„

237 1845 469 1934 omnimodo
498 1839 723 1926 cavendum
753 1844 829 1926 est.
886 1837 994 1923 Nam
1025 1839 1119 1924 tolie
1147 1847 1210 1927 est
1237 1845 1314 1928 iste
1343 1843 1477 1945 iocus,
1514 1845 1645 1954 qualis

237 1981 303 2065 illa
330 1979 373 2062 iu
401 1971 635 2083 evaugelio,
677 1969 747 2055 ubi
787 1968 941 2079 legitur
968 1969 1047 2056 hoc
1074 1971 1219 2060 modo:
1261 1976 1335 2060 ecci
1361 1971 1405 2058 ut
1431 1973 1648 2080 inpleatur

21 2093 47 2198 [²
138 2143 141 2148 Δ
235 2133 374 2212 corneo,
397 2105 466 2213 qni
488 2103 532 2188 in
554 2099 636 2208 icoc
655 2125 791 2184 corum
813 2100 988 2204 sonorus
1011 2107 1092 2204 cst5
1115 2129 1236 2213 quem
1259 2132 1422 2194 seorsum
1439 2103 1486 2194 B.
1503 2107 1648 2217 Augu·

236 2239 366 2324 atinus
393 2232 566 2346 exponit
593 2232 652 2314 itu
680 2231 842 2316 diceus:
881 2229 1026 2339 Moero
1059 2257 1201 2318 ‘comem
1228 2232 1326 2319 dicit
1355 2261 1434 2318 arou
1463 2237 1514 2318 ob
1542 2235 1647 2342 ipsis

235 2375 383 2469 ‹tnaou
411 2367 484 2450 scd
512 2362 617 2470 ipsis
646 2361 798 2464 dotcnu
826 2361 933 2446 sicut
963 2361 1134 2448 dicimus
1157 2390 1308 2469 raonem
1341 2371 1522 2450 nostrum
1553 2393 1649 2473 oreo·

235 2501 456 2603 tintinnum,
494 2523 614 2606 quem
651 2501 790 2580 taurica
824 2521 850 2578 a
879 2490 967 2576 Deo
1002 2493 1178 2603 petimus
1214 2495 1404 2582 addendo
1440 2497 1496 2582 du
1534 2497 1649 2583 notis
1753 2585 1764 2594 ,
1849 2563 1853 2572 .
1916 2489 1919 2496 ⁴

118 2688 122 2698 -
235 2605 359 2716 indic.
391 2675 442 2694 -
472 2626 585 2738 [Per]
615 2625 874 2750 limantem,
903 2625 1010 2734 quod
1039 2624 1141 2710 dicit
1173 2624 1435 2732 praeuenire,
1474 2627 1526 2712 ud
1554 2657 1647 2714 sur·

204 2789 332 2880 ‚gere
358 2761 408 2845 de
436 2759 545 2844 iacto
573 2757 748 2859 attinet,
788 2754 814 2840 i.
844 2782 879 2838 a.
909 2753 1177 2866 praevenient
1215 2783 1258 2840 se
1286 2755 1329 2840 iu
1358 2752 1565 2869 surgendo
1592 2763 1645 2846 ad

236 2921 334 3002 opos
377 2891 465 2978 Dei.
528 2885 646 2987 Quod
688 2913 785 2972 uero
828 2885 928 2972 dicit
975 2885 1096 2973 cincti
1144 2885 1314 2996 circuistis
1352 2895 1421 2974 oret
1463 2889 1644 2994 (sirmium,
1759 2957 1764 2970 .

239 3023 466 3131 intelligere
495 3045 723 3130 possumus.
753 3017 849 3126 quic
878 3015 986 3102 tuuis
1016 3023 1090 3119 cet,
1119 3017 1189 3126 qui
1219 3017 1270 3102 dc
1293 3019 1480 3104 cmnmbo
1509 3022 1557 3104 tit
1581 3023 1643 3106 vei
1756 3049 1757 3054 ¹

188 3238 192 3246 ,
236 3153 318 3236 iiuo
347 3154 387 3236 in
418 3149 653 3236 rotundum.
712 3146 912 3254 Oiuguins
932 3153 1070 3233 cirtem
1090 3152 1152 3230 cst
1172 3147 1426 3255 corrigin'dc
1456 3152 1551 3235 laun
1580 3154 1643 3237 vol
1784 3195 1786 3200 .

235 3283 416 3384 daiino,
458 3278 528 3364 scd
569 3305 651 3361 uon
682 3279 726 3359 in
763 3275 984 3362 rotundum
1025 3277 1132 3362 sicut
1173 3275 1305 3378 funis,
1343 3278 1412 3361 seri
1443 3279 1484 3362 in
1516 3281 1661 3364 lutum¹

235 3413 342 3497 sicut
369 3411 500 3510 tricia,
529 3407 613 3492 sire
641 3407 779 3509 etium,
809 3410 855 3489 ut
882 3403 1058 3492 Isidorus
1087 3405 1205 3491 dicit:
1235 3405 1375 3492 lurica
1402 3409 1511 3511 dicti,
1540 3415 1645 3516 qnod

234 3551 360 3628 orrtco'
386 3542 430 3626 in
466 3565 584 3626 restem
624 3535 792 3622 turonicis
826 3537 991 3642 fueraut
1028 3535 1268 3624 circumdati
1306 3565 1422 3639 coro,
1462 3541 1569 3624 rsrrdc
1608 3547 1645 3624 ct

230 3671 446 3786 fronaiia.²)
1009 3699 1011 3704 ·

140 3899 144 3912 ¹
198 3937 318 4016 ¹rute
358 3931 610 4056 coiturtcotur
641 3934 813 4035 proptor
851 3926 1188 4018 consectaneorum
1225 3929 1514 4016 cncuoutioueo.
1582 3929 1645 4016 Ita

233 4088 326 4147 roro
363 4089 407 4146 se
445 4059 651 4146 cohortari
691 4059 844 4144 dobant
883 4058 1052 4146 fratrent
1097 4060 1166 4146 ille
1206 4066 1345 4147 autem
1382 4060 1532 4163 frater,
1573 4065 1643 4173 qui
1681 4127 1686 4132 .

232 4193 392 4307 rupious
408 4197 483 4294 cst,
513 4187 637 4276 debet
653 4186 769 4272 illum
793 4189 974 4293 tratrem,
1005 4190 1074 4300 qui
1090 4189 1212 4299 juxto
1239 4192 1424 4302 rejacet,
1453 4192 1644 4282 exciturc.

341 3800 556 3910 Sequitur:
588 3799 806 3904 Surycntos
833 3821 926 3881 vcro
944 3801 1001 3884 art
1019 3823 1119 3903 opas
1135 3797 1218 3886 Dei
1243 3799 1411 3885 invicem
1440 3825 1483 3908 ao
1511 3803 1645 3886 moric·
1802 3911 1806 3921 ι

232 4319 339 4407 Nam
369 4349 453 4408 uon
484 4319 606 4406 tiabat
630 4317 812 4430 junonis,
856 4315 928 4430 qui
957 4317 1119 4431 indiget
1146 4321 1382 4438 disciplina,
1421 4312 1545 4408 alium
1575 4351 1666 4408 cx··
1711 4385 1734 4428 w,
1872 4337 1888 4424 ’,

232 4451 357 4539 nitere
384 4459 555 4566 propter
583 4453 838 4538 occasionem
866 4449 1040 4559 pcccati,
1069 4477 1145 4567 nec
1173 4451 1296 4537 ctiam
1321 4449 1467 4562 junior
1487 4452 1642 4561 jruriori

232 4581 354 4668 (tebet
380 4586 563 4672 iunocrc.
619 4580 775 4669 'l'oruen
800 4579 923 4666 debet
945 4604 1048 4666 unus
1070 4587 1144 4668 arnt
1166 4581 1248 4667 dno
1269 4581 1447 4668 seniores
1471 4607 1643 4670 accenso
1786 4601 1789 4626 ²

234 4707 384 4796 lumine
411 4713 471 4800 ire
498 4741 573 4827 per
600 4709 886 4799 dormitorium
916 4739 1038 4798 causa
1065 4711 1272 4799 excitandi
1300 4711 1448 4796 iratres
1477 4699 1643 4801 somno·

317 5019 345 5112 ¹)
367 5008 582 5113 superfluum
606 5019 664 5112 (t).
744 5001 749 5011 ¹
828 5051 831 5058 ¹
1093 5051 1094 5056 ¹

318 5131 346 5222 ⁸)
369 5129 569 5223 Etymolog.
592 5129 656 5203 lib.
681 5131 733 5207 tt.
756 5151 786 5209 a
808 5135 841 5208 ⁴.
864 5155 899 5208 u.
923 5134 953 5208 l.
1051 5165 1053 5168 ·
