3968 5774
238 184 323 272 ⁴44
814 183 1064 278 caussa

243 400 346 503 Dec,
373 401 471 510 quia
494 399 565 485 ille
581 399 767 487 donauit.
809 401 1029 488 Sciendum
1057 405 1119 486 cst
1147 400 1271 502 euim,
1299 400 1397 510 quia
1423 401 1516 501 lucc,
1542 367 1681 509 quod.¹

244 529 372 616 dicitu
400 527 680 638 Unusquisque
698 532 915 638 quomdam
943 533 1092 614 dossum
1117 530 1235 615 ludet
1252 557 1304 616 en
1321 529 1423 632 Dec,
1450 531 1561 614 clius
1580 534 1653 634 sie,

70 779 72 784 Ι
240 661 349 745 ulicis
375 688 469 746 uero
495 665 581 764 sic,
611 663 662 746 dc
695 661 824 747 Paulo
850 661 1040 768 apostolo
1066 660 1255 770 sumpsit,
1283 659 1345 745 sic
1370 663 1479 745 enim
1504 659 1654 746 Paulus

242 791 457 899 apostolus
499 792 597 877 alibi
640 791 767 876 dicit:
813 793 904 878 ,illi
949 794 1073 876 dulus·
1113 816 1247 876 smuc
1290 790 1538 896 supientiae,
1579 790 1655 873 ulii

68 997 72 1006 .
239 947 373 1006 scnuo
406 922 620 1022 scienciae,
647 927 692 1006 el
730 925 837 1007 alins
873 925 957 1026 sic,
985 923 1090 1008 alius
1117 920 1281 1032 quidem
1310 923 1391 1021 sic,
1420 921 1449 1006 i.
1476 951 1512 1018 e.
1550 921 1653 1004 alius

159 1156 163 1167 ·
243 1051 359 1161 plus,
398 1053 502 1170 alins
531 1081 628 1136 vero
657 1054 804 1142 miuus.
859 1054 952 1139 Hoc
989 1082 1111 1154 ucroq
1152 1051 1262 1162 quod
1300 1051 1399 1135 dicit
1436 1051 1546 1134 cliuus
1582 1049 1653 1153 sic,

75 1197 91 1290 j
241 1183 351 1266 (elisus
377 1203 471 1267 ucr'o
497 1183 569 1282 sic,
599 1183 765 1268 duobus·
789 1185 920 1269 modis
947 1176 1208 1306 intelligitur.
1257 1183 1350 1271 Uno
1379 1182 1503 1266 modo
1530 1181 1653 1264 iutel-

241 1313 387 1424 ligitur
429 1308 480 1396 du
514 1340 597 1398 uuo
635 1315 862 1424 codemque
899 1314 1035 1417 douo,
1064 1317 1175 1426 quod
1212 1315 1423 1424 accipiunt
1450 1313 1554 1415 dno,
1582 1311 1652 1394 sed

241 1449 381 1528 lamen
398 1444 502 1527 alius
523 1444 676 1554 accipit
697 1446 755 1528 sic
773 1445 907 1554 ipsum
926 1445 1095 1564 donnum,
1124 1447 1195 1530 sed
1218 1446 1354 1528 uuiuus
1381 1473 1503 1554 quam
1525 1444 1653 1548 ulter;

68 1625 71 1634 ·
242 1575 347 1657 alius
374 1603 473 1658 vero
501 1574 525 1661 i.
558 1603 592 1661 a.
622 1576 825 1658 secundus
851 1577 1003 1685 uc'cipit
1020 1579 1153 1686 ipsum
1184 1576 1337 1660 dotium
1363 1577 1434 1676 sic,
1452 1575 1478 1659 i.
1501 1603 1537 1662 c.
1564 1575 1654 1682 plus

150 1716 173 1769 Ἀ
243 1734 366 1820 quain
394 1706 509 1792 alter.
554 1704 715 1791 Deinde
741 1709 921 1792 secundo
950 1711 1072 1820 quo
1099 1713 1239 1818 potest
1265 1702 1444 1814 intelligi
1472 1704 1524 1787 dc
1551 1704 1653 1786 duo·

106 1887 110 1896 ·
245 1837 319 1918 bus
348 1836 490 1938 donis,
520 1835 547 1922 i.
578 1867 612 1925 e.
642 1836 745 1921 alius
782 1841 935 1950 accipit
961 1841 1041 1940 sic,
1070 1841 1098 1927 i.
1127 1869 1161 1924 a.
1193 1839 1302 1924 istud
1339 1838 1514 1937 donum,
1543 1836 1653 1945 qnod

160 2029 186 2098 .'
243 1965 349 2050 altar
377 1995 460 2050 nou
488 1966 664 2076 accipit;
693 1967 797 2052 alius
823 1971 975 2078 accipit
1001 1973 1073 2073 sic,
1102 1971 1181 2055 hcc
1201 1975 1277 2070 cst,
1304 1969 1459 2076 accipit
1476 1966 1677 2084 alternus

244 2095 411 2198 donnus,
440 2095 552 2206 quod
581 2097 687 2192 alter
715 2124 800 2180 uon
829 2099 992 2208 accipit.
1036 2099 1083 2184 lu
1114 2101 1194 2206 lquc
1223 2127 1319 2185 uero
1348 2097 1438 2183 loco
1465 2095 1656 2178 similiter

243 2226 403 2310 dnobus
445 2226 577 2312 modis
614 2229 752 2336 potest
790 2228 996 2338 intelligi3
1034 2230 1111 2315 hoc
1139 2237 1225 2314 est:
1262 2231 1367 2312 clius
1405 2226 1556 2334 accipit
1583 2225 1652 2325 sic,
1714 2317 1718 2324 ,

22 2349 86 2472 ,”
244 2355 270 2440 i.
300 2383 335 2443 c.
364 2355 517 2440 donum
547 2355 682 2440 unicius
710 2356 892 2459 bibendi,
921 2345 1043 2467 quam
1079 2363 1168 2472 ipsa
1197 2386 1386 2444 uneusura
1414 2357 1481 2441 sit
1541 2355 1656 2452 Alius
1762 2451 1766 2458 ἱ

247 2514 343 2568 uero
371 2487 521 2594 accipit
547 2487 619 2587 sic,
647 2488 675 2572 i.
704 2515 739 2573 c.
768 2489 920 2598 accipit
938 2490 1105 2591 (lunum,
1135 2496 1182 2573 nt
1208 2492 1246 2573 ei
1264 2487 1551 2571 tantummono
1569 2485 1658 2594 ipsa

246 2645 435 2701 mensura
465 2617 631 2700 bibendi
660 2618 852 2708 sulliciut.
910 2621 1055 2726 Altero
1086 2649 1182 2706 sero
1211 2620 1334 2706 modo
1370 2622 1509 2728 potest
1536 2616 1659 2700 intel·

145 2819 154 2837 .
245 2747 341 2856 ligi:
382 2748 485 2832 alins
524 2749 676 2859 occipit
712 2750 793 2852 sic,
833 2752 858 2840 i.
887 2780 923 2835 e.
952 2751 1105 2860 accipit
1131 2751 1310 2844 donum.
1340 2754 1388 2834 ut
1414 2749 1539 2831 etiam
1571 2747 1659 2830 sinc

147 2963 149 2968 ,
245 2879 461 2989 potatione
498 2880 582 2965 uiui
618 2884 749 2991 possit
784 2880 1029 2983 subsistere
1069 2877 1174 2968 alius
1202 2910 1298 2966 sero
1325 2880 1477 2988 accipit
1502 2881 1585 2980 sic,
1613 2873 1660 2961 ui

246 3011 382 3093 miuus
409 3010 447 3093 ei
475 3011 665 3115 sufficiat,
693 3040 817 3121 quam
847 3016 936 3124 ipsa
965 3043 1155 3099 mensura
1182 3013 1249 3114 sit,
1278 3011 1465 3122 quumvis
1492 3039 1543 3094 ex
1570 3015 1659 3093 toto

82 3219 87 3228 .
246 3169 331 3224 nou
360 3142 543 3250 possita
572 3143 893 3253 uiuojejunarc.

359 3271 577 3383 Sequitur:
628 3281 665 3358 et
703 3277 792 3360 idco
827 3303 916 3360 usus
958 3275 1095 3382 aliqua
1135 3273 1445 3381 concepulcsilulc
1483 3300 1511 3355 u
1547 3269 1679 3354 suadis·
1726 3383 1734 3392 .

246 3429 437 3487 uuuusuru
464 3407 592 3488 cicius
613 3405 788 3490 aliorum
806 3409 1074 3508 conustiluitur,
1102 3435 1150 3490 uc
1173 3407 1208 3490 si
1226 3407 1382 3490 diceret
1398 3402 1491 3488 aliis
1506 3402 1660 3486 verbis:

247 3534 431 3640 quisita
459 3542 535 3645 cst,
563 3535 593 3620 i.
622 3563 658 3619 c.
687 3542 735 3617 ut
763 3564 905 3622 omnes
932 3565 1017 3636 nou
1037 3534 1244 3646 accipiant
1264 3535 1491 3643 aequaliter
1509 3535 1661 3620 donum

246 3694 272 3748 a
302 3661 403 3764 Deo,
432 3665 525 3747 ideo
553 3692 637 3748 nou
666 3693 881 3776 possumus
899 3667 1052 3750 certius
1077 3665 1260 3749 diffinire
1283 3691 1513 3749 mensurum
1533 3664 1663 3746 uictus
1724 3722 1726 3726 -

248 3792 449 3896 aliorum,
477 3821 526 3878 eo
553 3796 664 3906 quod
694 3826 778 3882 nun
807 3825 950 3882 omnes
977 3825 1101 3882 unam
1140 3796 1381 3906 qualitatem
1410 3823 1570 3878 morum
1599 3793 1664 3878 uel

247 3954 467 4037 corporum
496 3926 663 4016 habeut.
720 3929 819 4015 Ideo
847 3959 873 4014 a
901 3929 1018 4013 nullo
1046 3928 1209 4016 mortali
1240 3931 1377 4037 potest
1403 3927 1588 4027 diffiniri,
1618 3929 1673 4008 ul·

248 4087 390 4172 omnes
430 4059 619 4168 aequales
658 4062 742 4146 siut
782 4063 826 4147 iu
864 4063 959 4148 cibo
1000 4067 1044 4148 et
1079 4077 1181 4174 potu
1209 4067 1252 4145 et
1291 4059 1545 4144 vestimentis
1580 4058 1684 4142 sive

42 4219 44 4226 ·
79 4235 89 4252 ·
253 4195 378 4276 ctiam
407 4191 450 4274 iu
474 4194 740 4300 poenitentia.
791 4195 1106 4303 secuniacus,
1135 4195 1160 4280 i.
1183 4223 1219 4282 e.
1239 4191 1439 4294 dubietas,
1468 4190 1666 4292 anxietas,

251 4326 502 4426 difficultas3
530 4329 715 4413 anxietas
744 4358 921 4442 namque
950 4335 1012 4414 est
1036 4328 1239 4414 dubietas.

360 4458 576 4569 Sequitur:
606 4459 754 4546 Tuuuccu
770 4463 1023 4562 iufirmcuuuu
1040 4456 1340 4548 considerantes
1357 4456 1667 4544 imbecillitatem

248 4593 470 4695 crediuues,
511 4592 712 4678 lucuuiuom
750 4596 837 4680 uisui
867 4622 949 4701 per
987 4593 1170 4700 siuqulcs
1208 4591 1394 4697 sufficere
1428 4617 1508 4698 uer
1545 4590 1665 4676 dicus.

204 4765 214 4780 ·
249 4723 366 4808 Istud
396 4753 525 4850 veno,¹
552 4727 662 4834 quod
699 4727 800 4812 dicit
830 4727 1094 4833 infirmorum
1129 4723 1432 4808 ccuusiderculcs
1459 4719 1701 4848 innitentis-⁶
1843 4728 1846 4731 ’

248 4849 390 4961 liutem,
431 4858 483 4944 de
511 4860 753 4944 infirmitate
780 4859 929 4945 mentis
957 4857 1079 4959 dicit,
1121 4884 1205 4940 non
1234 4855 1435 4966 corporis3
1476 4881 1572 4936 uum
1599 4851 1668 4936 hic

248 4989 541 5075 condescendit
568 4991 610 5077 S.
639 4989 885 5075 Benedictus
913 4988 1087 5072 infirmis
1119 4993 1272 5088 mente,
1301 5016 1394 5071 cum
1424 4987 1525 5070 dicit
1550 4986 1670 5092 iufir-

208 5185 214 5200 ·
250 5147 407 5212 uiuorum
447 5122 746 5208 considerantes
783 5121 1108 5207 iunudccillitulem.
1164 5119 1281 5204 'l'unc
1319 5124 1384 5203 est
1421 5120 1530 5203 enim
1570 5145 1670 5204 con·
