3968 5774
834 171 919 263 Cap.
943 171 1072 246 XXXI.
1544 103 1549 114 '
1578 182 1662 266 375

252 394 401 479 tutibus
438 391 579 489 rebus,
619 391 808 500 superbia
843 397 978 489 aratum
1022 393 1064 478 iu
1104 363 1356 508 spiritalibus
1395 405 1437 482 ot
1474 399 1515 485 iu
1557 403 1661 483 tour·

254 523 467 636 poruliium.
528 519 670 604 dilutus
700 522 807 606 errim
841 525 991 610 dieitur
1028 557 1101 632 oo,
1144 530 1252 638 quod
1293 559 1336 612 xe
1365 531 1496 640 ipsum
1538 559 1660 641 nuper

252 683 477 741 ruenaurum
520 681 633 737 eumn
664 653 814 756 elevet,
857 655 952 739 duum
992 684 1164 766 mugnus
1201 657 1277 744 sibi
1309 658 1468 744 uidetur
1503 661 1552 744 de
1584 662 1657 760 triu,
1758 729 1759 732 a

210 823 214 830 ·
250 815 351 898 quae
379 784 480 894 agit.

356 979 569 1090 Sequitur:
627 1007 704 1066 aroer
749 982 1008 1070 trubrdoatue.
1091 983 1210 1069 Nnuo
1250 1014 1343 1069 uero
1385 985 1466 1068 alio
1509 1014 1658 1095 gerrone

251 1111 466 1196 locutionis
510 1111 705 1220 loquitar.
774 1111 1065 1210 'l'urbnloutuu
1100 1115 1207 1200 anim
1253 1115 1404 1199 dieitur
1448 1115 1657 1215 obscurus,

250 1271 326 1326 rum
366 1243 566 1340 sincerum,
611 1271 691 1326 nou
722 1245 885 1345 hilaria,
923 1246 1178 1330 faribmulua.
1237 1245 1374 1328 Veluti
1405 1250 1475 1330 adr
1508 1243 1657 1328 (linitur

248 1373 530 1475 turtudeutuu,
560 1403 651 1458 eum
683 1404 763 1458 uon
796 1384 857 1458 eat
883 1402 1068 1476 serenus,
1111 1377 1135 1460 i.
1168 1405 1202 1458 e.
1232 1373 1410 1474 lueiduu,
1440 1375 1523 1459 eive
1550 1405 1658 1484 aqua

248 1503 394 1585 dieitur
422 1505 683 1606 turbulenta,
725 1535 815 1590 oum
849 1533 929 1588 nou
960 1511 1021 1589 eat
1051 1502 1218 1613 limpida
1257 1510 1299 1587 ot
1327 1504 1482 1604 lueida,
1524 1505 1581 1590 ita
1616 1512 1657 1588 et
1778 1493 1793 1580 .'

248 1633 369 1717 homo
410 1632 560 1718 dieitur
600 1635 887 1732 turbulentus,
918 1635 1032 1740 cnjus
1063 1636 1197 1718 vultua
1227 1635 1531 1736 obscurarent,
1565 1635 1590 1721 i.
1608 1667 1655 1746 e.

249 1791 327 1844 unu
359 1761 500 1847 hilaria
530 1769 571 1848 et
598 1765 745 1851 suavia.
790 1763 871 1846 Isto
901 1755 994 1848 aliu
1023 1762 1286 1861 iracundiam,
1316 1791 1436 1874 quam
1468 1765 1510 1848 iu
1534 1767 1656 1857 corula
1775 1865 1777 1870 Ι

248 1899 392 1999 gestiit,
422 1891 463 1976 in
489 1894 604 1977 vulta
625 1921 699 1978 auu
724 1895 969 1992 nrauifuetut,
1000 1895 1180 2002 eoquod
1206 1893 1390 1980 hilaritas
1418 1899 1460 1978 ot
1489 1894 1655 1978 tristitia
1782 1951 1785 1956 -

245 2022 374 2104 eoum
412 2023 452 2106 iu
495 2024 610 2107 vultu
649 2024 755 2107 soler
806 2025 1071 2112 uuudt'aatnri.
1146 2023 1255 2108 liano
1296 2029 1511 2134 postquam
1551 2025 1655 2108 dixit

244 2175 318 2230 uun
355 2152 619 2251 turbidarum,
662 2153 876 2261 arrtijauxit
912 2181 988 2238 aon
1028 2154 1271 2258 iajruiaarm,
1315 2153 1416 2263 'quia
1453 2151 1529 2234 iuto
1567 2159 1653 2235 tm·-

246 2281 453 2380 buteutuo,
484 2286 554 2393 qui
596 2285 695 2370 iram
739 2283 852 2394 prius
892 2284 933 2367 iu
974 2283 1089 2369 urrltn
1127 2282 1328 2380 ostendit,
1360 2290 1545 2390 temporo
1579 2309 1652 2364 suo
1722 2331 1725 2336 -
1777 2293 1780 2300 ‘
1821 2275 1822 2278 ‘

243 2415 421 2512 fratrem,
448 2415 511 2498 eui
532 2416 743 2525 sejungit,
772 2421 997 2524 exasperat.
1045 2413 1193 2497 iturum
1218 2414 1400 2498 ordinem
1424 2439 1650 2518 oorrgrnam
1846 2431 1850 2442 ·

242 2546 361 2628 etium
392 2546 568 2630 servavit
595 2547 639 2630 iu
670 2546 771 2646 hoo,
813 2573 903 2628 oum
945 2545 1059 2652 prius
1087 2544 1192 2628 dixit
1231 2571 1307 2627 nou
1336 2541 1583 2626 trudrdoutua
1616 2547 1651 2623 ot

104 2661 109 2674 ’
240 2677 483 2780 injuriosum,
524 2682 565 2758 et
606 2675 818 2785 auirjunxit
859 2702 938 2760 mm
976 2679 1143 2776 uuum,
1186 2702 1234 2757 eo
1264 2672 1372 2780 quod
1404 2673 1573 2756 tarditas
1603 2699 1650 2753 ex

242 2806 491 2890 trndudoutia
532 2813 575 2888 et
604 2806 750 2914 injrrriu
782 2807 888 2890 solet
918 2805 1161 2915 proaedere,
1200 2803 1296 2912 quia
1327 2803 1408 2904 illi,
1450 2803 1514 2886 oni
1547 2802 1648 2886 iras·

240 2935 369 3019 oiumr
404 2938 467 3020 vel
508 2935 771 3043 iujuriarum,
817 2965 907 3018 euru
948 2935 1102 3036 aliquid
1144 2936 1275 3018 faeere
1304 2934 1518 3030 debanna,
1559 2958 1649 3014 aum

242 3066 434 3152 tarditate
463 3065 646 3150 saaimns.
925 3051 927 3056 ⁵

349 3261 563 3368 Sequitur:
594 3289 670 3343 uon
700 3261 908 3369 prodique.
967 3261 1010 3343 tu
1036 3260 1114 3345 troo
1141 3262 1248 3343 enim
1271 3261 1361 3342 loeo
1383 3259 1543 3342 videtur
1568 3259 1648 3342 atio

238 3415 384 3496 genere
405 3391 623 3475 locationis
642 3392 766 3499 ioqui,
800 3420 888 3474 earm
915 3391 1023 3500 priua
1040 3390 1145 3474 dixit
1178 3418 1254 3474 uon
1279 3387 1539 3487 turdrduntus,
1573 3417 1647 3470 nou

238 3519 469 3634 iujuriarum,
496 3548 574 3604 arou
593 3523 749 3627 turdus,
773 3527 815 3605 et
831 3523 1045 3629 eutijuuxit
1078 3546 1154 3603 riou
1167 3521 1376 3628 prodique,
1396 3519 1492 3629 quia
1510 3521 1648 3626 prmii-

238 3674 313 3750 gua
344 3676 424 3731 nou
457 3679 505 3734 ex
537 3653 744 3738 imenmlia
773 3651 995 3750 (iracundia
1026 3650 1094 3733 eod
1125 3679 1175 3734 ex
1202 3649 1430 3749 hilaritate,
1460 3675 1508 3731 eo
1538 3651 1646 3757 quod

226 3778 434 3884 ‘prmligua
465 3779 614 3864 dieitur
644 3781 758 3891 quami
781 3780 1011 3889 porriprua.
1053 3781 1132 3865 Sed
1157 3807 1402 3890 quamquam
1434 3805 1480 3860 ex
1510 3757 1648 3861 hiluri-

237 3912 320 3990 tute
349 3909 535 4017 procedit
563 3909 771 4018 prodigus,
802 3917 938 3993 tumen
967 3911 1089 3994 etiam
1114 3939 1161 3994 ex
1185 3909 1406 3994 iracundia.
1449 3910 1528 3992 Sed
1559 3912 1645 4006 iste,
1729 3967 1732 3978 ·

239 4037 306 4145 qui
337 4037 476 4121 hilaris
506 4043 586 4140 est,
627 4047 763 4150 potent
802 4038 899 4122 duro
939 4038 1149 4142 ainrutute,
1193 4039 1218 4124 i.
1250 4067 1285 4124 e.
1322 4039 1442 4123 cordo
1472 4021 1576 4123 irato
1605 4045 1647 4119 et

236 4168 350 4249 uultu
389 4169 528 4268 hilari,
566 4169 636 4278 qui
674 4176 810 4254 autem
850 4169 1111 4252 turbulentus
1141 4175 1225 4272 eat,
1256 4196 1337 4252 nou
1377 4173 1512 4278 potest
1551 4163 1646 4250 <iare
1759 4165 1761 4172 ’

236 4296 345 4380 laeto
374 4300 491 4382 unita
529 4306 571 4384 et
606 4299 714 4383 tristi
750 4299 911 4400 auium,
941 4300 1130 4407 eoquod
1161 4328 1243 4383 nou
1276 4305 1411 4409 potent
1441 4298 1646 4382 uoorrltare

237 4427 483 4513 iracundiam
527 4429 672 4514 cordia
743 4431 839 4516 ideo
884 4434 992 4513 euim
1037 4431 1145 4541 dixi,
1187 4432 1307 4516 etiam
1347 4457 1396 4512 ex
1437 4429 1645 4512 iraeuudia
1774 4505 1778 4516 ,

235 4585 351 4666 pomo
380 4562 595 4669 proaedere
625 4561 863 4672 prodigum,
894 4561 990 4671 quin
1030 4562 1146 4645 matti
1187 4561 1371 4644 iracundi
1411 4589 1482 4668 per
1511 4555 1668 4668 indigss

235 4687 442 4773 nationem
472 4691 663 4774 tribuunt
691 4721 813 4776 eausa
841 4693 1129 4776 commotionis
1159 4693 1282 4776 animi
1309 4691 1466 4825 pqioris.
1528 4689 1645 4773 Unde
1682 4765 1685 4772 .

231 4820 637 4907 aniumduerteudum
667 4829 749 4906 est:
781 4841 911 4934 u'eqne
935 4850 1006 4934 por
1029 4821 1353 4934 indignationem
1382 4823 1479 4906 dare
1509 4820 1644 4921 debet,
1711 4861 1714 4870 ·

234 4951 297 5032 oui
338 4959 550 5064 opportet,
590 4981 721 5065 aeque
750 4953 873 5038 etiam
903 4982 974 5064 per
1003 4955 1252 5042 hilaritatem
1281 4953 1405 5038 debet
1433 4952 1550 5054 dare,
1580 4952 1645 5037 oni

233 5109 312 5165 uon
332 5090 552 5195 opportet3
584 5085 655 5168 red
679 5111 769 5170 oum
788 5084 871 5187 dat,
903 5085 990 5170 sine
1020 5085 1102 5170 nlla
1125 5086 1386 5266 ainrnlatioqa
1413 5089 1488 5169 aut
1507 5083 1644 5194 indig-

1360 5384 1366 5501 i
