3934 5762
858 251 1041 344 Prologus.
1639 261 1664 343 o
1764 345 1768 352 ,

47 527 51 536 -
192 543 196 554 .
253 465 569 554 irmlrcdientium
601 467 721 580 primi
746 467 923 553 leontinis
948 469 1091 576 tetigit
1120 477 1162 556 et
1190 499 1263 581 per
1291 471 1400 556 illius
1432 472 1666 558 inobedien-

256 599 354 685 tiam
398 598 541 708 tetigit
578 603 780 700 nostrum,
823 624 916 683 cum
945 598 1070 686 dixit:
1115 626 1246 706 apem
1272 625 1350 706 per
1377 602 1667 690 inobedientiae

255 727 454 812 desidiam
482 752 724 828 recesseras,
765 727 862 837 qnia
895 735 1042 815 nostra
1071 727 1351 815 inobedientia
1388 759 1436 816 ex
1465 732 1577 816 illius
1605 733 1668 818 in·

48 835 52 866 ⁵
186 916 188 924 ι
255 857 486 942 obedientie
514 862 615 942 natu
643 863 728 956 est;
773 863 815 941 et
843 857 921 943 uisi
951 857 1020 943 ille
1049 859 1290 945 inobediens
1318 864 1446 963 essct,
1492 891 1564 948 nos
1593 892 1667 947 ue·

256 1015 456 1099 quaquam
486 985 769 1072 inobedientes
797 1016 988 1090 essemus,
1020 1017 1095 1075 nos
1118 990 1228 1075 cuim
1254 1019 1326 1100 per
1346 992 1454 1078 illius
1481 992 1666 1078 inobedi·
1818 1029 1820 1034 ¹

255 1119 405 1206 entiam
437 1147 578 1202 omnes
606 1119 835 1230 aequaliter
862 1119 1100 1206 recessimus
1122 1149 1148 1206 u
1174 1121 1275 1226 Deo,
1304 1130 1398 1234 post
1420 1151 1515 1211 vero
1543 1152 1667 1208 nurus·

255 1251 436 1360 quisquc,
482 1249 523 1334 in
566 1255 765 1359 qnantum
807 1248 899 1360 plus
937 1219 1096 1359 peccet,¹
1139 1259 1301 1340 turrium
1340 1255 1431 1365 plus
1461 1254 1668 1340 recedite

256 1381 353 1468 Deo.
399 1377 455 1466 ut
482 1380 591 1491 qnod
621 1380 692 1465 elii
723 1379 852 1480 valde,
882 1379 952 1466 ulii
982 1381 1115 1466 minus
1144 1381 1269 1492 louge
1298 1383 1495 1470 recedunt
1521 1413 1546 1470 a
1570 1383 1667 1488 Deo,

254 1515 427 1596 testetur
446 1539 580 1597 sermo
599 1510 876 1620 propheticus,
901 1510 970 1621 qni
992 1509 1042 1594 ad
1061 1509 1289 1597 Jerusalem
1310 1513 1433 1612 dicit;
1457 1515 1519 1603 uit
1536 1513 1666 1600 enim:

120 1754 123 1760 Ι
256 1641 453 1740 Filiitrri
482 1641 532 1727 de
560 1641 673 1752 leupo
701 1641 855 1725 venient
884 1648 921 1726 et
945 1641 1060 1747 filiae
1088 1648 1180 1729 triae
1206 1645 1257 1730 de
1285 1642 1409 1730 latere
1446 1645 1667 1753 serpent.¹)

256 1773 331 1858 l'er
359 1773 455 1876 lma,
493 1801 596 1883 quas
625 1772 730 1860 dixit
758 1772 808 1856 de
835 1771 960 1884 longe
990 1772 1150 1875 venire,
1188 1773 1343 1860 indicat
1370 1774 1476 1878 illos,
1517 1775 1587 1886 qui
1617 1774 1667 1860 de

255 1903 441 2015 plurimis
471 1907 511 1989 el
541 1905 590 1989 de
619 1904 782 2016 magnis
812 1901 989 2014 peccatis
1019 1907 1317 1990 convertuntur
1344 1903 1565 2006 nd'Deurn,
1595 1933 1668 2015 per

18 2093 20 2102 J
164 2071 171 2116 s
256 2033 346 2119 illas
377 2062 617 2145 senesanna
646 2032 752 2119 dixit
780 2033 830 2120 de
858 2035 982 2120 latere
1009 2040 1185 2143 recreent,
1214 2035 1307 2130 illos
1337 2035 1557 2146 significat,
1597 2033 1668 2144 qui

254 2192 337 2249 non
367 2165 416 2248 dc
444 2166 585 2251 multis
609 2164 674 2250 vel
695 2166 856 2276 magnis
877 2169 1185 2272 convertantur,
1214 2169 1324 2278 quia,
1353 2167 1459 2253 sieut
1478 2163 1668 2267 diximus,
1800 2223 1801 2226 a

256 2303 454 2408 quantum
484 2296 576 2407 plns
605 2295 749 2406 peceat
777 2298 1078 2408 unusquisque,
1118 2305 1280 2391 teritum
1310 2299 1402 2410 plus
1430 2296 1597 2399 recedit,
1626 2300 1669 2382 et
1830 2413 1833 2420 .
1899 2288 1903 2301 '

255 2434 457 2541 qrrantum
488 2427 624 2512 minas
652 2430 808 2537 peceat,
838 2432 1000 2516 tanturn
1031 2429 1165 2514 nrinus
1193 2431 1318 2544 longe
1347 2423 1513 2516 rcce‘dit.

365 2565 475 2673 Apte
504 2560 611 2646 cuim
643 2567 686 2646 et
713 2564 992 2670 congruenter
1020 2589 1130 2646 nunc
1153 2561 1277 2646 dicit:
1307 2555 1432 2647 Aere
1452 2585 1546 2669 arpo
1563 2581 1668 2644 rrrrue
1813 2575 1817 2650 ζ
1904 2525 1940 2656 Ι,

236 2712 365 2780 cuens
393 2718 526 2779 sermo
552 2692 758 2802 diripitur,
787 2699 1007 2806 postquam
1028 2692 1232 2778 allocutus
1253 2696 1315 2776 est
1335 2691 1526 2804 parvulos
1550 2689 1667 2802 qnasi
1821 2805 1840 2812 W
1883 2809 1885 2814 Ι

257 2827 360 2913 filias
389 2826 566 2911 libenter
594 2825 780 2936 excipere
822 2829 865 2910 et
903 2823 1126 2910 efficaciter
1165 2822 1371 2934 complere
1405 2825 1670 2936 praeceptam

257 2959 396 3069 patris,
427 2963 469 3044 et
497 2961 716 3070 postquam
744 2955 926 3042 reddidit
952 2983 1129 3057 causam,
1158 2982 1241 3066 qua
1268 2953 1476 3039 debuisset
1496 2951 1566 3037 ille
1590 2953 1672 3036 dis·

257 3089 416 3201 cipulus
455 3089 632 3175 libenter
671 3089 858 3200 excipere
901 3092 943 3172 et
983 3087 1204 3174 eltieueiter
1243 3085 1459 3196 complere.
1526 3083 1671 3194 Neque

183 3221 188 3230 ’
258 3226 365 3310 euim
397 3249 648 3334 consequens
678 3227 779 3324 erut.
823 3228 870 3306 ut
898 3219 1010 3332 prius
1039 3218 1238 3328 coepisset
1265 3216 1431 3322 docerc‚·
1467 3214 1545 3302 nisi
1573 3203 1670 3302 ante
1818 3293 1821 3299 .

255 3356 458 3441 allocutus
485 3353 628 3440 fuisset
645 3352 775 3455 illam,
799 3352 870 3465 qui
890 3349 1097 3438 docendus
1114 3354 1232 3450 esset,
1263 3347 1440 3459 qualiter
1465 3346 1671 3432 debuisset

256 3483 441 3595 excipere
480 3485 545 3569 ret
586 3486 791 3597 perticere,
831 3482 941 3595 quod
978 3478 1056 3566 sibi
1086 3477 1317 3590 injunctum
1358 3477 1520 3576 tuissct3
1558 3475 1671 3588 prius

257 3615 363 3702 enim
402 3616 479 3715 sub
516 3601 799 3728 generalitatis
838 3613 1005 3700 nonriue
1041 3609 1157 3722 quusi
1193 3610 1263 3696 uni
1293 3609 1343 3697 de
1373 3607 1513 3696 multis
1542 3605 1670 3692 dixit:

256 3747 438 3836 crudelia
466 3775 489 3834 o
513 3747 595 3855 fite,
638 3739 747 3834 nuuc
784 3775 878 3832 vero
913 3749 1126 3856 postquem
1167 3747 1233 3826 tu·
1256 3741 1469 3827 decrevisti
1508 3739 1672 3824 auditor

256 3907 342 3967 esee
370 3884 413 3966 et
440 3881 629 3966 obtulisti
657 3883 700 3965 te
728 3879 766 3964 ei
793 3878 845 3962 ud
875 3874 1174 3986 suscipiendum
1203 3874 1292 3984 ejus
1321 3873 1565 3973 doctrinam,
1608 3869 1671 3955 id·

257 4016 364 4100 eirca
393 4011 627 4124 specialiter
655 4012 732 4096 tibi
760 4013 974 4118 desumpto
1003 4006 1054 4092 de
1081 4004 1221 4090 multis
1250 4001 1377 4089 dixit:
1407 4005 1479 4090 Aa
1506 4011 1544 4088 te
1566 4028 1673 4086 amm

256 4171 387 4232 sermo
405 4171 518 4230 eneae
540 4144 746 4254 diripitur.
790 4139 905 4228 Istud
927 4137 1037 4225 enirn
1055 4135 1310 4239 adverbium,
1339 4136 1449 4247 quod
1471 4147 1534 4220 est
1552 4158 1670 4235 enarre,

258 4276 301 4362 in
331 4276 411 4364 isto
440 4277 531 4364 loeo
561 4277 740 4388 positum
770 4279 845 4377 est,
874 4271 972 4383 quia
992 4270 1053 4354 ‘ab
1082 4270 1179 4356 hine
1208 4266 1344 4381 eoepit
1373 4268 1532 4355 docere.

371 4407 496 4508 Nune
526 4408 745 4494 ridendum
775 4413 862 4512 est,
904 4392 986 4516 qua
1025 4401 1184 4490 ratione
1220 4401 1321 4486 dicit
1358 4401 1399 4489 S.
1429 4400 1673 4488 Benedictus

207 4571 213 4576 ··
257 4567 369 4630 mem
410 4565 564 4642 sermo,
606 4567 698 4625 cum
730 4539 932 4626 Dominus
968 4535 1103 4622 dicat:
1151 4537 1254 4624 Meo
1293 4533 1478 4622 doctrina
1505 4560 1586 4620 reare
1613 4540 1673 4618 eet

256 4697 364 4782 inea,
408 4677 451 4758 et
489 4671 589 4756 item
618 4670 670 4756 ud
703 4667 954 4758 Ezechielem
970 4668 1004 4780 ²)
1033 4668 1277 4780 prophetem
1307 4665 1510 4770 Dominus
1540 4664 1670 4748 dicat:

259 4801 349 4889 Fili
375 4801 581 4928 immiteis!
605 4801 893 4912 speculatorem
920 4807 958 4888 tc
984 4801 1081 4890 dedi
1107 4799 1245 4890 domui
1265 4797 1423 4903 turneb·
1449 4797 1594 4882 audies
1620 4824 1672 4881 ea
1772 4852 1777 4864 -
1832 4844 1834 4848 ·

200 5119 213 5200 ⁸·
346 5091 374 5182 ¹)
398 5086 588 5176 leniendi),
610 5091 649 5184 t.¹

346 5207 374 5294 t)
396 5219 426 5271 c.
450 5197 540 5272 8.·ι.
568 5200 618 5273 m.
666 5205 672 5216 '
