3968 5774
831 247 919 338 Cup.
940 243 1050 324 XXV.

364 559 367 567 .
799 466 899 574 Cap
933 465 1081 554 XXV.
1417 587 1419 592 ,

359 722 364 733 .
527 667 675 764 ¹on
703 667 1056 782 onnvronmus
1086 664 1281 748 omns.
1486 617 1489 624 ’

347 861 398 948 Is
425 867 556 946 antem
581 857 729 964 frater,
756 857 827 966 qni
838 859 1043 965 praetoris
1063 855 1207 964 cnlpae
1227 885 1336 943 nora
1359 866 1525 964 tenetur,
1553 889 1643 949 eres.

112 1097 115 1103 Ι
227 992 436 1098 pendatur
462 987 584 1076 aaran
611 1019 639 1074 o
665 1015 808 1072 mercen
834 995 872 1072 et
898 987 951 1070 ab
978 993 1167 1074 oratorio.
1224 987 1377 1074 Nullus
1404 992 1442 1074 ci
1466 994 1643 1096 lratrnm

233 1125 277 1204 in
306 1120 390 1205 ullo
408 1105 610 1228 jrrrrpatur
636 1119 836 1200 coruscatio
871 1143 993 1223 rrcqnc
1025 1120 1071 1200 in
1086 1117 1310 1224 ,colloquio3
1350 1120 1462 1205 solus
1499 1124 1553 1205 sit
1577 1125 1644 1208 ad

92 1325 95 1330 .
232 1278 333 1358 opus
360 1251 442 1334 sili
467 1251 702 1356 inpendunt,
727 1249 953 1354 persistens
979 1249 1024 1330 in
1047 1232 1316 1354 poenitentiae
1343 1249 1464 1343 irrctn.
1520 1253 1642 1340 Nora

233 1385 260 1468 i.
290 1404 345 1468 e.'
365 1383 529 1466 mortali
557 1381 709 1464 ‹lelicto
745 1392 789 1464 et
825 1380 1039 1464 criminali·
1057 1391 1225 1490 peccato
1254 1388 1430 1472 tenetur.
1490 1383 1538 1468 lu
1568 1386 1652 1472 lnoc-
1710 1385 1718 1402 '

233 1518 325 1599 loco
353 1513 593 1598 intuendum
622 1522 696 1616 est,
726 1515 819 1624 quia
844 1496 929 1596 lroo
956 1513 1181 1622 capitulum
1210 1517 1425 1622 genueravit
1454 1517 1525 1599 illa
1552 1547 1643 1601 seo·

232 1647 363 1730 tentia
385 1645 499 1729 Pauli
528 1645 718 1751 apostoli,
746 1646 790 1760 in
818 1673 900 1753 qna
929 1645 1048 1728 dicit:
1080 1641 1247 1727 Tradite
1266 1646 1500 1752 lercjrrsrnodi
1517 1648 1644 1730 learni-

145 1774 149 1782 ’
232 1806 322 1862 nem
350 1783 521 1861 sutrinae
547 1774 592 1854 in
621 1773 823 1856 iudcritmn
852 1781 1003 1856 carior.
1049 1771 1149 1854 lude
1168 1775 1290 1856 etium
1320 1777 1422 1858 sacri
1452 1805 1641 1877 canones,
1757 1816 1760 1824 ’

233 1911 302 2018 qui
333 1907 538 1991 hominem
566 1904 620 1986 nb
649 1903 817 1985 ecclesia
844 1909 1050 2011 separant,
1081 1905 1202 1986 tracti
1224 1912 1335 1988 snut.
1382 1905 1427 1988 lu
1454 1907 1640 1990 hocloco
1838 2000 1846 2011 γ,

104 2097 114 2130 -,
233 2037 474 2120 intuendum
504 2041 589 2132 est,
617 2035 734 2142 qnia,
763 2035 870 2116 sicut
897 2035 1102 2142 sopientes
1132 2033 1395 2142 intelligunt,
1438 2040 1642 2146 perceptio
1675 2027 1679 2038 ’
1741 2099 1744 2104 ·
1837 2042 1846 2119 .’

233 2169 314 2250 cibi
343 2168 405 2248 vel
436 2171 557 2274 potus
585 2175 683 2246 ante
712 2163 853 2248 horum
884 2165 1096 2247 crinrirmle
1126 2177 1337 2272 peccatum
1362 2175 1437 2254 est.
1495 2167 1571 2249 Sed
1600 2169 1642 2250 iu
1709 2183 1711 2186 ’
1840 2156 1842 2159 ’

234 2297 314 2380 isto
343 2297 435 2378 loco
463 2297 654 2378 discretio
691 2296 814 2378 debet·
841 2323 947 2389 esse:
988 2323 1023 2374 v.
1055 2322 1118 2402 gr.
1156 2297 1190 2376 si
1226 2297 1318 2406 quis
1356 2299 1486 2384 frater
1523 2327 1642 2380 urinam

234 2428 411 2536 phialam
443 2426 524 2510 vini
553 2405 628 2518 tot
653 2425 808 2537 aliquid
846 2427 962 2532 punis
998 2425 1120 2508 alicui
1157 2427 1316 2510 dederit
1351 2429 1439 2511 sine
1469 2429 1643 2527 licentia,
1677 2489 1681 2496 -

240 2561 281 2641 in
311 2556 531 2642 levioribus
559 2555 690 2664 culpis
719 2556 847 2638 teneri
877 2557 1020 2655 debet,
1062 2558 1096 2639 si
1132 2564 1269 2642 curtem
1304 2563 1436 2667 ipsam
1467 2558 1643 2668 plrialam

236 2689 321 2772 vini
352 2688 415 2771 uel
444 2688 595 2799 aliquid
627 2687 744 2795 panis
770 2688 919 2770 biberit
947 2688 1010 2789 nel
1036 2690 1344 2772 manducaverit
1361 2689 1450 2772 sine
1468 2689 1644 2788 licentia,
1726 2714 1729 2722 ’

235 2823 278 2905 in
306 2821 487 2931 graviori
516 2819 636 2928 culpa
672 2821 800 2904 teneri
831 2821 975 2920 debet,
1018 2823 1115 2929 quio
1144 2823 1276 2906 Adam
1317 2824 1367 2906 de
1406 2849 1490 2906 nrm
1526 2849 1646 2930 ponsa
1751 2889 1755 2900 .
1798 2851 1801 2858 ’

149 2935 158 2952 ’
235 2952 545 3052 nranducando,
571 2953 598 3034 i.
628 2979 664 3035 e.
693 2980 776 3034 mm
805 2953 963 3036 meliori
992 2953 1085 3036 cibo
1113 2954 1258 3054 edens,
1288 2955 1475 3064 eoquod
1504 2957 1647 3037 contm

63 3190 68 3198 Ι
236 3091 498 3196 praeceptum
531 3082 697 3168 Domini
730 3083 844 3186 l'ecit,
886 3087 1035 3168 meruit
1072 3087 1352 3194 expulsionem
1383 3085 1564 3170 Paradisi
1595 3131 1645 3147 -
1681 3141 1689 3157 ·

131 3261 132 3266 Ν
182 3301 187 3312 ,
234 3219 294 3301 ita
335 3223 494 3316 tannen,
541 3220 574 3298 si
617 3215 729 3298 illam
772 3215 951 3324 phialam
996 3216 1058 3299 sel
1101 3218 1238 3302 cibum
1281 3219 1500 3314 absconse,
1549 3218 1646 3332 ire.

236 3348 377 3432 furtim
408 3348 559 3430 biberit
589 3348 654 3431 vel
683 3349 1002 3435 urranducaserit.
1059 3347 1104 3434 Si
1141 3359 1277 3432 nutem
1315 3357 1389 3432 aut
1418 3350 1649 3433 cellerarius

235 3485 309 3565 ant
336 3479 484 3588 aliquis
512 3480 571 3562 illi
609 3479 788 3580 dederit,
827 3507 912 3562 non
934 3489 1011 3596 ¹,cst
1046 3481 1091 3563 in
1119 3509 1228 3564 numa
1263 3482 1464 3564 tenendus
1500 3479 1570 3562 sed
1606 3457 1681 3560 in'

236 3611 459 3696 levioribus
489 3609 632 3718 culpis.
675 3607 1015 3718 Grauioriculpn
1042 3613 1175 3694 teucri
1205 3612 1341 3712 (lebet,
1369 3613 1439 3721 qni
1469 3615 1649 3721 quiocun·
1726 3699 1733 3715 ‚
1824 3636 1836 3665 ··

215 3737 317 3852 ¹que
336 3751 340 3788 ·'
359 3741 479 3823 niodo
521 3739 834 3823 fornicationem
878 3741 1045 3841 lecerit,
1094 3748 1266 3850 excepto
1306 3741 1565 3825 solummodo
1604 3742 1648 3822 in

236 3873 401 3958 soranis.
459 3872 500 3952 Si
533 3869 713 3953 fratcre
740 3870 887 3978 quinto
916 3870 1073 3955 decimo
1101 3901 1213 3956 anno
1249 3871 1523 3982 adprehendit
1558 3859 1649 3981 par·
1731 3961 1737 3976 ,

238 4003 377 4087 nulum
408 4007 450 4086 et
479 4001 579 4086 tacit
605 4028 698 4085 cnm
727 4000 800 4085 illo
818 3999 1036 4085 'inluntnlo
1066 4003 1392 4106 fornicationem,
1421 4003 1492 4087 ille
1516 4005 1650 4086 inlan-

238 4137 348 4218 tulus
388 4129 516 4246 virgis
550 4133 784 4242 flagelletur
824 4146 868 4217 et
905 4139 1131 4243 castigetur
1168 4165 1244 4244 pro
1282 4137 1374 4224 hoc.
1433 4135 1592 4219 Deinde
1617 4133 1672 4216 si.
1819 4158 1827 4173 ·

238 4269 331 4352 talis
360 4269 446 4378 ejus
476 4268 600 4352 fuerit
629 4267 714 4350 nita
742 4269 852 4350 burra
881 4267 1127 4376 etamplius
1155 4267 1241 4378 ipse
1269 4268 1312 4350 in
1336 4268 1416 4352 hoc
1441 4273 1672 4375 peccantum

133 4402 137 4411 '
238 4431 321 4487 uon
350 4401 553 4504 inciderit,
584 4402 722 4510 potest
745 4399 956 4482 venire‘cd
977 4399 1284 4508 presbyteratus
1301 4400 1516 4486 honorem.
1561 4395 1652 4508 lpse

237 4541 387 4636 antem,
416 4533 487 4644 qni
508 4533 594 4646 jam
619 4532 788 4646 gmodis
816 4537 892 4634 est,
920 4533 953 4616 si
976 4533 1099 4614 semel
1119 4529 1197 4615 hoc
1223 4559 1299 4640 pro
1316 4533 1515 4618 ebrietate
1534 4531 1650 4629 viecit,
1784 4573 1788 4580 ·

238 4668 279 4752 in
311 4668 452 4753 leviori
481 4667 602 4778 culpa
630 4665 1027 4767 excommunicatum
1068 4663 1102 4748 si
1139 4671 1277 4749 antam
1316 4667 1378 4750 bis
1418 4667 1481 4752 nel
1511 4673 1574 4750 ter
1610 4662 1651 4745 in

240 4799 317 4884 hoc
348 4809 560 4909 peccatum
590 4799 794 4899 inciderit,
827 4827 1038 4908 rrnruquam
1067 4797 1118 4882 ad
1148 4801 1456 4909 presbyteratus
1484 4796 1652 4880 accedat
1734 4845 1737 4850 ι

137 4949 161 4984 ·“
238 4933 437 5018 honorem
466 4941 508 5016 et
537 4936 726 5017 mittatur
755 4935 798 5016 in
828 4935 1006 5043 graviori
1035 4931 1179 5039 culpa;
1208 4933 1243 5016 si
1270 4939 1410 5016 aulem
1433 4933 1519 5038 jam
1545 4953 1654 5038 pres·

240 5065 359 5176 byter
389 5065 582 5148 estetsi
611 5063 803 5147 inciderit
832 5065 873 5147 in
903 5063 981 5145 lroc
1010 5069 1224 5170 peccatum
1252 5063 1377 5146 semel
1405 5071 1449 5146 et
1479 5059 1651 5143 fortuito

241 5203 284 5280 ct
310 5223 386 5307 pro
415 5195 640 5300 ebrietate,
669 5224 752 5280 non
781 5196 825 5280 iu
854 5194 971 5306 gravi
1000 5195 1122 5306 culpa
1150 5194 1549 5296 excommunicetur,
1583 5187 1653 5274 sed
