3968 5774
805 296 892 454 aas.
916 359 1076 436 xxxnr.
1388 323 1398 358 '
1558 307 1638 453 aar

236 592 370 704 potest
404 582 608 682 iuvenire,
649 582 716 666 ine
743 580 854 665 solus
882 589 982 692 agat
1010 582 1110 668 iilud
1140 582 1423 696 nriuisterium.
1479 581 1535 666 Et
1563 583 1641 667 boc

236 719 457 808 uotaaelura
502 723 583 797 est:
605 713 718 823 vquin
757 711 924 796 iuferius
964 715 1145 798 dicturus
1185 719 1265 798 est:
1307 714 1475 822 Siquis
1507 717 1661 822 [iuter

232 851 396 958 tinuerit
431 845 491 954 rel
523 845 770 950 perdiderit,
800 845 910 930 debet
947 851 1103 930 verriana
1135 845 1488 952 pastinare,·ideo
1531 873 1640 930 rasurae

191 1011 192 1015 ‘
236 985 335 1067 dicit
365 982 528 1062 brevem
553 977 697 1079 iacere,
729 976 827 1059 atsi
852 975 1025 1062 forsitan
1046 978 1225 1064 noluerit
1247 979 1507 1063 rraaaaiiestare
1527 979 1643 1063 deau-
1772 1077 1775 1086 .
1814 1032 1818 1040 .

237 1142 345 1212 racana,
375 1117 647 1218 cognoscatur
676 1137 749 1218 per
780 1110 955 1194 brevem.
1016 1107 1190 1192 Sordide
1219 1115 1354 1194 anteat
1386 1110 1437 1192 ad
1466 1109 1666 1194 immun·
1712 1093 1715 1100 ⁴

236 1246 388 1342 dinuo,
429 1237 672 1349 reeyiiyenter
700 1239 810 1322 ernian
843 1241 994 1324 attinet
1020 1241 1071 1324 atl
1103 1243 1321 1326 fracturam
1350 1248 1394 1326 et
1421 1240 1656 1330 sorditiam„
1795 1233 1796 1238 Ν
1911 1241 1913 1244 ’

238 1370 492 1478 Discipliuae
520 1368 700 1476 recautari
725 1372 930 1473 ,sreiunceot
958 1371 1117 1456 ‹irrobus
1144 1371 1274 1456 modis
1298 1371 1419 1457 debet
1442 1369 1642 1479 intelligo

237 1533 317 1590 uuo
347 1503 491 1586 urotlo:
521 1499 556 1584 si
585 1501 767 1610 fregerit,
798 1502 922 1584 debet
950 1504 1305 1615 excurrununicari,
1335 1501 1441 1586 sicut
1460 1501 1500 1583 in
1520 1501 1644 1587 tertio
1802 1583 1806 1591 ,

238 1635 356 1721 teredo
373 1634 489 1733 dicia
518 1633 551 1716 si
578 1661 784 1717 veronen
816 1635 965 1717 taraurde
995 1643 1038 1716 et
1065 1661 1147 1716 non
1178 1639 1287 1716 recte
1317 1640 1443 1744 atque
1463 1631 1644 1717 studiose

236 1765 490 1866 tractaverit,
532 1794 636 1876 qaae
652 1765 683 1874 ¹)
714 1792 795 1847 nou
826 1769 888 1846 est
915 1765 965 1848 od
996 1763 1239 1866 structuram,
1268 1763 1337 1847 sed
1375 1763 1426 1847 ad
1469 1763 1645 1847 irremun-

236 1895 392 1993 ditiarn,
422 1893 546 1978 debet
575 1891 696 1978 etinnr
731 1923 801 2003 ruer
829 1923 898 1977 sex
929 1894 1079 2004 gradus
1109 1895 1214 1983 auci.

756 2113 855 2219 Uarr.
889 2111 1122 2200 XXXIII.

290 2297 332 2370 ut
364 2295 488 2386 onln
520 2296 724 2374 latebant*
755 2295 1039 2373 MONAOHUS
1073 2295 1334 2372 rnorrnnu
1368 2297 1588 2376 nnrrnna.

346 2441 517 2526 Rectum
550 2441 731 2526 ordinem
764 2441 900 2524 tenuit
923 2440 961 2522 in
983 2439 1060 2524 boc
1084 2441 1176 2525 loco
1201 2442 1241 2525 S.
1262 2442 1521 2543 Benedictus,
1552 2471 1643 2525 curu
1736 2461 1737 2464 ‘

236 2579 450 2681 postquam
481 2573 596 2677 dixit,
628 2579 675 2656 ut
703 2571 937 2656 cellararius
967 2573 1106 2654 ornuia
1137 2600 1230 2654 rasa
1258 2573 1491 2657 ruorrasterii
1521 2602 1644 2658 cune-

237 2710 399 2812 tarnquc
428 2704 696 2788 substantiam
734 2731 780 2786 ac
817 2703 849 2784 si
887 2703 1027 2785 atteris
1066 2731 1159 2787 rasa
1196 2707 1428 2814 conspicere
1466 2707 1644 2807 deberet,
1691 2775 1694 2783 .

117 2822 120 2832 ’
194 2871 196 2880 ·
236 2841 276 2912 ut
304 2833 516 2940 sarlrjunxit
543 2863 616 2918 suo
646 2833 790 2917 uanae
819 2835 869 2914 ele
899 2835 1155 2918 ierrruuentis
1182 2834 1240 2917 rei
1264 2836 1382 2918 rebus
1407 2839 1644 2940 ruorurstcrii

239 2965 397 3045 brevenr
438 2993 524 3046 esse
565 2964 795 3048 faciendum
837 2966 880 3046 et
916 2963 1138 3073 diiigenter
1179 2994 1264 3050 esse
1301 2967 1534 3067 tractanda,
1566 2970 1643 3076 [et]

236 3095 448 3201 subinnuit
474 3095 638 3179 statiua:
670 3093 837 3200 Siquid
860 3093 997 3176 ‹lebeat
1018 3095 1233 3180 rrrorrncbus
1255 3098 1468 3202 proprium
1488 3098 1645 3199 babere,

236 3223 262 3307 i.
291 3255 325 3312 e.
366 3254 415 3308 ue
452 3226 598 3336 aliquis
640 3225 739 3310 velit
774 3252 817 3306 se
845 3224 1082 3309 subtrahere
1118 3234 1192 3310 aut
1225 3227 1385 3313 auferre
1408 3260 1456 3312 se
1493 3231 1547 3314 ab
1575 3233 1646 3316 ilia

236 3355 516 3464 gerrcralitatc.
562 3354 659 3438 loeo
688 3362 843 3439 rectura
875 3357 964 3459 l'uit,
995 3360 1211 3441 utstatim
1242 3357 1405 3462 eliceret,
1436 3369 1484 3445 ut
1508 3362 1644 3446 uultus

236 3487 403 3568 auderet
419 3483 631 3597 ‚poprium
659 3483 820 3588 babere,
850 3485 918 3570 sed
940 3485 1078 3573 omnnia
1099 3487 1182 3569 sint
1205 3489 1449 3578 communia.
1494 3491 1645 3578 ltcddit

237 3645 408 3718 eausam,
438 3645 575 3729 quare,
606 3645 699 3700 curn
723 3616 841 3701 dicit:
872 3618 1015 3725 ortibus
1042 3645 1112 3702 uec
1129 3643 1301 3726 cornero
1328 3647 1399 3706 uec
1426 3621 1645 3708 aeternitates
1701 3719 1722 3736 ,Ι

236 3745 324 3832 iicet
350 3747 495 3832 babere
524 3749 565 3832 iu
588 3747 760 3854 propriu
780 3747 979 3832 veteratutc
996 3797 1044 3812 -
1060 3777 1107 3833 ac
1132 3751 1165 3834 si
1190 3749 1344 3834 diceret
1372 3753 1462 3839 aliis
1491 3757 1644 3841 verbis:
1754 3859 1759 3872 ι

236 3909 330 3964 nana
359 3881 392 3964 si
421 3910 596 3991 corpora
630 3888 674 3966 et
704 3880 959 3966 voluntatem
989 3881 1031 3963 ia
1061 3880 1224 3992 propria
1257 3909 1341 3966 aon
1370 3883 1466 3968 licet
1495 3883 1645 3970 babere
1754 3976 1759 3989 ,

175 4079 178 4088 Δ
235 4017 450 4122 potestate,
481 4014 611 4099 nrnlto
642 4012 775 4100 nrinus
803 4011 956 4122 aliquid
987 4013 1045 4096 rei
1070 4012 1220 4100 babere
1245 4015 1453 4130 proprium
1482 4015 1643 4120 debeat,
1681 4072 1682 4076 κ
1762 4117 1766 4123 .

236 4144 342 4252 quod
373 4150 489 4230 extra
519 4173 664 4256 corpus
693 4152 765 4230 est.
824 4143 1107 4245 Quadrantem
1138 4146 1260 4231 dicit:
1290 4173 1369 4230 uon
1399 4145 1516 4230 liceat
1544 4149 1644 4230 dure
1681 4233 1683 4239 ,

234 4274 294 4356 rel
317 4277 497 4384 accipere
524 4276 612 4360 sine
630 4275 817 4382 jussione
835 4276 1006 4378 obbatis,
1037 4305 1120 4362 nou
1140 4277 1192 4362 ad
1218 4275 1458 4390 praestitura
1481 4275 1643 4398 attinet,

235 4407 304 4492 acal
344 4407 395 4492 ad
441 4408 651 4518 proprium
691 4407 1000 4518 possidendum
1047 4438 1140 4496 aaut
1185 4391 1281 4494 iicet
1322 4408 1400 4492 sibi
1443 4417 1645 4519 praestare

236 4536 406 4624 intricant
436 4567 533 4622 acus
564 4537 626 4622 rel
655 4537 864 4624 cultellum
894 4545 967 4624 aut
989 4540 1150 4626 tabulas
1177 4547 1251 4626 aut
1272 4539 1427 4650 aliquid
1454 4539 1535 4625 tale
1558 4538 1645 4622 siue
1712 4595 1722 4608 «

229 4665 424 4777 jussione,
454 4669 550 4778 quia
577 4667 725 4754 caritas
754 4676 828 4772 est,
862 4677 904 4752 et
932 4670 1019 4781 ejus
1047 4670 1225 4756 intentio
1247 4699 1332 4755 uon
1356 4668 1444 4770 fuit,
1477 4675 1524 4776 ut
1539 4670 1644 4754 cari·
1664 4677 1693 4734 -“

236 4807 299 4883 tus
337 4800 554 4901 evellatur,
575 4801 656 4886 ¹sed
690 4802 842 4910 nugis,
872 4805 918 4885 ut
956 4787 1252 4912 corrfiruietur,)
1272 4799 1312 4888 b.
1350 4829 1385 4886 e.
1426 4805 1472 4882 ut
1508 4799 1644 4884 nullan

235 4931 444 5041 propriant
483 4929 656 5033 babeat,
686 4958 735 5017 eo
764 4930 874 5041 quod
898 4929 984 5041 jaun
1015 4957 1099 5015 nou
1129 4937 1192 5016 eat
1219 4929 1391 5030 caritas,⁸
1418 4928 1452 5013 si
1489 4927 1645 5040 aliquid

237 5061 324 5146 ruit
356 5089 461 5148 urana
499 5059 671 5162 trabere,
701 5061 810 5172 quod
849 5089 933 5147 non
974 5061 1085 5163 vult,
1115 5067 1161 5146 ut
1199 5057 1303 5146 alius
1344 5057 1493 5144 lrabeat
1528 5057 1644 5144 iilud.
1763 5177 1766 5196 Ι

240 5237 502 5256 m

323 5328 352 5415 n
373 5325 468 5442 aa
489 5323 543 5414 n·
616 5269 618 5274 ’

1377 5435 1456 5520 25*
