3934 5762
851 217 1033 308 Prologus.
1608 223 1662 304 37

254 441 402 524 rnrdunr
436 464 516 520 non
549 437 687 542 potest
715 437 793 522 diai
825 437 955 536 dolus,
986 465 1035 520 ea
1063 437 1171 544 rprod
1196 444 1259 521 est
1287 443 1329 546 ut
1356 437 1466 520 nlirrd
1499 437 1664 536 rnalrun,

251 573 416 658 lroeast
444 567 692 654 adulterium
736 574 778 652 ut
819 573 966 654 autera.
1028 569 1151 652 llolus
1195 571 1302 652 enirn
1346 569 1504 651 rlrrulrus
1533 568 1663 652 nunlis

250 700 409 802 dieitur,
441 728 523 784 uno
554 700 662 782 enirn
691 699 822 783 ruodo.
854 699 960 783 siant
983 699 1221 810 hypocritae
1253 701 1428 796 liuinnt3
1459 701 1657 786 illi'aninr

249 833 358 920 aliud
390 832 666 941 praetendunt
695 832 945 916 extrinsecus
975 838 1017 914 et
1044 831 1155 916 aliud
1186 835 1285 916 sunt
1314 832 1579 930 intrinsecas,
1620 831 1660 915 id

248 973 321 1062 est,
350 962 564 1047 rrrnnifeste
582 963 740 1046 friaiunt
763 991 888 1074 opera
913 963 1034 1046 boun.
1061 963 1331 1047 occultavero
1352 963 1472 1050 mala.
1518 951 1660 1048 Altero
1702 1057 1705 1064 ¹

248 1096 411 1206 quidenr
442 1095 563 1180 modo
594 1093 710 1178 dolus
735 1094 820 1178 sive
843 1095 953 1178 fraus
978 1092 1140 1197 dieitur,
1171 1122 1262 1177 earn
1287 1095 1378 1204 quis
1398 1095 1509 1178 alind
1536 1095 1659 1178 habet

246 1229 287 1312 in
310 1227 432 1311 eorde
457 1232 499 1310 ot
520 1224 630 1310 alind
662 1225 844 1336 loquitur
865 1253 947 1310 ore.
994 1221 1100 1308 Noni
1126 1254 1207 1309 uon
1234 1227 1354 1310 arrius
1379 1235 1477 1310 sant
1502 1253 1659 1334 poenae

246 1358 382 1466 «lipsii,
413 1355 482 1466 qui
513 1357 662 1441 nralnrn
694 1354 936 1467 simpliciter
965 1356 1055 1466 ugit
1085 1363 1127 1439 el
1155 1355 1244 1456 ille,
1276 1360 1345 1466 qui
1375 1359 1586 1442 sinrnlute.
1617 1357 1657 1438 id

245 1499 305 1573 ast
327 1487 486 1572 callide.
544 1486 638 1570 Sira
662 1487 802 1574 aliter:
833 1487 949 1571 dolus
973 1487 1205 1571 astruentis
1230 1488 1443 1590 calliditas,
1466 1507 1523 1572 'eo
1547 1488 1656 1598 qnod

244 1619 429 1714 dulrulatz
460 1617 570 1702 aliud
600 1617 707 1703 enirn
738 1619 827 1725 agit
855 1625 898 1701 et
922 1617 1033 1702 alind
1061 1617 1302 1705 dissimulat.
1361 1618 1415 1702 aa
1440 1619 1654 1728 qnod'nun

243 1753 324 1835 sint
363 1749 484 1834 unius
514 1778 669 1860 poenae
710 1749 826 1862 digni
857 1749 921 1833 rel
959 1747 1224 1860 perditionis,
1266 1750 1501 1834 manifestat
1539 1749 1654 1850 illud,

243 1883 350 1992 quod
375 1885 416 1966 iu
441 1881 547 1966 libro
572 1879 681 1964 uati
697 1879 779 1966 Job
802 1882 973 1982 uicino-3
1003 1881 1156 1992 legitur
1178 1881 1285 1963 errirn
1314 1880 1485 1966 ibidenr:
1517 1879 1655 1966 Siaru-

244 2012 391 2100 luloras
418 2021 456 2101 at
484 2011 625 2098 cuttidi
646 2019 869 2120 provocant
896 2013 1001 2096 irnrn.
1024 2013 1118 2097 Dei.
1176 2013 1253 2112 Qui
1278 2013 1386 2095 enirn
1416 2013 1655 2124 simpliciter

244 2147 392 2228 nndurn
433 2147 543 2256 agit,
586 2149 765 2228 rueretur
803 2144 904 2228 irnrn
938 2145 1035 2243 Dei,
1074 2173 1166 2227 urrini
1213 2144 1282 2252 rpri
1322 2145 1457 2228 callidi
1488 2150 1654 2227 suntet

241 2273 509 2379 sirnulatoras',
549 2277 618 2362 isti
647 2306 729 2360 aon
760 2277 891 2360 solunr
922 2283 1130 2360 urerentur
1159 2276 1259 2359 iranr
1295 2275 1389 2378 liei,
1429 2276 1496 2358 sed
1528 2273 1651 2360 etiarn

241 2417 468 2517 provocant
497 2409 599 2493 iram
617 2409 705 2492 Dei.
763 2407 843 2492 Sed
873 2409 983 2492 uliud
1013 2414 1076 2492 est
1098 2408 1254 2513 urereri,
1283 2407 1393 2491 aliud
1416 2435 1650 2515 provocare.
1778 2464 1784 2480 ·

243 2539 351 2623 llane
381 2567 503 2649 ergo,
544 2568 638 2625 erun
680 2540 785 2623 dixit
813 2539 1068 2624 simulatores
1106 2539 1319 2648 subjunxit
1355 2536 1513 2642 collidi,
1554 2537 1648 2645 quia
1749 2601 1754 2611 .

241 2699 320 2754 rien
353 2676 524 2780 possunt
552 2672 812 2757 simulatores
839 2671 926 2755 sine
957 2668 1181 2755 calliditate
1210 2695 1342 2764 ossan

295 2790 299 2802 ¹
349 2800 559 2914 Sequitur:
591 2803 763 2891 licutino
788 2803 939 2889 arrrulo
962 2803 1257 2907 atlrrcdouran.
1316 2799 1519 2913 Egregius
1536 2797 1645 2882 enirn
1724 2832 1726 2837 ·
1768 2795 1771 2800 ’

239 2935 337 3019 ordo
366 2941 439 3034 est,
470 2936 582 3044 prins
604 2938 711 3022 nrula
735 2938 888 3022 destrui
909 2945 951 3020 ot
972 2944 1064 3048 post
1080 2935 1234 3019 bonrnn
1252 2933 1361 3019 buna
1383 2932 1599 3017 aedificari.
1615 2931 1643 3043 ¹)
1707 2947 1708 2952 '

238 3067 468 3150 Sacnrrdnnr
510 3065 619 3152 lurne
659 3068 840 3154 urdiuern
880 3069 1003 3153 etiam
1046 3067 1247 3152 Dourirnrs
1290 3043 1451 3150 lo'utns
1492 3071 1554 3150 est
1593 3065 1645 3148 ad

237 3197 454 3282 ‚torenriuur
487 3198 643 3282 dicens:
686 3197 791 3283 liora
818 3202 943 3306 posui
973 3207 1029 3300 la,
1061 3205 1103 3281 ut
1131 3197 1278 3283 erudias
1311 3095 1354 3282 ei
1385 3201 1572 3283 destruas
1609 3204 1646 3279 rt

236 3329 410 3434 dissipes
447 3337 482 3412 at
510 3327 740 3433 disperdas,
781 3334 823 3414 et
851 3331 1083 3441 subjunxit:
1123 3339 1160 3416 al
1197 3330 1385 3436 ‹raditiras
1413 3337 1448 3412 ot
1469 3321 1643 3433 plantas}

237 3458 341 3544 lleau
369 3461 410 3544 in
442 3460 520 3546 lroe
561 3459 650 3544 loeo
692 3459 783 3542 ideo
819 3461 924 3545 dixit
962 3469 1135 3571 quintuor
1175 3460 1283 3544 naula
1319 3465 1362 3542 et
1400 3461 1482 3542 dno
1523 3458 1642 3559 bonu,

177 3659 200 3712 ·.
235 3591 328 3698 quia
357 3591 448 3700 plus
478 3597 575 3676 sunt
611 3591 719 3676 aiala
748 3605 881 3702 ‘quarn
920 3593 1038 3676 burin.
1097 3592 1295 3676 Similiter
1323 3592 1448 3675 etiann
1477 3589 1641 3674 Sion-ou

171 3749 174 3754 ·
235 3721 283 3803 da
316 3721 493 3807 llourinu
523 3723 641 3807 dicit:
690 3721 789 3808 Ecca
818 3725 976 3828 positus
1005 3729 1062 3808 est
1090 3722 1155 3807 dio
1181 3725 1225 3806 in
1253 3723 1416 3807 ruinuna
1445 3730 1481 3806 rt
1508 3722 1549 3804 in
1580 3749 1642 3806 ra·

232 3856 514 3938 seuaactioueua
545 3855 759 3938 rrrrdlorunr
789 3853 829 3937 in
860 3853 1007 3942 lsrual.
1066 3853 1237 3940 Necnon
1265 3855 1312 3942 B.
1333 3854 1513 3938 Jacobns
1542 3883 1642 3962 apo·
1709 3887 1711 3892 ¹

232 3985 359 4069 stolus
384 3985 505 4070 elicit:
527 3987 773 4090 Adjiriudrs
794 4013 945 4070 ouurarn
968 3987 1268 4071 irrrrnurulitiurn
1291 3991 1328 4070 rt
1348 3987 1640 4070 alranduntiunr

230 4115 429 4218 orraliliae,
471 4117 510 4199 in
547 4119 855 4202 rnuusuetudina
881 4120 1073 4222 suscipito
1110 4119 1277 4203 insinua
1314 4117 1493 4218 verduno,
1535 4117 1639 4221 prrod

212 4235 357 4348 'polest
373 4249 547 4356 saluere
573 4251 737 4334 arrianas
755 4255 923 4353 oestrus.
984 4247 1086 4334 Vide
1116 4252 1249 4350 ruodo,
1280 4251 1376 4360 qnia
1396 4247 1479 4334 'niun
1503 4254 1639 4358 potest

233 4375 384 4462 tronum
413 4381 631 4480 aedificari,
661 4383 740 4464 nisi
769 4380 882 4490 prins
911 4383 1160 4466 eradicatum
1190 4383 1314 4466 luerit
1341 4381 1507 4466 nrulunr.

284 4547 293 4588 .·
338 4511 550 4622 Sequitur:
590 4511 759 4620 Inquiro
780 4539 925 4618 pacoro
952 4521 988 4599 et
1017 4541 1179 4620 sequere
1213 4541 1314 4600 auara.
1376 4513 1509 4597 llonro
1537 4541 1634 4614 reru,

229 4669 349 4746 quum
379 4671 461 4728 non
493 4644 617 4730 lrabet
646 4675 694 4728 ex
725 4650 815 4731 toto
845 4651 887 4730 et
916 4647 1073 4758 diligit,
1113 4653 1186 4731 aut
1217 4673 1265 4728 ox
1294 4649 1411 4755 parte
1441 4645 1565 4728 habet
1595 4655 1635 4728 et
1730 4699 1736 4706 -

228 4769 375 4880 diligit,
405 4802 527 4884 quum
557 4802 638 4858 nou
669 4773 805 4876 lubet,
837 4777 1015 4886 quaerit3
1057 4806 1151 4862 nam
1182 4776 1317 4888 illam,
1357 4783 1479 4886 quarn
1509 4771 1653 4857 lrabet'

184 5002 188 5010 ,
227 4927 274 4983 ex
304 4908 407 5008 totu,
439 4931 521 4987 uun
551 4901 723 5014 quaerit.
770 4903 881 4990 Bene
910 4905 1020 4992 errinr
1049 4907 1174 5042 dixit:
1214 4905 1384 5011 Iraquire
1404 4929 1562 5009 parua,
1592 4911 1634 4987 et

227 5095 315 5108 ⁸⁸*
325 5097 488 5110 m*

314 5193 341 5278 ¹)
363 5195 398 5266 st
422 5190 647 5285 postmodum
670 5193 765 5265 bona
786 5171 967 5264 aedificari
990 5193 1051 5282 (t).
