4334 5750
260 359 280 410 ·.
402 329 482 416 m
1031 323 1204 420 ocu·
1324 331 1327 338 ·

363 655 367 664 ι
401 554 449 634 nt
478 549 594 636 irasci
615 535 1072 652 determinemus
1095 547 1359 652 manifestere
1378 547 1608 658 veritatem,
1634 577 1684 636 eo
1699 553 1808 664 quod

399 681 525 768 debet
551 681 761 769 dimittere
786 681 1123 770 incertitudinem
1149 687 1194 768 et
1219 679 1693 786 tenere'certitudinem,
1719 683 1748 774 i.
1775 714 1810 776 e.

401 812 537 902 dicere
564 816 794 918 vamtatem,
830 815 930 928 quia
956 821 1092 902 certm
1119 822 1196 918 est,
1231 813 1380 900 falsum
1408 841 1507 919 erse,
1543 813 1655 926 quod
1680 817 1817 920 cudit,-

401 953 444 1033 et
472 927 680 1034 dimittere
715 947 1071 1053 incertitudinem,
1106 949 1203 1060 quia
1229 947 1409 1034 incertus
1436 954 1519 1052 est,
1546 952 1684 1033 utrum
1712 947 1812 1036 iras·

401 1088 520 1166 cutnr
546 1081 673 1166 irater
700 1109 853 1170 aunon.
910 1083 1064 1183 Quodsi
1092 1087 1230 1168 certus
1257 1078 1396 1180 inerit,
1424 1081 1524 1191 quio
1542 1080 1661 1166 irasci
1689 1081 1811 1168 debet

403 1215 550 1318 linter,
592 1214 628 1298 si
664 1215 875 1301 veritatem
913 1197 1084 1319 dixerit,
1127 1213 1250 1299 debet
1280 1212 1416 1298 cidere
1442 1213 1736 1324 congruentius
1770 1225 1813 1302 ct

401 1347 724 1448 contrarietates,
752 1349 779 1432 i.
798 1377 835 1438 e.
853 1353 1011 1460 quanta
1034 1347 1145 1432 bona
1165 1345 1263 1430 inde
1284 1342 1399 1444 fient,
1430 1345 1494 1429 rel
1521 1353 1679 1454 quanta
1706 1349 1812 1434 mnia
1972 1453 1974 1458 ,

404 1485 573 1588 propter
600 1478 835 1564 scandulum
871 1481 1010 1564 fratris
1043 1475 1282 1591 generanda
1316 1485 1437 1573 suntr
1476 1469 1510 1560 sl
1541 1478 1633 1584 plus
1659 1477 1812 1566 luerint

402 1610 698 1719 congruitates,
727 1609 761 1693 si
791 1608 954 1712 dixerit,
983 1611 1108 1694 debet
1134 1607 1290 1702 dicerez
1318 1609 1353 1690 si
1378 1613 1515 1691 curtem
1546 1607 1637 1716 plus
1660 1608 1813 1694 luxerint

281 1779 284 1786 ¹
403 1741 735 1842 contrarietates,
777 1741 898 1826 debet
934 1749 1070 1826 tacere
1106 1737 1315 1849 usquead
1345 1743 1532 1849 tempusr
1576 1747 1676 1825 tnnc
1702 1743 1811 1825 enim

405 1871 549 1956 fabum
585 1873 866 1957 testimonium
903 1872 1027 1977 dicis,
1066 1900 1160 1957 cnm
1199 1899 1283 1957 non
1321 1871 1454 1956 solum
1491 1871 1593 1956 illud
1623 1873 1812 1986 loqueris,

404 2003 474 2087 scd
504 2003 629 2088 etium
658 2031 752 2088 cnm
780 2004 904 2106 dicis,
945 2005 1144 2090 minorem
1181 2005 1304 2090 luisse
1331 2031 1519 2105 causum,
1559 2031 1684 2112 quum
1713 2016 1813 2108 emt,

405 2143 448 2218 et
475 2135 568 2222 ideo
595 2163 689 2222 cum
712 2135 828 2239 dicis,
859 2137 902 2220 in
925 2135 1014 2220 Deo
1043 2135 1220 2246 primum
1245 2161 1388 2246 peccas
1414 2143 1458 2221 et
1482 2137 1742 2246 postmodum
1771 2139 1811 2222 in

406 2269 650 2378 proximum.
693 2266 802 2354 Nam
831 2269 866 2352 si
888 2271 1020 2354 Deum
1049 2266 1258 2352 dilexisses
1281 2273 1372 2354 toto
1393 2267 1530 2380 corde,
1557 2272 1815 2370 totaunium,

229 2413 234 2428 '
406 2405 497 2484 toto
526 2401 700 2506 virtute,
729 2413 771 2486 et
800 2399 1032 2510 proximum
1070 2408 1188 2488 tuum
1227 2403 1405 2488 sicutte
1433 2403 1591 2514 ipsum,
1631 2403 1815 2514 prolecto

227 2583 231 2590 ·
407 2562 545 2620 rerum
584 2534 740 2620 diceres
778 2541 822 2618 ct
857 2561 942 2618 uon
980 2532 1149 2633 lemnum
1193 2561 1332 2620 verum
1372 2535 1526 2620 etenim
1565 2535 1634 2620 illc
1670 2535 1813 2619 laisum

406 2665 687 2750 testimonium
717 2664 831 2768 dicit,
858 2665 929 2776 qui
958 2692 1026 2764 eu,
1055 2693 1160 2778 quse
1187 2667 1305 2752 cudit
1344 2675 1419 2754 eut
1448 2667 1561 2753 uidet
1588 2669 1816 2774 facientem,

246 2791 251 2804 ’
407 2825 491 2882 oon
521 2798 663 2882 eodem
693 2825 814 2882 senso
842 2797 1151 2908 interpretutur,
1187 2825 1271 2908 quo
1299 2799 1496 2884 dicuntur
1522 2800 1585 2884 rel
1614 2805 1815 2910 aguntur:

231 3024 236 3033 ⁴
407 2929 518 3014 uerbi
558 2929 694 3040 gratia
745 2927 850 3012 vidit
899 2928 1214 3014 manducantem
1256 2929 1425 3014 tratrem
1464 2959 1539 3040 pro
1579 2932 1817 3016 intimuitute

400 3069 482 3147 uut
510 3063 773 3160 necessitate3
802 3059 904 3144 dicit
930 3059 1052 3144 elicui
1072 3059 1210 3145 lrutri:
1238 3060 1309 3144 ille
1327 3061 1456 3146 imler
1476 3089 1559 3146 non
1579 3060 1680 3146 facit
1700 3064 1816 3163 irene,
1899 3127 1903 3134 .

406 3194 505 3303 quia
535 3189 760 3278 munducat
785 3197 884 3276 unte
912 3189 1069 3275 horum.
1114 3189 1277 3274 Falsum
1302 3193 1380 3276 iste
1400 3193 1682 3278 testimonium
1704 3193 1818 3293 dicit,

407 3323 505 3434 quio
533 3321 615 3408 ulio
642 3347 764 3406 sensu
793 3319 914 3422 dicit,
957 3348 1082 3430 quum
1119 3348 1202 3432 quo
1232 3323 1303 3408 ille
1330 3325 1565 3408 munducat.
1620 3323 1817 3410 Similiter

405 3456 458 3540 ‹le
496 3453 667 3540 caeteris
711 3452 833 3537 rebus
875 3450 1137 3563 intelligitur.
1207 3453 1276 3539 Sic
1318 3455 1443 3540 etium
1486 3455 1581 3540 falsi
1624 3456 1820 3541 dicuntur

408 3593 553 3689 testes,
594 3587 665 3698 qui
694 3590 746 3672 de
774 3583 954 3671 Domino
993 3583 1206 3670 dixeruutr
1250 3584 1333 3670 Hir
1358 3587 1490 3690 dicit,
1532 3588 1630 3694 orsio
1651 3611 1819 3692 mesum

406 3722 610 3804 ‹lrslmcrc
636 3717 825 3824 terrrplmn
852 3716 925 3802 me
962 3723 998 3800 et
1027 3717 1069 3799 in
1098 3715 1235 3802 triduo
1269 3715 1374 3801 illud
1407 3719 1689 3824 reaedificare,
1716 3716 1820 3827 orn,

410 3851 505 3935 licet
523 3879 627 3962 pene
644 3850 785 3936 eudem
806 3847 931 3934 verba
951 3843 1158 3948 dixemut,
1183 3875 1288 3958 quoe
1302 3846 1502 3934 Dominus
1521 3851 1641 3953 dixit,
1669 3855 1820 3952 terrico,

408 3983 505 4094 qoiu
532 3981 675 4068 eodem
703 4009 840 4082 sensu,
868 4007 951 4090 quo
981 3976 1196 4084 Dominus,
1226 4007 1309 4066 nou
1338 3980 1543 4082 dixemot,
1573 3981 1665 4066 fulsi
1695 3987 1819 4065 testes

408 4147 496 4202 csse
523 4115 731 4218 dicuntur,
761 4119 804 4200 et
832 4113 930 4224 quia
959 4119 1224 4198 mntavemnt
1252 4113 1443 4210 uerbumc
1483 4114 1682 4200 Dominus
1711 4114 1820 4198 enim

409 4249 538 4334 dixit:
578 4246 728 4336 Solvite
754 4245 944 4354 templom
970 4243 1056 4349 doc,
1091 4244 1153 4329 illi
1180 4251 1319 4330 autem
1348 4246 1557 4350 dixerunt,
1595 4245 1820 4332 Dominum
1985 4269 1992 4280 ·

408 4381 584 4466 dixisse:
629 4377 803 4465 Pmmor
840 4379 1047 4464 dcstnecrc
1084 4373 1275 4482 ternplum
1314 4375 1399 4466 lroc.
1468 4377 1671 4464 Dominus
1710 4379 1820 4463 enim

409 4513 515 4596 dixit
549 4511 600 4596 dc
640 4509 796 4621 templo
835 4510 1018 4618 corporis
1045 4509 1127 4596 soi:
1168 4507 1331 4611 soluite,
1373 4509 1453 4595 lroc
1479 4516 1543 4594 est
1586 4508 1837 4599 interficitez'

409 4641 470 4726 illi
498 4647 635 4727 eutem
667 4639 970 4740 intellexeruut,
1011 4647 1105 4724 eom
1133 4637 1284 4724 dixisse
1312 4639 1364 4724 de
1393 4639 1551 4748 templo
1577 4639 1821 4724 Solomonis.

267 4829 271 4836 ·
408 4771 553 4855 'l'estes
576 4771 685 4856 enim
703 4769 934 4877 antiquitus
955 4769 1194 4880 superstites
1215 4769 1472 4870 dicebantur,
1500 4796 1550 4853 eo
1568 4769 1679 4878 quod
1702 4792 1825 4876 suuper

409 4907 564 4986 statum
601 4926 747 4986 cumae
787 4897 1121 5008 prolerelmntum
1166 4927 1276 4984 nunc
1315 4905 1435 5012 parte
1468 4899 1608 4985 oblatu
1647 4897 1847 4985 nominis·

410 5039 537 5116 testes
551 5037 762 5118 uocantur.
802 5029 1087 5116 'Pestisoutem
1100 5029 1383 5116 consideratur
1398 5031 1652 5133 conditione,
1677 5039 1823 5114 ructum

410 5173 454 5248 et
483 5166 587 5260 ritem
616 5163 866 5268 conditione,
893 5164 928 5247 si
959 5162 1074 5264 liber,
1103 5190 1185 5246 non
1215 5193 1384 5258 scrunsr
1412 5193 1508 5246 nam
1538 5191 1659 5270 serepc
1685 5190 1825 5244 servus

412 5303 523 5380 urelu
562 5296 814 5382 cluimirmntls
850 5297 1130 5379 trmlimouiom
1159 5297 1379 5406 srrlrprimit
1410 5297 1619 5394 veritatum
1664 5301 1824 5392 nulum,
