4334 5750
334 303 337 310 ⁴
447 191 581 290 1ee‘
855 183 858 192 ’
1057 149 1367 320 err-ms

442 420 541 502 sunt
565 414 662 520 ulii,
701 416 782 528 qui·
801 413 1046 528 intelligunt
1072 415 1154 500 itu:
1193 439 1329 526 nequo
1357 421 1591 527 pnmumut
1625 417 1739 504 intus
1764 451 1861 512 eon-

444 545 614 634 tendere
651 551 844 658 pmtervu
880 573 978 632 emu
1017 545 1168 632 abbate
1206 573 1283 632 suo
1319 550 1394 632 out
1431 547 1532 632 toris
1570 553 1857 640 monasterium

445 677 569 763 exire.
581 675 614 788 1)
1874 724 1879 734 ·

556 809 774 922 Sequitur:
801 805 957 916 Quodsi
971 808 1286 917 memorie,
1305 805 1495 920 reyrriuri
1512 808 1757 918 ‹iiseiptiuue
1773 819 1865 902 urt-

438 943 590 1052 jarem.
648 941 867 1052 Regulnris
894 941 1114 1052 diseipliun
1135 947 1223 1031 oste
1250 944 1284 1028 si
1308 947 1464 1030 sueretu
1485 943 1611 1028 fuerit
1633 945 1705 1028 illu
1728 944 1861 1032 defen·

447 1073 579 1160 sionis
606 1073 741 1186 eulpa,
769 1078 930 1160 secroto
956 1073 1231 1160 admonentur
1257 1072 1382 1160 semel
1410 1075 1453 1158 et
1478 1072 1659 1159 seeundo
1680 1084 1725 1160 et
1750 1077 1863 1188 reliq.

405 1270 409 1279 .
451 1233 580 1317 usque
607 1205 660 1288 od
674 1214 850 1310 ¹sextum
890 1202 1090 1314 gneum,
1129 1205 1172 1294 h.
1200 1233 1239 1297 u.
1273 1233 1404 1316 usquo
1436 1203 1489 1288 ud
1526 1205 1768 1290 orationem.
1821 1208 1866 1292 si

449 1360 548 1420 voro
588 1333 755 1446 publiea
793 1331 918 1445 eulpa
950 1336 1230 1422 contentionis
1270 1337 1420 1440 suerit,
1459 1334 1623 1446 publice
1659 1341 1866 1444 arguatur.

450 1465 508 1550 Et
535 1466 615 1550 hoo
642 1463 1052 1568 animadvertendum
1081 1470 1156 1567 est,
1185 1469 1234 1549 ut
1261 1492 1397 1550 eorum
1428 1469 1531 1574 quot
1553 1463 1750 1546 frutribus
1771 1464 1868 1548 deti·

452 1596 559 1708 quit‚
587 1622 725 1680 eorum
754 1591 907 1678 eisdem
935 1592 1135 1680 iratribus
1163 1595 1410 1693 satistuoiut3
1438 1621 1535 1678 nam
1562 1593 1727 1704 publiea
1748 1597 1869 1708 culpe

436 1731 518 1812 'est
545 1753 682 1810 eorum
719 1722 821 1808 totis
859 1723 1081 1828 frutribus,
1122 1726 1250 1813 veluti
1290 1757 1382 1814 eum
1422 1726 1558 1812 estin
1585 1724 1789 1837 capituto,
1826 1727 1868 1811 in

456 1856 686 1962 refectorio,
715 1855 760 1940 in
787 1855 970 1943 orotor'io
997 1863 1042 1943 et
1069 1857 1201 1970 reliq„
1239 1860 1311 1945 ubi
1339 1887 1481 1946 omnes
1510 1859 1672 1944 insimul
1706 1885 1871 1942 eonsue-

399 2019 424 2058 ··
454 1993 555 2078 tudo
584 1997 648 2078 est
673 1989 906 2086 eonreuire.
1804 2003 1808 2010 '

568 2124 781 2236 Sequitur:
825 2122 925 2229 Ipse
951 2127 1086 2208 toueeu
1113 2125 1242 2212 emtus
1267 2153 1355 2212 cum
1390 2126 1533 2212 timore
1561 2123 1644 2211 Dei
1670 2130 1715 2210 et'
1735 2125 1869 2210 obser·

369 2285 371 2290 ·
455 2262 614 2346 eretioue
641 2255 801 2364 reyuloe
828 2257 965 2340 euenire
981 2255 1113 2361 loeiut
1135 2259 1281 2364 sciens,
1309 2287 1354 2346 se
1375 2261 1521 2366 procul
1538 2257 1659 2344 (trebio
1677 2261 1728 2343 de
1743 2259 1870 2344 omui·

288 2375 295 2421 ²
456 2393 530 2476 buo
546 2389 722 2498 judiciis
741 2389 831 2474 suis
861 2390 1105 2496 aequissimo
1118 2387 1253 2495 judici
1278 2390 1366 2476 Deo
1387 2393 1584 2478 rotiouem
1605 2391 1870 2478 redditorum.

456 2523 563 2608 Vide
590 2522 738 2624 ruodo,
777 2549 900 2631 quum
941 2521 1113 2608 honeste
1151 2523 1262 2607 tinuit..
1322 2523 1402 2608 Ubi
1441 2524 1548 2608 euim
1587 2522 1715 2606 obbas
1750 2521 1872 2604 (lebet

391 2661 394 2672 '
451 2653 650 2767 judicare,
678 2652 795 2762 quusi
826 2652 967 2736 fraeno
995 2650 1248 2762 constringit
1275 2652 1391 2736 ittum
1421 2653 1582 2740 dieenst
1615 2655 1666 2738 de
1692 2653 1874 2737 ouruitrrs

448 2785 625 2896 judiciis
650 2783 741 2870 ruis
768 2783 966 2868 rationem
995 2781 1086 2866 Deo
1111 2783 1293 2870 reddere.

458 2945 466 2962 ·
571 2915 786 3025 Sequitur:
817 2915 866 3000 Si
890 2939 971 3020 quo
992 2939 1086 3000 uero
1105 2913 1265 2996 oriuoru
1285 2914 1445 3024 reymeriu
1463 2921 1558 3000 suut
1579 2917 1621 3000 iu
1643 2913 1876 3030 rrmrrosterii

461 3047 721 3148 utilitatibus,
761 3045 966 3128 seniorum
991 3049 1148 3127 territum
1182 3049 1320 3126 ututur
1356 3045 1534 3134 contuitio.
1592 3046 1754 3130 Minore
1782 3041 1875 3126 roro

461 3182 570 3278 sieut,
594 3204 702 3285 quse
715 3173 973 3260 solummodo
988 3172 1040 3256 ud
1056 3172 1374 3284 uuiuscujusque
1390 3175 1667 3260 obedientium
1681 3175 1875 3269 attinent,

328 3365 330 3372 ι
435 3306 588 3391 ,veluti
619 3311 683 3390 est
709 3304 942 3390 uellerarins
970 3304 1023 3388 rte
1050 3301 1224 3388 vasculis
1260 3304 1445 3388 emendis
1483 3311 1557 3390 out
1585 3305 1802 3390 vestiarius
1827 3303 1877 3385 rto

467 3435 721 3523 uestimentis
756 3437 964 3539 emendis,
1003 3443 1078 3520 aut
1114 3439 1226 3520 eerte
1266 3435 1300 3518 si
1338 3435 1434 3518 tulis
1474 3466 1624 3547 pervus
1662 3437 1778 3521 trusus
1818 3439 1880 3516 est

464 3580 609 3673 terme,
651 3569 831 3654 cambire
858 3573 1009 3680 potest.
1066 3569 1178 3652 ltuee
1207 3572 1305 3678 quiu
1331 3569 1459 3654 ubbos
1487 3577 1624 3678 potest
1650 3597 1745 3652 eum
1772 3565 1880 3651 seui·

362 3763 367 3771 -
466 3705 605 3789 oribus
644 3703 873 3788 discernere
910 3701 1359 3812 urgurueututiouibrm,
1404 3733 1509 3814 (lirae
1548 3701 1760 3824 dixisses»
1788 3699 1880 3782 ideo

470 3865 628 3922 neeesse
657 3841 836 3936 nonest,
864 3863 1029 3918 ornnem
1053 3837 1417 3944 congregationem
1443 3837 1710 3942 interrogare.
1771 3831 1881 3915 Diri·

469 3999 613 4053 riarum
642 3996 738 4052 vero
779 3972 822 4052 et
849 3967 1121 4052 humanorum
1160 3995 1296 4052 rerum
1336 3965 1551 4080 dispositio
1586 3973 1629 4050 et
1655 3963 1883 4076 separanda

469 4105 534 4184 est
560 4106 603 4191 et
624 4099 861 4209 juogouelu3
890 4098 1115 4208 separanda
1145 4097 1336 4182 videlieet
1363 4098 1582 4209 dignitate,
1610 4104 1813 4205 quotenus
1839 4095 1882 4176 iu

366 4243 369 4254 ’
471 4231 604 4341 primo
632 4229 862 4315 divinorum
890 4231 1091 4316 habentur
1119 4229 1333 4340 dispositio
1362 4230 1468 4318 loeo.
1525 4228 1705 4312 Multum
1733 4225 1884 4338 quippe

472 4365 600 4446 ‹tistut
627 4363 737 4446 inter
771 4363 927 4446 bonum
960 4361 1236 4472 appetendum
1274 4364 1316 4446 et
1352 4361 1644 4459 necessarium,
1685 4359 1795 4468 quod
1823 4361 1900 4438 est.

471 4494 737 4594 sumendum,
777 4498 820 4576 et
847 4492 902 4576 ob
939 4492 1019 4578 hoe
1051 4491 1266 4603 jungendo
1300 4497 1384 4593 est,
1422 4499 1469 4575 ut
1498 4489 1608 4574 Deus
1636 4519 1805 4602 prose,
1844 4489 1886 4568 et

321 4647 327 4660 ·
473 4626 574 4708 lruee
594 4623 837 4732 temporalia
855 4652 936 4708 nou
954 4651 1029 4735 pro
1052 4652 1095 4708 se
1116 4623 1390 4732 requiruntur,
1413 4622 1483 4706 sort
1507 4650 1583 4732 pro
1603 4621 1677 4705 illo
1692 4615 1905 4730 singulari-

449 4759 601 4852 ybouo-
626 4753 730 4838 hoec
772 4753 1016 4862 temporalia
1058 4750 1352 4865 provirleuntui
1396 4753 1459 4836 rel
1502 4753 1746 4836 imbuantur.
1824 4745 1886 4842 ttti

236 4955 240 4966 .
378 4977 382 4985 ,
476 4887 599 4989 euim,
626 4885 698 4996 qui
717 4887 768 4970 -iu
798 4887 861 4971 his
889 4914 1017 4970 uuum
1044 4885 1202 4970 faciunt
1230 4885 1367 4987 finem,
1393 4883 1422 4972 i.
1450 4912 1488 4973 e,
1517 4883 1697 4968 studium
1726 4883 1887 4964 tuntum

570 5181 596 5262 ¹)
619 5174 832 5274 cointe-tulere
854 5173 911 5261 (2³).
