4002 5792
219 127 306 274 aas
371 161 412 230 '-
602 125 604 132 ¹
729 231 758 271 „
805 175 1035 272 unuin.

124 455 128 462 -
222 401 384 488 renum
412 429 490 515 pro
517 427 650 504 caum,
667 427 762 512 .qua
789 398 991 506 demetat
1014 399 1371 502 excommunicari,
1398 381 1634 514 excoruluu·
1785 461 1788 468 ,
1858 511 1861 522 Δ

89 544 91 548 ’
223 533 384 621 nicetur
411 541 455 617 ει
479 561 556 645 pro
584 527 844 619 contumacia
870 556 947 614 sua
973 529 1137 641 publice
1160 527 1420 640 corripiatur.
1464 529 1509 618 Si
1538 561 1633 622 rero

42 683 81 760 ,’
222 670 378 776 postca,
406 692 500 750 cum
529 663 666 750 nimiis
689 661 858 772 jejuniis
883 659 1008 746 debet
1035 661 1279 772 constringi,
1307 662 1388 773 [ει]
1415 662 1475 750 ibi
1500 693 1634 776 reper-
1761 775 1764 780 Ι

221 800 289 882 tus
318 796 442 882 etiam
471 795 596 882 luerit
621 799 857 898 contumax,
886 802 931 878 et
958 796 1173 904 poenitens
1189 792 1359 906 ¹petierit
1376 797 1535 883 vcuiaru
1559 827 1635 910 pru
1706 885 1709 905 ,

69 1021 74 1030 ,
220 956 355 1032 causa,
383 959 466 1040 qua
487 927 610 1014 debet
628 927 872 1040 constringi,
900 926 1212 1040 constringatur
1239 927 1375 1014 nimiis
1396 929 1565 1040 jejuniis
1592 935 1635 1017 et
1704 911 1708 984 ἶ

220 1087 297 1170 pro
338 1062 714 1179 contemneretur
756 1059 1144 1157 excommunicetur.
1214 1059 1332 1158 Quod
1374 1061 1484 1144 euim
1535 1062 1636 1148 dicit

106 1183 137 1242 ·,
221 1191 400 1277 uindicta
438 1192 641 1298 emporuli
679 1190 885 1295 suln‘uceut
922 1192 967 1271 et
993 1188 1089 1292 rel,
1117 1189 1277 1275 duobus
1312 1190 1444 1274 modis
1480 1191 1634 1277 intulli-
1687 1178 1691 1270 l
1861 1235 1864 1240 ι

72 1373 77 1388 ·
219 1321 359 1428 gitur,¹
397 1321 427 1406 i.
456 1350 492 1410 ε.
520 1320 564 1405 iu
592 1320 729 1406 nimiis
753 1319 924 1442 jejuniis·
942 1325 1001 1405 ει
1030 1323 1075 1404 in
1104 1319 1291 1430 flagellis.
1347 1325 1408 1408 Ac
1446 1349 1520 1430 per
1557 1322 1635 1408 lruc
1803 1375 1805 1380 .

219 1480 304 1538 uou
331 1457 395 1537 εει
423 1451 489 1536 hic
528 1451 805 1550 contrarium,
850 1451 960 1560 quod
998 1450 1070 1537 hic
1107 1449 1259 1536 dicitur
1299 1455 1405 1559 qnod
1437 1455 1478 1538 ri
1501 1457 1636 1558 lucere

131 1593 133 1599 ‘
195 1583 514 1694 ,corrumpscrit
572 1580 618 1670 Si
647 1583 786 1698 fuerit·
807 1590 966 1669 secretu
991 1581 1244 1683 admonitio,
1271 1588 1315 1667 ει
1348 1583 1419 1668 ille
1456 1585 1637 1670 uoluerit
1671 1561 1678 1578 ⁸

218 1720 358 1826 petere
386 1713 561 1818 ueniam,
590 1714 770 1800 tenenda
797 1718 861 1800 εει
887 1713 1093 1800 sententia
1116 1713 1200 1817 illa,
1229 1742 1312 1825 qua
1329 1713 1448 1802 dicit:
1478 1716 1636 1826 Siquis

80 1957 83 1964 Ι
219 1847 367 1932 frater
383 1851 606 1932 contumax
648 1852 723 1931 aut
759 1845 1000 1932 inobediens
1041 1897 1087 1911 -
1127 1847 1154 1938 i.
1183 1875 1220 1936 e.
1258 1847 1481 1962 secuudum
1523 1849 1633 1934 illurn
1713 1896 1716 1902 ·
1837 1900 1840 1907 ι

30 2035 40 2087 3
119 2035 131 2067 ,-
219 1979 465 2063 seutentiam
509 1979 790 2063 admonendus
833 1993 896 2064 est
937 1979 1067 2064 irater
1107 1978 1231 2062 semel
1275 1985 1319 2063 et
1360 1981 1423 2066 bis
1461 1989 1635 2082 secrete,

220 2109 368 2194 deinde
396 2110 560 2218 publice
589 2137 673 2192 uon
702 2110 960 2221 objurgetur,
989 2111 1060 2194 sed
1084 2117 1249 2197 tautum
1277 2120 1352 2195 aut
1372 2112 1510 2196 nimiis
1527 2113 1637 2222 jeju·

98 2321 131 2354 ¹.
221 2242 299 2328 niis
329 2241 551 2353 ¹ailligatur
587 2248 663 2326 aut
700 2241 936 2325 uerberibus
971 2249 1208 2330 coerceatur
1242 2242 1466 2329 secuudum
1504 2245 1637 2355 quali·

219 2381 346 2462 tutem
368 2401 580 2487 personae.
626 2372 786 2459 Deinde
813 2373 848 2458 si
876 2373 1077 2485 imprimis
1105 2376 1270 2487 publice
1289 2382 1501 2489 correptus
1519 2377 1636 2462 uoln-

218 2512 303 2597 erit
338 2511 500 2594 reniam
538 2516 698 2620 petere,
735 2513 836 2591 tuuc
874 2508 1097 2625 secuudum
1137 2511 1262 2596 hunc·
1283 2511 1419 2596 locum
1459 2511 1638 2621 intelligi

66 2727 71 2738 ,
147 2649 159 2708 ’-
221 2642 359 2744 debet,
388 2642 432 2730 h.
453 2671 489 2726 e.
507 2647 583 2726 aut
601 2640 740 2724 nimiis
757 2624 927 2748 jejuniis
944 2640 1085 2724 statim
1108 2647 1183 2724 ant
1204 2641 1377 2752 flagellis
1396 2644 1635 2751 castigetur,

188 2775 255 2858 'ai
290 2773 387 2858 talis
433 2773 559 2857 inerit
602 2799 786 2878 pomona.
856 2771 975 2868 Quod
1015 2773 1156 2856 ειιιειιι
1196 2772 1299 2858 dicit
1345 2774 1385 2858 si
1425 2757 1651 2858 corrlnnrun

72 2909 80 2926 “
218 2905 370 3010 suerit,
397 2907 449 2988 da
482 2901 725 2988 nronusterio
762 2899 1008 3006 expellatur,
1036 2901 1079 2985 lu.
1108 2930 1145 2986 e.
1183 2905 1218 2986 εἰ
1260 2905 1355 2989 talis
1391 2905 1538 3007 iuuerit,
1566 2905 1638 3015 qui

75 3049 79 3060 '
161 3095 163 3099 -
224 3034 452 3145 regularem
483 3031 732 3132 omnimodo,
759 3031 871 3116 sicut¹
888 3031 976 3141 juin
1008 3031 1197 3135 diximus,
1226 3035 1407 3123 uoluerit
1433 3035 1637 3146 suscipere

96 3265 99 3272 ¹
221 3163 494 3276 disciplinam,
525 3161 577 3246 de
601 3161 852 3260 monasterio
878 3162 1120 3274 expellatur,
1147 3171 1192 3250 ει
1219 3165 1262 3251 ιιι
1291 3167 1370 3252 istu
1397 3167 1639 3279 expulsione
1680 3209 1685 3223 ·

49 3395 54 3408 ‚
225 3295 349 3381 debet
375 3295 536 3380 attendi
565 3321 759 3405 persons,
787 3295 895 3380 sicut
922 3322 1044 3406 saepe
1066 3295 1155 3404 jam
1183 3297 1340 3386 dictum
1370 3306 1453 3403 est,
1483 3299 1510 3383 i.
1539 3327 1576 3388 e.
1603 3298 1637 3384 si

216 3427 304 3537 jam
333 3425 503 3535 grundis
532 3428 691 3513 uenerit
719 3427 769 3510 de
797 3426 959 3530 seculn,
990 3433 1091 3511 tunc
1119 3429 1243 3514 debet
1271 3430 1441 3541 expelli;
1480 3429 1514 3512 si
1544 3456 1639 3513 vero
1715 3459 1720 3467 ·

219 3583 371 3672 paruus
402 3557 527 3673 luerit
555 3557 736 3641 nutritus
763 3557 807 3640 in
829 3559 1095 3662 monosterio,
1124 3589 1208 3644 riou
1237 3560 1361 3646 debet
1389 3560 1538 3669 expelli
1567 3544 1650 3643 sed

92 3698 94 3705 '
223 3688 330 3771 rnitti
359 3688 403 3772 iu
437 3716 661 3790 carcerem,
690 3689 788 3800 quia
817 3691 1066 3793 meliusest,
1096 3693 1214 3774 utin
1243 3694 1488 3777 carcere'sit
1515 3717 1635 3800 quam
1708 3675 1718 3702 ¹
1864 3751 1872 3762 .

65 3889 70 3901 .
221 3821 272 3904 ud
301 3821 523 3923 saeculum,
552 3819 579 3905 i.
602 3848 638 3907 ε.
668 3822 720 3904 ad
752 3825 930 3933 pejorem
961 3824 1310 3907 conversationem
1342 3803 1636 3932 radut.‡Quod

220 3953 328 4036 enirn
355 3955 388 4036 si
409 3959 554 4039 tautue
570 3952 750 4037 mulitiue
771 3951 908 4057 luerit,
930 3956 974 4038 iu
998 3980 1163 4040 carcere
1188 3954 1415 4038 mittendus
1431 3955 1487 4038 sit
1501 3955 1639 4056 irater,
1730 4059 1733 4064 ι

221 4085 459 4172 ηιιιιιίιιεειει
481 4083 523 4167 8.
544 4083 791 4168 Benedictus
818 4083 1005 4194 superius
1031 4084 1075 4168 in
1101 4086 1301 4196 vigesimo
1326 4087 1502 4196 septimo
1528 4085 1637 4194 capi·

46 4275 73 4324 ,ε
195 4217 323 4320 rulo,
355 4217 424 4298 ubi
454 4215 575 4298 dicit:
613 4215 865 4322 Muyuupcrc
891 4219 999 4300 errinr
1026 4217 1137 4302 dedet
1165 4216 1474 4301 sollicitudinem
1500 4241 1639 4323 germ

186 4331 191 4344 ¹
219 4351 348 4435 erlbac
376 4356 414 4433 ει
442 4346 552 4432 orrrui
577 4345 801 4453 sagacilate
825 4353 862 4429 er
891 4347 1096 4430 irrdnstriu
1125 4375 1281 4449 curare,
1298 4375 1360 4437 ,ue
1382 4346 1563 4450 aligerum
1590 4345 1641 4427 dc

83 4493 85 4500 ’
149 4507 150 4510 ‘
219 4481 358 4566 onibus
384 4479 463 4562 sibi
483 4477 656 4564 creditis
677 4469 840 4582 perdat.
884 4477 1093 4588 Numquid
1115 4506 1198 4562 nou
1224 4479 1369 4562 melius
1389 4487 1465 4576 est,
1494 4503 1638 4559 secuu-

76 4632 84 4648 ·
223 4613 319 4696 durn
350 4611 523 4722 saltitem
548 4606 896 4692 aniurae'uiittere
920 4607 964 4689 iu
982 4635 1199 4710 carcerem,
1228 4610 1299 4719 qui
1317 4613 1429 4692 recte
1448 4612 1492 4690 et
1514 4606 1644 4688 ratio·
1690 4597 1694 4608 '

57 4773 60 4779 ·
148 4797 151 4810 -
223 4741 418 4825 nubiliter
445 4741 500 4824 ab
528 4738 703 4822 infautia
734 4739 913 4822 nutritus
942 4742 1016 4840 est,
1046 4758 1169 4848 qrraru
1199 4747 1296 4849 post
1324 4740 1476 4823 bonam
1505 4737 1640 4821 untri-
1692 4743 1696 4750 '
1807 4725 1808 4728 Ὺ

223 4883 356 4956 turorn
400 4878 443 4956 te
482 4867 683 4982 perdere,
712 4869 819 4955 siout
858 4871 1003 4980 regula
1038 4873 1178 4974 ἐειει,
1218 4868 1465 4954 dimittendo
1507 4872 1551 4951 te
1587 4865 1641 4950 ad

46 5109 51 5120 ⁵
89 5087 94 5094 ,
221 5005 427 5092 saeculum
468 5002 548 5106 ire,
577 5008 626 5087 ut
663 5001 768 5086 male
807 4983 979 5089 virasil
1008 5005 1069 5088 Ac
1102 5029 1178 5112 per
1213 4998 1293 5084 hoo
1321 4999 1482 5114 dirutus
1509 4998 1642 5084 rnodis
1690 5059 1695 5070 ·

7 5137 8 5154 '
139 5211 142 5220 ,
224 5137 452 5224 mittendus
480 5143 542 5220 est
572 5135 796 5221 monachus
824 5135 867 5219 iu
896 5162 1120 5258 carcerem:
1150 5161 1235 5218 uuo
1254 5134 1392 5235 niodo,
1421 5129 1455 5216 si
1478 5131 1523 5216 in
1546 5157 1642 5242 gra·
