3934 5762
247 185 303 268 58
565 253 576 268 ,
874 175 1058 268 ΜΨ*
1463 209 1479 252 a

121 491 127 506 ,
249 399 489 509 conjicimus
516 423 700 484 rumores
720 396 926 482 humanos
948 425 1069 508 posse
1091 395 1288 510 intelligi,
1315 397 1414 510 quia
1430 396 1538 482 deut
1552 400 1663 484 renti

249 530 428 614 elatere
464 529 661 634 veniunt,
698 532 759 613 ita
798 528 940 614 landes
976 527 1181 614 humanae
1218 516 1280 613 illi
1315 529 1452 614 solent
1487 527 1664 635 evenire,

245 661 319 782 'qui
348 659 581 745 intentione
609 660 798 768 placendi
825 659 916 745 Deo
942 659 1098 770 aliquid
1127 687 1260 770 agere*
1278 659 1441 771 incipit.
1482 656 1573 742 Sed
1592 659 1663 746 illa

248 793 371 894 actio,
400 820 506 900 quae
533 819 674 874 amore
700 789 853 876 Christi
883 791 932 874 fit
959 797 1003 875 ct
1029 790 1239 902 incipitur,
1268 791 1332 874 his
1361 789 1664 875 tentationibus

102 1001 106 1010 ,
249 951 446 1011 concussa
474 951 558 1006 non
589 921 722 1024 cadit,
762 921 834 1006 illa
861 929 1014 1022 autem,
1050 949 1157 1033 quae
1193 921 1427 1007 intentione
1460 921 1665 1008 hnmanae

105 1131 112 1142 .
249 1056 382 1140 laudis
397 1055 563 1165 incepta
590 1061 654 1140 cst
682 1062 725 1139 et
752 1054 907 1164 agitur,
934 1081 1029 1136 cum
1053 1053 1118 1137 his
1140 1052 1665 1138 coricutionihnsconcussa

250 1189 385 1292 luerit,
414 1187 527 1272 cadit
553 1191 596 1271 ct
619 1185 838 1272 evanescit.
896 1184 1315 1270 Animadvertendum
1345 1191 1421 1288 est,
1450 1186 1547 1296 quia
1574 1186 1665 1290 hoo,

249 1321 358 1430 quod
389 1319 488 1426 dixi,
524 1347 652 1428 qnare
681 1315 949 1430 perflamine
984 1316 1281 1403 delectationes
1309 1317 1494 1404 carnales
1523 1321 1565 1402 et
1592 1347 1674 1426 per,

250 1451 409 1562 pluvias
451 1450 701 1559 caliginosae
740 1447 1052 1566 superstitiones
1098 1457 1142 1532 et
1181 1479 1255 1560 per
1296 1456 1440 1535 ventos
1481 1479 1665 1536 rumores
1709 1495 1714 1581 p

250 1583 419 1669 humaui
454 1583 756 1695 intelligantur,
796 1610 881 1670 nou
921 1581 1144 1668 secundnm
1183 1581 1470 1667 auctoritatem
1508 1581 1662 1668 dictum
1851 1592 1862 1693 Ἰ

194 1779 202 1804 ,
251 1722 313 1800 est
346 1714 417 1800 sed
444 1715 667 1800 secuudum
698 1714 1046 1813 aestimationem-3
1075 1743 1169 1799 nam
1187 1714 1444 1825 Augustinus
1471 1713 1695 1848 itaintel·¹
1856 1710 1870 1793 Ξ·

250 1847 364 1934 texit.
421 1845 646 1958 Propterea
687 1847 786 1931 haec
826 1846 906 1929 tria
944 1874 1019 1956 per
1068 1847 1237 1930 flumina
1275 1850 1318 1929 ct
1359 1850 1505 1930 rontos
1541 1853 1665 1958 atque
1849 1837 1873 1853 ''

71 1997 82 2012 ·’
250 1979 411 2087 pluvias
440 1982 610 2088 propter
639 2004 851 2092 nutrieram
883 1978 1080 2066 intellexi,
1138 1977 1283 2060 Altero
1326 2004 1423 2060 vero
1455 1977 1576 2062 modo
1604 1979 1667 2060 in·
1850 1922 1879 2097 ll

251 2107 455 2216 telligitur
477 2135 550 2216 per
573 2105 739 2189 domum
764 2106 978 2192 fundatam
1000 2136 1123 2215 super
1145 2113 1302 2214 petram
1326 2111 1470 2191 sancta
1496 2106 1665 2194 ecclesia

129 2261 134 2271 ·
251 2237 425 2322 lundata
461 2237 504 2320 in
533 2237 709 2338 christo,
749 2264 823 2347 per
858 2243 1003 2322 ventos
1041 2235 1290 2346 intelligitur
1318 2235 1597 2320 Antichristus
1624 2243 1665 2320 et

251 2371 338 2480 ejus
365 2396 570 2478 sequaces,
600 2396 673 2476 per
700 2369 860 2478 pluvias
886 2367 1136 2479 gentilitatis
1173 2366 1358 2477 pertidia,
1396 2395 1469 2475 per
1497 2366 1666 2452 flumina

251 2501 549 2585 haereticorum
578 2525 750 2585 errores.
1710 2493 1715 2501 ’
1856 2521 1879 2619 g,

364 2631 578 2742 Sequitur:
616 2629 733 2716 Ilaec
771 2632 972 2738 corripiens
1000 2630 1205 2716 Douriuns
1237 2635 1540 2747 exspectaturos
1567 2657 1665 2738 prro·
1856 2618 1880 2756 ll

253 2763 352 2849 tidie
378 2765 443 2848 ln‘s
471 2763 560 2846 suis
586 2763 740 2847 susidis
762 2764 940 2848 monne
975 2763 1101 2868 sactis
1139 2789 1214 2848 uos
1241 2763 1484 2868 respondere
1512 2761 1665 2850 debere.
1822 2789 1835 2854 f
1861 2759 1881 2860 ,J

255 2892 430 3008 Legerat
457 2895 505 2982 B.
536 2893 784 2980 Benedictus
812 2895 885 2979 illa
913 2895 1062 2996 rerba,
1091 2921 1196 3003 quae
1224 2893 1426 2978 Dominus
1453 2897 1496 2980 in
1525 2901 1667 2980 monte
1861 2845 1886 2994 l

209 3011 227 3124 ⁵,
253 3028 476 3113 seeundum
504 3024 740 3110 lllathaeum
771 3028 933 3111 locutus
960 3032 1043 3126 est,
1071 3035 1114 3110 et
1141 3027 1352 3136 cognonit,
1382 3056 1544 3111 onmem
1574 3057 1667 3138 per·
1863 2983 1889 3142 ᾖ

252 3159 472 3244 lectionem
501 3157 545 3241 iu
574 3157 638 3241 his
667 3187 765 3263 esse,
794 3157 934 3244 voleus
962 3159 1032 3243 ille
1051 3185 1216 3244 omnem
1239 3157 1532 3267 perlectionem
1554 3158 1668 3244 simi·
1865 3141 1890 3236 {l

255 3295 351 3377 liter
379 3293 422 3379 in
450 3291 515 3375 his
545 3290 679 3374 verbis
707 3319 794 3374 esse
823 3291 1061 3392 ostendere,
1090 3291 1168 3375 hoc
1197 3297 1261 3374 est
1294 3292 1337 3373 in
1379 3319 1453 3374 sno
1482 3318 1669 3375 sermone
1865 3246 1889 3402 {l

100 3517 103 3524 ¹
201 3403 204 3411 ¹
253 3423 354 3525 hoc,
390 3450 494 3532 quae
524 3426 609 3504 tam
639 3420 690 3504 de
717 3422 876 3531 psalmo
904 3419 1032 3526 xlv,
1067 3451 1191 3532 qnam
1219 3421 1342 3505 etiam
1372 3449 1423 3504 ex
1450 3419 1542 3504 aliis
1568 3420 1669 3504 locis
1867 3384 1889 3527 'jl

257 3555 552 3664 scripturarum
583 3552 662 3636 lruc
691 3551 894 3655 adhibuit,
925 3552 1076 3637 idcirco
1106 3554 1229 3635 linem
1250 3551 1466 3638 verborum
1492 3551 1668 3652 illorum,
1867 3526 1890 3661 ll

256 3711 361 3792 quae
392 3683 590 3767 Dominus
620 3683 661 3764 iu
692 3691 833 3767 monte
860 3684 1023 3769 locutus
1050 3690 1132 3784 est,
1169 3681 1234 3766 his
1263 3682 1419 3783 verbis,
1457 3709 1562 3792 quae
1590 3681 1669 3766 huc
1869 3660 1891 3798 ᾖ

254 3813 457 3914 adhibuit,
487 3813 737 3923 subjungere
762 3814 943 3908 studuit:
972 3817 1015 3898 et
1032 3819 1095 3897 est
1112 3841 1265 3910 sensus,
1294 3840 1389 3895 cum
1407 3811 1528 3897 dicit:
1558 3805 1674 3896 Haeo
1870 3798 1890 3934 {l

255 3943 457 4050 corripiens
477 3941 681 4028 Dominus
708 3949 907 4049 caspcctnl
937 3969 1022 4046 nos,
1052 3942 1185 4044 idest,
1215 3941 1317 4026 haec
1334 3935 1540 4026 narrando
1558 3969 1669 4026 com·
1872 3938 1890 3953 “

258 4075 386 4186 plerit
413 4081 456 4158 et
482 4079 696 4186 exspectat
723 4103 797 4160 uos
824 4075 1021 4185 qnotidie.
1074 4075 1257 4180 Quotidie
1285 4073 1394 4157 enirn
1423 4073 1672 4184 intelligitur
1872 3956 1893 4172 l

257 4209 368 4291 oriani
394 4208 474 4295 dic.
531 4207 588 4290 Et
616 4208 723 4292 berre
751 4210 858 4294 dixit
885 4209 1071 4314 parotirlic,
1106 4214 1154 4291 nt
1180 4207 1215 4290 si
1244 4209 1350 4292 torte
1378 4207 1449 4290 (liu
1480 4233 1672 4316 praecep·
1875 4175 1893 4321 l

258 4347 349 4424 turn
380 4338 548 4424 Domini
578 4339 746 4448 implere
774 4342 989 4452 distulisti,
1029 4371 1111 4428 nou
1143 4349 1184 4430 te
1212 4344 1413 4456 desperes,
1443 4343 1541 4454 qnia
1569 4369 1673 4451 qno·
1878 4319 1889 4332 ⁸

258 4472 359 4556 tidie
397 4479 608 4583 exspectat
641 4473 860 4578 Dominus,
898 4476 927 4562 i.
956 4504 991 4560 c.
1032 4477 1225 4564 onrnibns
1256 4478 1400 4562 diebus
1432 4478 1538 4560 vitae
1564 4480 1671 4558 tuae.

197 4611 203 4630 '
260 4605 344 4690 His
371 4607 459 4690 stris
488 4607 736 4717 intelligitur
753 4608 891 4718 qnasi:
919 4607 1009 4690 istis
1031 4605 1113 4690 suis
1132 4608 1285 4693 sanctis
1304 4607 1493 4706 monitis;
1521 4606 1674 4691 idcirco
1824 4671 1828 4678 .

258 4738 375 4840 dixit,
403 4737 456 4822 ad
484 4737 783 4848 separationem
812 4738 991 4842 illorum,
1020 4768 1126 4849 quac
1145 4767 1228 4823 nou
1255 4745 1353 4823 snut
1370 4744 1527 4842 sancta,
1555 4738 1674 4824 lactis

261 4896 335 4953 uos
361 4871 608 4981 respondere
636 4870 798 4958 debere.
856 4869 904 4953 ln
943 4869 1023 4955 hoc
1064 4871 1155 4957 loco
1183 4873 1233 4961 ll.
1262 4870 1511 4958 Benedictus
1539 4897 1674 4955 sacra·

260 5025 351 5083 runt
379 5001 675 5108 scripturarum
707 5028 862 5086 morem
892 5001 1145 5102 observarit,
1183 5033 1274 5088 cum
1304 5003 1425 5088 dicit:
1459 5003 1583 5107 sacris
1611 5027 1675 5084 re·
1740 5047 1743 5056 ·

260 5133 459 5238 spondere
479 5129 633 5235 ulchere,
661 5132 758 5242 quia
781 5133 983 5241 scriptura
1003 5132 1155 5237 divina,
1191 5133 1261 5217 uhi
1284 5133 1386 5219 dicit
1420 5129 1676 5236 respondere,
