3994 5770
268 147 352 232 254
580 107 583 116 ’
778 73 784 84 ’
880 143 1073 237 σιμνιι.

152 467 154 472 ¹
269 363 407 472 positi,
434 360 662 463 audiendo,
698 359 897 472 legendo,
937 314 1124 472 exemplu
1151 361 1262 446 bonu
1287 361 1466 446 ridendo
1492 343 1686 448 discimus

270 491 467 575 mundate
492 494 578 578 tun
636 489 688 574 lu
716 489 796 576 huc
824 491 917 577 luco
945 487 1323 594 unimudiertimus‚
1350 493 1446 604 quis
1474 493 1523 578 B.
1555 492 1687 576 Bene·
1720 485 1723 490 ’

110 721 114 730 1
269 621 403 704 dictus
432 619 734 731 aliquantulum
754 619 923 705 recessit
944 649 970 704 s
990 649 1110 704 seusu
1135 621 1366 707 divinarum
1390 622 1684 731 scripturarum

269 765 324 866 et·
346 750 649 861 aliquantulum
687 779 873 837 reuersus
912 757 974 834 est
1013 751 1065 834 ud
1106 752 1282 852 eundem
1322 780 1485 835 sensum
1523 750 1687 836 dirime

269 883 510 991 scripturae.
567 880 616 964 ln
645 909 695 964 eu
723 884 912 986 recessit,
952 882 1049 991 quis
1089 883 1256 983 afflicti,
1295 911 1471 992 qnumm
1498 883 1579 968 istu
1606 912 1686 968 vox

203 1094 214 1130 ⁸
269 1019 354 1114 est,
395 1013 450 1098 sb
477 1015 568 1097 aliis
602 1018 702 1096 sunt
729 1013 897 1117 afflicti,
936 1018 979 1096 et
1015 1013 1201 1124 quamvis
1237 1014 1494 1126 proChristi
1522 1015 1688 1100 nomine

58 1137 63 1149 ’
176 1141 179 1148 ’
226 1163 227 1166 ‘
270 1147 477 1229 sustinent
516 1145 607 1229 illus
647 1144 880 1255 passiones,
921 1145 1049 1228 veluti
1088 1150 1186 1226 sunt
1227 1149 1425 1254 martyres
1464 1152 1508 1228 et
1539 1149 1688 1230 caeteri

270 1275 434 1374 afflicti,
471 1281 611 1359 tumen
652 1269 737 1358 u'uu
767 1276 825 1358 sic
853 1275 1046 1358 videntur
1082 1281 1232 1384 sponte
1274 1275 1442 1372 afflicti,
1481 1277 1689 1386 quomodo

273 1404 478 1490 monachi.
533 1401 728 1488 Muuuchi
756 1409 892 1487 sutem
915 1409 1063 1512 sponte
1081 1405 1238 1487 reducti
1258 1418 1356 1488 suum
1379 1405 1421 1487 in
1437 1404 1688 1488 munasterio

270 1541 397 1643 utque
426 1533 551 1621 missi.
610 1531 664 1614 Et
693 1533 736 1615 in
774 1561 824 1616 eu
859 1532 952 1616 luco
981 1534 1144 1617 videtur
1171 1535 1214 1618 S.
1246 1533 1491 1618 Benedictus
1518 1561 1690 1616 concor·
1769 1599 1772 1604 .
1887 1600 1890 1605 ⁴

272 1665 360 1748 duri
388 1693 482 1748 eum
511 1692 631 1748 seusu
660 1663 889 1746 (divinarum
920 1662 1241 1772 scripturarum,
1271 1666 1380 1773 quim
1409 1666 1517 1748 sicut
1544 1662 1688 1747 afflicti

274 1800 474 1904 martyres
503 1797 687 1914 referunt
725 1793 882 1902 gratius
912 1792 1020 1895 Dee,
1060 1794 1167 1878 sicut
1195 1794 1281 1902 jum
1321 1794 1520 1894 diximus,
1561 1797 1690 1877 itaet

6 1929 8 1938 ’
176 2007 180 2014 ,
274 1925 465 2010 monachi
494 1925 678 2009 referunt
703 1925 910 2009 diceutes:
940 1926 1106 2010 Gratius
1128 1927 1204 2008 tibi
1223 1925 1399 2035 uginrus,
1428 1927 1688 2036 omnipotens

277 2057 399 2154 Deus
427 2058 525 2168 quie
552 2061 625 2140 tuo
654 2056 856 2140 instinctu
882 2064 995 2141 et‘te
1019 2055 1249 2165 inspirante
1267 2057 1451 2140 venimus
1479 2055 1522 2138 in
1546 2084 1690 2138 urrunn-

272 2191 443 2273 sterium
472 2188 615 2288 stibi,
644 2187 751 2270 sicut
772 2188 859 2296 jum
891 2187 1080 2294 diximus,
1108 2190 1302 2274 disciums
1331 2189 1524 2273 mandatu
1552 2195 1638 2272 tnu.

589 2431 651 2502 DE
672 2429 856 2503 OBI'AVO
878 2431 1038 2514 GBADU
1062 2432 1378 2506 flunlntmms.

288 2615 296 2626 ·
395 2589 565 2673 Octavus
592 2579 834 2672 iuuencildutis
857 2588 1015 2696 yrncius
1039 2593 1110 2682 cst,
1138 2588 1177 2670 si
1205 2587 1309 2672 uidil
1336 2594 1433 2697 uyut
1460 2587 1689 2688 srucnncdns,

188 2753 191 2760 ’
275 2721 360 2808 nisi
386 2723 493 2827 quud
518 2722 741 2807 currrnnmis
778 2719 1017 2805 sremrnstcrii
1055 2719 1196 2828 renutu
1236 2721 1299 2804 uel
1326 2723 1527 2826 eurujurum
1557 2719 1694 2803 colem·-

192 2849 201 2866 '
275 2859 414 2936 tussim
439 2850 635 2956 eumuna.
692 2851 903 2936 Hactenus
932 2849 980 2936 B.
1011 2849 1260 2936 Benedictus
1298 2850 1439 2935 decuit
1474 2859 1690 2960 pmeceptn

196 2989 199 2996 ’
276 2983 581 3093 mumlitutis‚¹)
599 2990 801 3092 quantum
821 2983 873 3066 ud
894 2981 1253 3065 mortificationem
1275 2981 1481 3065 interioris
1500 2981 1692 3080 hominis,

51 3157 54 3162 ·
144 3161 146 3166 ·
275 3114 319 3202 h.
347 3142 384 3202 e.
418 3114 579 3198 unimue
627 3113 825 3224 pertiuet3
867 3141 976 3196 rruuc
1012 3117 1150 3197 nutem
1189 3113 1285 3219 quis
1321 3113 1413 3219 pirus
1441 3139 1526 3194 nun
1556 3110 1694 3218 putuit

277 3245 512 3328 interiorem
551 3243 761 3327 huminem
798 3244 979 3353 insequi,
1022 3241 1063 3332 h.
1091 3271 1127 3331 e.
1156 3241 1459 3350 constringere,
1499 3242 1624 3325 uertit
1650 3267 1694 3322 se

276 3373 329 3457 ud
358 3373 602 3459 exteriorem
639 3375 848 3458 huminem
889 3375 1118 3459 ducendum
1158 3381 1203 3457 et
1240 3374 1361 3458 clucet
1401 3373 1517 3456 illum
1558 3399 1695 3479 egere,

277 3507 387 3616 qnod
410 3508 638 3592 cummunis
659 3507 898 3591 monasterii
919 3507 1063 3616 regule
1081 3506 1336 3612 cohortatur,
1367 3506 1429 3588 vel
1459 3503 1570 3613 quud
1601 3503 1697 3585 hur·

277 3643 420 3722 tantur
447 3639 650 3748 majorum
679 3639 879 3748 exemplu.
940 3637 1058 3722 Unde
1084 3665 1315 3746 congruum
1345 3636 1530 3721 ordinem
1561 3633 1698 3718 tenmt
1830 3671 1835 3677 ·

278 3769 322 3850 in
350 3769 430 3854 hoc
458 3769 571 3874 lucu,
611 3799 704 3856 cnm
744 3773 859 3882 prius
896 3770 996 3854 dicit
1035 3770 1087 3853 de
1117 3770 1436 3856 mortificatione
1462 3768 1625 3851 unimue
1653 3769 1697 3846 et
1733 3767 1736 3771 ’

280 3901 544 4010 postmodum
572 3904 787 4014 subjunxit
815 3903 866 3987 de
894 3903 1068 3988 horrestu
1099 3902 1263 3986 actione
1290 3903 1472 4012 corporis
1501 3899 1725 3984 dicendus·

279 4035 318 4116 si
339 4034 443 4117 ndn'l
462 4041 559 4142 uyut
580 4035 811 4139 sirmundus,
825 4038 909 4120 nisi
928 4037 1035 4144 quod
1057 4035 1280 4122 ncrrnmmis
1298 4033 1535 4117 neoreusterii
1558 4029 1698 4141 reyedn

280 4173 323 4250 et
348 4165 520 4279 reliqua.
577 4167 685 4252 Num
714 4169 756 4251 in
796 4168 929 4280 primo
957 4174 1000 4253 et
1028 4169 1073 4253 in
1114 4165 1294 4252 secundo
1327 4173 1370 4250 ut
1387 4167 1441 4248 in
1469 4166 1618 4267 tertio,
1656 4171 1700 4248 et

172 4329 179 4338 ⁸
280 4303 451 4409 quarto,
499 4297 668 4408 quinto¹
723 4314 839 4384 sextu
884 4305 1010 4407 utque
1058 4299 1234 4408 septimo
1286 4298 1418 4408 gradu
1462 4297 1699 4382 interiorem

83 4454 87 4462 ·
184 4529 189 4540 1
281 4430 492 4514 huminem
508 4427 684 4512 maxime
697 4411 862 4529 docuit}
879 4429 972 4514 ideo
987 4430 1085 4532 dixi,
1104 4458 1216 4513 nunc
1232 4430 1474 4514 exteriorem
1487 4428 1698 4512 homiuem

279 4562 322 4645 iu
363 4562 446 4644 istu
481 4561 613 4670 mudu
653 4565 801 4644 octavo
841 4561 1008 4664 docere,
1048 4563 1146 4673 quin
1174 4559 1224 4648 B.
1252 4557 1501 4644 Benedictus
1541 4560 1585 4642 in
1621 4557 1699 4642 huc

48 4725 52 4734 ¹
191 4791 196 4800 ¹
283 4693 426 4802 regula
462 4693 566 4776 udcu
589 4688 851 4794 constrinxit
879 4689 1118 4776 interiorem
1156 4691 1365 4774 huminem
1392 4689 1446 4772 ud
1475 4689 1701 4773 mortifice-

282 4825 458 4929 tiunem,
498 4827 659 4908 utnon
688 4821 820 4935 possit
847 4823 955 4907 ultra
985 4823 1245 4920 mmtiiieari,
1286 4823 1532 4945 exteriorem
1561 4827 1697 4905 nudem

345 5018 364 5026 .-
376 5016 545 5028 ..-mn-non·

372 5113 399 5202 ¹)
422 5099 664 5182 sumt-ulitutis.
711 5109 785 5180 (tud
821 5108 1012 5180 Meilieens.
