3960 5774
816 283 902 376 cap.
933 281 1129 359 xxxxrx.
1258 393 1260 398 Ι
1384 373 1391 386 ,
1471 243 1475 252 ’
1595 291 1675 378 495
1775 286 1780 296 ’

268 506 487 622 perveniat,
517 517 564 590 ιιι
587 505 761 614 jejunet,
791 504 915 592 debet
934 506 1056 590 etiarn
1078 532 1152 614 pro
1169 505 1241 591 illo
1268 507 1312 593 in
1333 505 1515 622 capitulo
1536 516 1676 594 omnes

255 666 422 750 rogare,
452 665 537 752 non
563 635 864 723 rnanilestaudo
894 663 1123 746 personam,
1152 644 1200 726 ut
1228 644 1390 748 rogent,
1420 639 1502 742 isto
1532 634 1676 728 modo:

267 771 440 872 Fratres,
470 796 575 880 rogo
605 794 689 866 ros,
720 772 767 850 nt
796 769 949 877 rogatis
969 766 1099 852 Deum
1125 798 1206 880 pro·
1233 770 1411 880 quodam
1436 773 1586 869 l‘retrer
1615 777 1677 854 est
1743 819 1747 829 ,

265 903 372 989 enim
403 899 570 1012 quidum
600 899 744 999 irater,
774 897 844 1010 qni
874 927 957 984 non
989 899 1077 986 vnlt
1101 901 1308 1012 jejunare,
1337 898 1444 986 siant
1473 900 1522 988 Se
1546 900 1675 984 liene·

265 1033 396 1118 dictus
425 1029 545 1129 dicit,
576 1026 745 1112 mittans
775 1029 1100 1134 excusationem,
1136 1057 1218 1120 non
1250 1060 1366 1142 posse
1391 1031 1600 1142 jejunare,
1632 1037 1678 1114 nt

64 1113 68 1248 ι
213 1194 216 1200 ·
267 1163 373 1249 Dens
402 1159 683 1270 omnipotens,
714 1157 784 1274 qui
814 1156 927 1246 ridet
956 1161 1043 1274 ejus
1072 1163 1387 1276 possibilitatem
1417 1170 1459 1247 et
1487 1161 1674 1274 impossi-

264 1297 480 1391 bilitatem,
512 1291 582 1376 det
612 1289 691 1394 illi,
721 1293 755 1376 si
785 1289 897 1376 videt
925 1321 1041 1422 possa
1071 1294 1255 1405 jejunare
1283 1294 1539 1380 voluntatem
1564 1294 1674 1406 jeju·

265 1427 399 1514 nandi.
457 1425 513 1510 lit
543 1428 629 1536 ipse
656 1423 888 1534 specialiter
912 1454 1004 1537 pro
1041 1426 1130 1536 ipso
1159 1425 1282 1513 debet
1311 1455 1448 1530 orare,
1490 1433 1537 1510 ut
1567 1427 1675 1510 Deus

263 1561 334 1646 det
376 1557 434 1643 illi
481 1557 718 1644 lirrultatenr
763 1566 807 1639 et
852 1555 1178 1666 possibilitatem·
1206 1557 1435 1666 jejunandi.
1504 1557 1597 1644 Jann
1641 1559 1675 1643 si
1835 1619 1838 1628 ·

264 1687 444 1775 noluerit
475 1689 542 1772 illa
567 1688 774 1799 jejunare,
810 1707 897 1770 uon
936 1693 999 1770 est
1025 1687 1088 1772 illi
1116 1688 1304 1774 facienda
1332 1688 1404 1774 nis.
1462 1689 1560 1774 ldeo
1588 1715 1676 1774 curn
1793 1728 1796 1736 ¹

262 1825 439 1908 oratione
468 1821 626 1904 addatis
666 1820 787 1922 dicit,
831 1827 878 1902 ut
914 1848 1055 1904 eorum
1095 1847 1197 1930 opus
1236 1819 1488 1904 orationibus
1514 1820 1675 1904 abbatis
1795 1813 1797 1818 ’
1924 1893 1929 1901 .

267 1954 440 2037 Domino
469 1951 789 2036 commendetur.
848 1949 1000 2034 Reddit
1019 1978 1197 2055 cansam,
1226 1978 1353 2060 quare
1377 1981 1468 2037 cum
1489 1952 1674 2038 oratione
1724 1943 1727 1948 ’
1813 1949 1820 1964 ”

261 2089 303 2168 ct
331 2084 544 2168 volrnrtnte
574 2081 737 2168 abbatis
766 2081 867 2164 dicit
894 2081 973 2168 hoc
1011 2082 1166 2185 lacere,
1207 2084 1303 2192 quia
1331 2083 1439 2192 qnod
1469 2082 1556 2166 sine
1584 2112 1676 2196 per·

263 2217 453 2302 missione
474 2216 601 2325 patris
618 2213 842 2324 spiritualis
864 2216 923 2317 fin,
952 2215 1278 2326 praesumptioni
1307 2231 1350 2300 et
1372 2243 1502 2300 vanae
1518 2214 1675 2322 gloriae

262 2348 549 2457 deputabitur,
596 2375 679 2431 ιιοιι
700 2345 917 2430 'intercedis
958 2345 1135 2430 affectui.
1202 2345 1294 2432 Hoc
1336 2347 1561 2432 notandum
1599 2354 1672 2448 est,

263 2480 356 2589 qnia
394 2477 462 2563 ubi
503 2476 603 2562 dicit
642 2480 691 2562 dc
727 2477 983 2583 laurencitutc,
1025 2478 1083 2564 ita
1110 2476 1426 2588 intelligendum
1455 2485 1538 2578 est,
1580 2477 1607 2564 i.
1637 2507 1671 2563 e.

263 2639 506 2722 ananrqnum
538 2609 649 2694 onmi
681 2613 864 2719 ternpore
893 2609 1099 2694 abstinere
1127 2635 1170 2692 se
1204 2608 1328 2692 debet
1356 2607 1672 2718 a'loquaoitate‚
1808 2639 1811 2648 ·
1877 2633 1880 2640 ·
1935 2609 1937 2618 ’

124 2807 128 2818 ·
262 2749 397 2826 tnrnen
427 2741 602 2826 rnnxirne
631 2741 674 2824 in
703 2738 767 2824 his
797 2738 957 2842 diebus,
999 2740 1034 2824 ei
1062 2739 1122 2824 itu
1151 2737 1351 2824 sollicitus
1382 2739 1525 2840 luerit,
1567 2739 1762 2828 sicrrt.·.·

227 2856 326 2956 'lnic
354 2871 522 2968 dieitur:
563 2869 674 2960 verbi
713 2870 850 2980 gratia
888 2900 914 2955 u
951 2899 1071 2956 ruane
1107 2893 1233 2978 usqne
1262 2869 1314 2956 ud
1344 2873 1507 2955 tertiam
1538 2872 1708 2956 unlla··

237 3009 378 3085 tenne
408 2984 531 3086 debet
558 3002 685 3114 loqui,
713 3000 966 3086 sedlectioni
985 3019 1138 3126 vacare.
1199 2999 1355 3085 Deinde
1387 3009 1480 3111 post
1509 2999 1711 3088 tertir'nn·
1779 3045 1780 3048 ι
1843 3083 1845 3086 .
1935 2989 1937 3000 ⁴

260 3134 495 3234 constituat,
522 3133 604 3219 non
635 3132 765 3241 loqui,
786 3131 820 3218 si
840 3131 1060 3216 necessitas
1085 3123 1167 3217 ιιοιι
1192 3132 1328 3219 luerit
1389 3131 1546 3218 Deinde
1562 3132 1678 3216 radis

260 3265 301 3348 in
342 3263 638 3364 obedientiores
683 3262 825 3348 labora
864 3263 922 3346 ibi
966 3291 1057 3346 oum
1093 3265 1238 3364 ¹silent
1228 3295 1281 3352 ιο.
1351 3263 1396 3350 Si
1438 3292 1534 3350 vero
1579 3265 1672 3348 talis
1711 3271 1733 3356 j

260 3395 384 3480 frater
414 3394 559 3498 luerit,
597 3397 667 3508 qni
697 3395 873 3481 voluerit
900 3401 1034 3480 ternus
1065 3395 1283 3506 loquitu,
1311 3397 1346 3480 si
1376 3397 1544 3496 videris,
1585 3425 1670 3478 renr

261 3554 341 3610 non
371 3557 457 3610 esse
488 3529 775 3628 necessariam,
812 3525 938 3610 innuc
967 3527 1049 3630 illi,
1080 3533 1126 3610 nt
1153 3526 1284 3612 sileat.
1345 3527 1502 3611 Deinde
1529 3528 1670 3610 audito
1716 3593 1717 3598 ι
1780 3561 1783 3568 ·
1870 3626 1871 3629 p

259 3659 377 3766 signo
407 3659 508 3744 rarle
537 3659 676 3744 statim
721 3659 761 3740 in
792 3656 1023 3759 ecclesium,
1064 3665 1158 3766 post
1188 3686 1283 3744 sero
1319 3659 1468 3742 iterum
1500 3657 1599 3742 nude
1627 3661 1669 3742 in
1778 3751 1779 3756 p
1933 3691 1934 3694 ι

259 3787 532 3875 obedientiam
556 3817 648 3878 curn
663 3787 829 3876 silentio
850 3789 1043 3900 usquead
1066 3818 1235 3878 nonanr.
1284 3790 1383 3875 Post
1404 3789 1670 3876 refectionem
1812 3831 1830 3846 ··

261 3946 353 4004 reno
394 3921 518 4008 debes
557 3923 707 4007 iterum
750 3919 916 4006 lectioni
951 3949 1096 4006 uacare
1137 3949 1228 4008 aum
1269 3910 1445 4010 silentio.
1503 3921 1550 4004 In
1593 3922 1670 4007 lnoo
1823 3961 1826 3966 ·

258 4051 437 4160 capitulo
464 4052 871 4140 animadvertendum
911 4057 975 4138 est
1002 4057 1045 4138 et
1083 4053 1259 4138 sollicite
1298 4053 1583 4165 cogitandunrr
1625 4053 1669 4138 Si

257 4183 577 4271 consideraverit
603 4183 775 4271 aliornnn
806 4189 1037 4295 transpornm
1059 4183 1348 4296 negligentius,
1378 4171 1669 4302 qrrantisriri·

260 4313 330 4394 lnrs
359 4315 661 4424 praevaricator
688 4313 829 4400 extitit
850 4343 947 4402 suae
965 4313 1241 4428 professionis,
1276 4314 1387 4398 nnllo
1408 4315 1530 4398 nnrnlo
1556 4344 1669 4426 prae·
1743 4419 1747 4428 Ι

259 4445 458 4530 varicator
486 4447 707 4550 extitisset,
753 4473 835 4532 uon
866 4447 956 4534 dico
987 4446 1038 4530 de
1077 4446 1169 4531 aliis
1211 4446 1330 4530 rebus
1359 4445 1491 4528 —de
1521 4446 1667 4528 ol'liriis
1753 4459 1755 4464 '

255 4573 402 4658 <lirinis
430 4577 636 4690 professus
665 4605 719 4681 es,
750 4582 796 4661 ut
827 4605 939 4662 rneus
969 4586 1041 4662 tna
1069 4579 1293 4662 concordet
1313 4576 1401 4660 roei
1425 4581 1545 4673 tuear
1577 4577 1666 4658 vido

256 4703 389 4805 modo,
420 4708 453 4791 si
482 4704 725 4794 hocsfecisti
755 4713 828 4792 aut
855 4733 939 4792 non
962 4705 1125 4794 fecisti?
1163 4705 1257 4792 Hoc
1275 4713 1413 4791 tamen
1429 4706 1664 4824 notandum

255 4840 328 4934 est,
359 4835 455 4945 quia
486 4836 824 4948 nullotampore-
843 4836 967 4922 debet
986 4836 1207 4922 morlachar
1220 4835 1421 4946 jejunare,
1451 4835 1528 4920 nisi
1554 4827 1665 4949 prius
1777 4829 1784 4901 ἶ
1846 4806 1849 4814 ’

253 4971 450 5076 suggerat
476 4967 631 5057 abbati.
687 4967 810 5054 Nunc
836 4978 974 5053 autem
1005 4966 1102 5076 qnia
1128 4967 1273 5076 regula
1304 4965 1404 5050 dicit
1428 4965 1482 5052 ¹de
1506 4964 1665 5074 jejunio
1784 4973 1787 4980 ’

254 5095 608 5208 quadragesimali,
639 5125 803 5218 arecasse
831 5103 921 5201 est·
943 5103 991 5181 nt
1017 5123 1335 5210 cognoscamus,
1377 5101 1481 5208 quot
1503 5097 1664 5207 jejunia
1803 5147 1807 5226 ζ
1822 5203 1823 5206 p
1935 5121 1937 5128 ⁴

253 5223 508 5312 celebrentur
536 5229 772 5333 aunuatim,
810 5233 852 5312 et
879 5230 969 5340 ipsa
990 5227 1148 5339 jejunia
1175 5227 1293 5339 cujus
1321 5227 1569 5314 auctoritate
1598 5226 1662 5310 in·
