3930 5788
753 36 774 66 ”
887 91 972 184 cap.
997 91 1085 166 ux1.
1599 99 1678 180 559
1850 67 1853 76 ’

276 325 361 428 eires
399 317 566 402 uriseriu
594 313 714 398 etium
753 311 830 398 atii
864 313 1060 399 vitientur.
1122 314 1273 419 erudsi
1309 340 1389 400 uon
1423 313 1549 418 feeerit·
1574 311 1683 412 tutis,

275 451 343 562 qni
370 452 571 532 urerentur
593 443 756 550 projici,
784 469 865 528 rreu
893 443 1033 545 subrue,
1062 444 1101 530 si
1125 447 1298 552 petierit,
1324 445 1572 550 suscipiatur
1588 468 1682 530 eorr-

271 578 494 694 ureuutieui
531 573 766 674 sociandus,
795 599 930 656 verum
958 573 1077 658 etiarn
1106 577 1327 662 seruientia·
1354 581 1416 690 ei,
1445 581 1487 658 ut
1514 581 1589 659 stet
1602 631 1624 674 r
1641 582 1685 658 nt
1734 595 1735 600 ‘

275 714 361 818 rjus
388 708 567 814 exurente
595 704 671 790 ulit
697 703 947 804 erudiuntur,
976 707 1072 810 quia
1098 707 1142 791 in
1171 708 1280 792 uteru
1308 706 1391 793 taso
1413 705 1684 816 uuiDoun'uo

271 841 453 938 servitiu,
483 838 555 920 terri
582 833 668 944 reue·
693 831 901 917 rutilitatur.
939 835 1055 934 Quot
1080 838 1189 920 enim
1207 837 1307 921 dieit
1334 839 1440 942 qrrort
1476 837 1515 920 st
1542 863 1685 942 serper-

225 989 232 1004 “
267 973 375 1076 ltrrrrs
404 975 474 1052 aret
501 967 667 1050 uitiosus
691 961 819 1068 feeerit
845 968 886 1048 et
914 964 1029 1075 reliq.
1088 965 1326 1071 Suurerttuus
1362 967 1514 1051 attinet
1540 968 1593 1052 ad
1622 968 1685 1049 iu·
1808 1024 1813 1056 2

72 1079 79 1170 ἶ
192 1176 194 1180 .
271 1127 423 1186 nassum
449 1099 534 1181 siue
560 1095 609 1180 ad
635 1093 749 1196 iilud,
778 1092 935 1201 sipha,
965 1122 1087 1203 qnam
1111 1097 1386 1206 reguladieit,
1416 1097 1682 1204 dieatagere;
1731 1203 1738 1216 .

72 1219 79 1249 ¹
271 1233 433 1316 uitiosus
462 1227 614 1312 attinet
643 1225 693 1308 ad
723 1222 838 1324 illud,
867 1222 901 1305 si
931 1224 1084 1323 asinus,
1114 1254 1235 1336 quam
1266 1225 1410 1336 regula
1439 1224 1551 1326 dicit,
1579 1227 1680 1336 agit,

270 1361 296 1444 i.
325 1387 359 1443 e.
386 1359 439 1442 ad
469 1353 777 1467 negligentiam.
842 1354 960 1453 Quod
989 1383 1085 1440 uero
1114 1356 1215 1440 dieit
1255 1357 1415 1442 dicatur
1442 1356 1481 1441 ei
1513 1355 1682 1458 tracesio,
1728 1443 1735 1460 ,

274 1491 348 1576 boe
378 1489 500 1573 modo
530 1487 653 1572 debet
678 1485 739 1568 illi
768 1485 868 1570 diei:
920 1483 1198 1595 Optabamus,
1229 1491 1374 1588 trater,
1403 1492 1446 1572 te
1475 1488 1684 1574 meliorem

274 1650 369 1720 esse,
399 1620 470 1704 sed
499 1645 622 1718 nurus,
652 1615 749 1727 quia
777 1615 838 1700 tui
868 1643 1000 1700 mores
1029 1645 1119 1702 erim
1151 1620 1300 1704 uostris
1321 1647 1404 1704 non
1432 1622 1683 1705 eorrreuiunt
1737 1629 1739 1634 '

269 1778 341 1834 aee
377 1748 508 1833 nostri
538 1777 630 1833 eum
674 1747 775 1845 tuis,
807 1745 899 1830 ideo
929 1749 1051 1852 tolle,
1080 1749 1190 1859 quod
1220 1748 1295 1832 tibi
1326 1749 1366 1832 in
1397 1749 1462 1832 uin
1490 1752 1681 1852 sut'fieiut,

231 1879 232 1882 ‘
269 1887 311 1964 et
338 1879 452 1964 uude.
512 1878 629 1962 Istud
657 1905 846 1988 namque,
871 1879 996 1988 quod
1028 1880 1131 1964 dieit
1165 1883 1261 1986 quia
1290 1881 1333 1962 iu
1362 1879 1472 1964 surturi
1499 1880 1583 1966 tneo
1609 1883 1682 1964 ura

268 2009 441 2094 Doruiuo
468 2010 641 2092 servitur
670 2014 706 2092 et
733 2009 805 2090 turri
833 2009 920 2116 reni
947 2007 1156 2111 militatur,
1186 2009 1266 2094 boe
1287 2011 1339 2095 ml
1368 2011 1560 2094 abbatem
1581 2013 1682 2094 atti·

269 2147 348 2240 uret,
378 2140 405 2223 i.
435 2168 469 2224 e.
499 2166 592 2221 euru
622 2144 743 2249 roget
771 2139 887 2221 illum
916 2141 1178 2249 peregrinum
1199 2141 1446 2226 rnorraebnm
1467 2147 1587 2248 stare,
1613 2143 1680 2224 ille
1805 2193 1808 2202 ·

268 2273 513 2380 respondens
543 2269 665 2352 dieite
707 2267 803 2352 Non
834 2296 998 2378 possum
1028 2275 1149 2369 sture,
1180 2268 1278 2380 qnia
1306 2271 1358 2357 ad
1387 2275 1677 2356 turorrasterium
1809 2315 1811 2320 ·

267 2427 397 2482 nurerum
430 2399 522 2484 uolo
551 2397 702 2484 reuerti
732 2403 775 2482 et
801 2399 857 2484 ibi
888 2398 982 2482 volo
1014 2397 1193 2482 Domino
1222 2399 1398 2500 servium
1427 2402 1553 2488 abbas
1585 2432 1679 2487 uera
1714 2393 1716 2399 ⁸

265 2527 385 2612 debet
412 2528 656 2637 respondere
684 2527 844 2612 dicens:
888 2526 1044 2628 Frater,
1077 2529 1161 2615 nob
1190 2529 1347 2630 timere,
1377 2531 1475 2640 quia
1501 2529 1544 2614 in
1567 2532 1679 2616 ursuni

265 2659 352 2742 loeo
393 2659 463 2742 uui
497 2653 671 2742 Domino
710 2658 885 2741 servitur
913 2661 956 2740 et
984 2658 1056 2740 uui
1094 2659 1182 2767 regi
1222 2660 1435 2746 militatur.
1495 2661 1677 2746 Seruitia·
1784 2713 1787 2721 ·

263 2793 305 2871 et
331 2787 530 2871 ruititatur
558 2815 685 2872 riuum
715 2785 923 2895 signifieat
950 2785 994 2871 iu
1025 2787 1103 2872 bae
1124 2787 1226 2874 loeo.
1272 2787 1574 2875 Benedicitur:
1606 2792 1676 2874 uui

263 2918 348 3028 regi
386 2919 586 3002 militatur
624 2924 666 2999 et
702 2917 773 2999 uai
803 2916 983 3002 Domino
1016 2919 1217 3026 servitum
1249 2919 1358 3004 Deus
1388 2919 1496 3004 eninr
1528 2921 1677 3030 ubique
1714 3023 1716 3030 Α
1764 2931 1768 2943 “

262 3055 342 3149 eut,
371 3049 398 3136 i.
428 3077 463 3136 e.
493 3050 535 3132 in
576 3047 689 3131 ornari
725 3047 839 3152 loeo,
870 3047 910 3136 b.
935 3078 970 3134 e.
998 3054 1112 3134 totus
1140 3055 1183 3134 et
1210 3077 1391 3160 semper,
1420 3079 1470 3134 ae
1499 3077 1571 3160 per
1598 3051 1676 3134 hoe

262 3174 319 3259 illi
349 3176 527 3262 Domino
556 3185 598 3262 et
626 3177 687 3261 ilii
725 3177 813 3288 regi
849 3181 1046 3262 servimus
1074 3184 1117 3262 et
1145 3179 1367 3264 militamus
1403 3180 1488 3282 hie,
1528 3181 1592 3264 aui
1630 3189 1676 3266 tu

130 3413 132 3419 k
264 3309 419 3392 servisti
450 3312 492 3392 et
520 3308 708 3394 militasti
739 3309 837 3422 iiiia,
866 3309 975 3394 uude
1003 3316 1049 3394 tu
1079 3309 1238 3395 vertisti.

374 3441 589 3552 Sequitur:
632 3441 755 3546 erun
782 3440 821 3524 si
849 3440 970 3525 etiam
992 3441 1114 3526 tutem
1145 3468 1231 3526 esse
1251 3443 1507 3548 perspexerit
1535 3445 1674 3547 attus,
1722 3503 1725 3510 .
1808 3474 1811 3482 ’

262 3569 376 3654 tieeut
404 3597 492 3656 eum
530 3573 572 3656 iu
601 3570 807 3678 superiori
833 3570 1137 3680 aliquantutum·
1162 3578 1398 3676 eurrstituere
1425 3575 1519 3662 tuae.
1577 3575 1674 3658 Nun

262 3699 387 3788 setruu
415 3711 547 3789 uertunt
576 3701 825 3804 resurrecturus,
854 3705 928 3788 sert
950 3703 1070 3786 etium
1096 3703 1147 3786 ete
1168 3705 1462 3813 stauruseru‘ptis
1476 3708 1673 3816 eructibus
1759 3805 1767 3818 ρ
1812 3691 1815 3700 ’

261 3837 508 3919 sureerdotunr
543 3835 605 3919 uel
644 3832 878 3920 elericorum
918 3833 1102 3917 stabilire
1135 3843 1268 3943 potest
1295 3837 1421 3921 abbas
1449 3837 1493 3920 iu
1520 3839 1674 3942 rnujore

259 3989 379 4068 qurum
406 3962 634 4072 ineruditus·
652 3965 755 4070 toea.
777 3962 818 4050 si
834 3959 1061 4071 ejuu'ratun
1072 3969 1331 4072 persuaserit
1345 3966 1479 4052 nitunt.
1527 3965 1671 4050 turrem
1751 4033 1754 4042 .

259 4101 409 4199 eutem,
436 4121 487 4180 ne
515 4097 735 4206 atiqrruude
775 4101 826 4184 rte
854 4095 936 4181 ertio
963 4101 1054 4180 reatu
1081 4097 1324 4180 rurenusteria
1351 4095 1587 4182 ururruebnur
1615 4097 1671 4180 unt

258 4223 518 4312 turtiturubuu
556 4224 755 4333 suseirriut
793 4227 882 4311 siue
920 4249 1114 4310 eoruseusu
1146 4225 1306 4311 (cibatis
1333 4227 1399 4310 suri
1436 4233 1506 4310 uret
1541 4225 1670 4310 lituris
1749 4279 1752 4288 -
1788 4327 1791 4332 Ι

210 4353 212 4356 ’
258 4357 601 4461 eursrueudutitiie‚
631 4359 728 4467 quia
756 4359 954 4463 seriptum
982 4363 1063 4443 est:
1096 4356 1235 4461 »tinent
1262 4358 1338 4452 titi
1366 4382 1447 4443 uon
1475 4357 1538 4440 nis
1561 4357 1668 4462 fieri,

257 4481 329 4568 etii
356 4515 407 4573 ue
432 4487 620 4594 terame«.
678 4490 795 4590 Quos
837 4517 932 4576 uero
964 4488 1073 4574 dicit
1108 4487 1224 4576 tieeut
1257 4515 1346 4573 eum
1380 4487 1426 4573 iu
1463 4484 1671 4593 sementare
1784 4506 1786 4513 ’

256 4611 544 4722 aliquantutum
562 4622 798 4716 earrstituere
822 4621 917 4727 toea,
935 4623 1058 4732 juxta
1078 4621 1267 4735 meritum
1288 4618 1397 4704 iltius
1419 4617 1528 4704 vitae
1547 4615 1669 4702 intel·

256 4741 410 4854 ligitur,
438 4747 466 4833 i.
487 4777 522 4838 e.
546 4747 581 4834 si
604 4749 755 4862 dignus
780 4759 855 4856 est,
878 4752 1001 4862 juxta
1022 4751 1212 4837 abbatem
1227 4755 1419 4864 *ponatur
1448 4750 1511 4835 vel
1542 4777 1669 4860 prope
1792 4741 1796 4748 ’

255 4872 445 4964 abbatem
473 4878 558 4965 'sive
586 4880 630 4966 ia
657 4883 793 4970 medio
821 4883 888 4970 vel
922 4883 963 4968 iu
995 4881 1162 4984 ultimo,
1202 4879 1309 4974 sieut
1336 4877 1442 4987 dixi,
1480 4908 1554 4990 pro
1584 4882 1669 4964 vita
1797 4987 1805 4998 k·
1869 4929 1872 4933 Δ

255 5004 362 5113 ejus,
390 5008 454 5094 uel
485 5016 530 5094 ut
560 4997 776 5100 ireeeusitas
805 5013 900 5125 ejas
920 5013 1129 5125 exposuit,
1149 5011 1254 5097 ticet
1280 5009 1423 5096 abbati
1452 5041 1542 5096 eum
1572 5039 1666 5113 eou-
