3968 5774
210 281 295 368 aaa
476 231 500 308 7
583 339 601 374 „
760 283 847 375 esp.
871 281 1069 358 xxxma

67 534 76 550 ·
211 525 297 582 non
325 496 468 600 minui,
497 506 559 604 ut,
586 501 658 611 qni
685 475 809 587 audit
825 503 978 632 legere,
1007 502 1152 588 melias
1174 503 1396 614 intelligat,
1423 505 1459 590 si
1481 503 1626 587 melias

98 683 100 690 s
209 656 259 712 no
283 628 427 713 molius
447 631 625 716 audierit
648 631 811 742 legere3
841 663 937 718 narn
955 633 1071 716 nulla
1089 633 1324 720 aedificatio
1338 633 1432 735 erit,
1459 633 1495 716 si
1515 631 1626 742 prins

40 859 44 868 ε
210 757 282 841 ille
310 757 422 865 prior
448 759 565 870 legit,
593 759 665 870 qni
691 761 796 846 bene
818 767 956 912 pptest
973 762 1124 873 legere,
1150 769 1194 848 et
1214 769 1369 874 postea,
1397 759 1471 872 qni
1498 761 1627 870 pejus

81 987 84 993 ,
212 885 321 970 Nam
349 889 428 972 ista
455 889 557 974 ordo
586 889 708 973 debet
736 919 823 976 esse
850 893 894 975 in
922 891 1094 976 ecclesia
1121 892 1306 1001 legendis
1335 891 1450 1008 prins
1477 887 1630 973 debent

211 1016 349 1126 legere
376 1027 555 1129 (quatuor
581 1021 776 1120 infantes,
808 1021 957 1105 deinde
986 1024 1165 1131 quatuor
1193 1019 1445 1132 presbyteri,
1481 1016 1630 1102 deinde

212 1156 296 1231 tres
323 1148 506 1251 diaconi,
545 1164 688 1260 postea
713 1151 854 1236 abtas.
912 1150 957 1234 Si
984 1157 1126 1236 antem
1167 1182 1251 1238 uon
1288 1158 1387 1236 sunt
1413 1150 1521 1234 tanti
1549 1148 1629 1231 lec·
1703 1197 1707 1204 ·

213 1281 337 1382 tores,
366 1285 414 1364 ut
437 1311 542 1364 ιιιιιιιι
567 1282 683 1393 legat
698 1282 955 1398 solummodo
974 1310 1050 1395 per
1070 1282 1302 1385 lectionem,
1325 1281 1562 1368 debent
1494 1281 1632 1389 legere

211 1440 281 1496 sex
310 1421 384 1496 ant
412 1419 590 1525 quotuor
620 1399 693 1500 ιιιι
721 1415 804 1500 dno
832 1415 1105 1520 solummodo
1132 1415 1205 1527 qni
1232 1415 1445 1500 audientes
1473 1412 1632 1525 possint

211 1544 449 1650 aedificare,
477 1547 575 1660 qnia
602 1548 746 1633 melius
772 1556 856 1653 est,
893 1555 941 1633 ot
968 1577 1074 1635 nuos
1102 1548 1217 1662 legat
1246 1556 1329 1634 tres
1359 1545 1422 1632 rel
1453 1497 1630 1656 quatrinr

212 1677 410 1790 lectiones
437 1696 510 1765 out
537 1679 719 1800 quinque
747 1686 821 1767 aot
855 1713 950 1788 sax,
989 1683 1062 1795 qui
1101 1681 1315 1784 acdificat,
1359 1707 1483 1866 qnam
1512 1675 1631 1761 multi

44 1787 64 1818 '¹
212 1785 370 1916 legant,
396 1813 467 1920 qni
489 1842 572 1897 ιιοιι
593 1814 827 1905 aedificant.
885 1813 940 1898 ldt
959 1816 1038 1900 hoc
1053 1813 1266 1900 sciendum
1281 1797 1389 1917 est,
1371 1840 1480 1921 qma
1493 1807 1634 1918 regulo

213 1939 334 2042 dicit,
356 1939 450 2026 illos
478 1941 629 2068 legere,
657 1973 728 2055 qm
716 1945 968 2034 aodilleent
994 1944 1218 2047 audientes,
1246 1943 1385 2028 ideo
1370 1969 1532 2024 necesse
1560 1943 1635 2037 est,

213 2076 260 2153 nt
287 2073 556 2160 arrctoritutes
582 2073 836 2157 diversorum
866 2077 1100 2158 sauctorum
1130 2080 1308 2182 patrum,
1337 2100 1442 2183 quae
1470 2069 1631 2165 docent,

110 2192 116 2204 ⁸
166 2251 173 2270 ·
214 2199 640 2310 qualiterlegemlnm
668 2208 744 2301 est,
774 2201 842 2285 hie
869 2199 1185 2312 subjungamus,
1216 2201 1407 2285 videlicet
1434 2227 1484 2283 ex
1512 2197 1634 2279 dictis

215 2329 439 2437 Augustini
467 2336 510 2413 et
533 2328 753 2430 Ambrosii,
783 2331 920 2414 mose
950 2359 1111 2414 necnon
1139 2334 1184 2414 et
1204 2329 1366 2434 lsidori,
1394 2329 1480 2413 sive
1508 2327 1633 2411 etiam

213 2457 421 2543 Victorini
454 2461 514 2544 'et
555 2457 687 2544 Servii
730 2468 773 2544 et
813 2460 989 2543 aliorum
1032 2459 1397 2568 gmmmaticnrum
1438 2457 1635 2542 collectae

215 2589 412 2688 existunt,
441 2617 547 2696 qnae
570 2589 720 2673 docent
744 2593 852 2674 recte
875 2594 919 2672 et
942 2589 1138 2673 distincte
1158 2591 1423 2674 obscurorum
1445 2611 1636 2670 sensnum

213 2718 437 2802 secuudum
457 2723 700 2803 accentuum
719 2725 842 2806 sonos
861 2720 1135 2845 degerebatqne
1157 2719 1425 2829 distinguere.
1450 2719 1504 2828 )(
1529 2717 1638 2813 Quot

2 2917 5 2926 .
156 2931 159 2936 ,
214 2853 314 2932 sarrit
340 2849 476 2933 nl'llcia
503 2851 796 2960 grammaticae
825 2850 957 2945 artis?
995 2881 1033 2934 ι.
1063 2855 1276 2960 quatuor.'
1313 2847 1369 2932 Ut
1398 2847 1637 2931 Victorinus

154 2985 162 3004 “
216 2979 335 3080 dicit,
376 2978 671 3089 grammaticae
699 2981 837 3065 cilicia
864 2985 962 3064 snut
988 2986 1180 3090 quatuor.
1224 2983 1277 3088 Η
1309 2979 1422 3078 Quae
1449 2981 1576 3061 sarit?
1600 3007 1639 3061 ιι.

66 3093 71 3102 ’
157 3111 179 3134 ”
214 3111 352 3208 lectio,
380 3110 599 3209 ennarratio,
622 3111 869 3210 emendatio,
886 3113 1101 3221 judicium.
1135 3113 1190 3222 Η
1210 3109 1353 3194 Lectio
1368 3107 1468 3218 qnid
1483 3111 1574 3189 est?
1600 3137 1641 3188 ι·

214 3240 438 3326 secundum
467 3249 709 3326 accentuum
738 3251 782 3325 et
807 3270 1000 3327 sensnum
1029 3242 1312 3326 necessitatem
1340 3239 1510 3350 propria
1537 3266 1631 3347 pro·

163 3491 168 3498 .
214 3371 445 3474 nuntiatio,
485 3370 590 3472 sive,
631 3373 778 3458 otalii
819 3373 984 3480 dicunt,
1024 3374 1149 3460 lectio
1186 3379 1250 3457 est
1292 3369 1406 3454 varia
1447 3370 1641 3476 cujusque

223 3501 367 3611 scripti
394 3503 625 3586 enuntiatio
653 3503 833 3588 serviens
861 3502 1057 3613 dignitati
1089 3531 1355 3614 personarum
1388 3499 1644 3608 exprimens·

217 3635 639 3744 queimbitnmanimi
658 3635 867 3744 cujusque.
884 3637 935 3745 Η
955 3635 1171 3720 Ειιιιιιιίο
1192 3633 1402 3745 quidest?
1443 3659 1482 3714 ιι.
1501 3657 1645 3712 ιιοιι·
1753 3693 1759 3704 .
1851 3644 1853 3651 “

55 3765 57 3770 ’
217 3766 315 3850 dum
332 3773 476 3874 poetae
491 3765 745 3850 volontatem
761 3767 1081 3876 uniuscujusque
1101 3762 1389 3875 descriptionis
1404 3761 1640 3870 explauetio
1715 3821 1718 3827 -
1848 3804 1855 3889 ·'.

10 3999 47 4024 Ι,
88 4013 90 4018 Α
214 3896 293 3996 vel,
322 3894 429 3978 sicut
455 3895 599 3979 dicant
621 3897 786 3998 caeteri,
835 3897 1043 3982 enarratio
1071 3902 1134 3981 est
1160 3895 1423 3982 obscurorum
1454 3918 1644 4004 sensuum

214 3981 583 4138 quaestionumque
597 4026 846 4137 explanatio.
867 4031 919 4140 Η
933 4025 1292 4139 Emendatioqnid
1305 4056 1347 4111 es
1349 4031 1448 4114 tia.
1460 4051 1645 4109 errorum

64 4241 69 4253 ,
213 4159 322 4269 apud
352 4165 497 4269 poetas
533 4165 658 4268 atque
698 4157 992 4268 figmentorum
1031 4160 1318 4271 reprehensio,
1373 4159 1481 4261 sive,
1521 4153 1644 4238 sicuti

95 4321 114 4380 .·
166 4375 169 4382 ,
213 4291 379 4402 quidam
421 4291 559 4402 ajunt,
614 4290 849 4377 emendatio
887 4297 950 4374 est
986 4293 1193 4402 correptio
1227 4317 1432 4390 errorum,
1471 4287 1542 4398 qui
1577 4313 1650 4395 per

70 4481 75 4490 ·
214 4421 437 4533 scripturas
466 4423 723 4507 actionemre
742 4421 862 4511 finnt
902 4424 957 4533 Η
988 4421 1198 4508 Judicinm
1228 4422 1328 4534 quid
1356 4423 1447 4506 est?
1474 4450 1511 4508 a.
1546 4419 1655 4502 bene

31 4641 37 4652 ,
212 4558 417 4642 dictorum
446 4554 745 4666 comprobatio,
774 4551 852 4660 vel,
882 4563 929 4640 ut
947 4555 1135 4642 nonnulli
1169 4555 1327 4658 dicunt,
1352 4553 1554 4664 judiciam
1586 4557 1650 4634 est

214 4687 463 4791 aestimatio,
485 4717 568 4799 qna
591 4687 695 4772 bene
716 4687 870 4799 scripta
887 4688 1187 4802 perpendimus.
1221 4689 1281 4799 Η
1307 4684 1539 4788 Quiaenim
1554 4683 1650 4771 olli·

112 4915 114 4922 ,
214 4822 323 4908 cium
338 4822 631 4934 grammaticae
649 4824 750 4906 artis
766 4823 888 4909 lectio
904 4827 980 4923 est,
1004 4828 1048 4908 et
1064 4851 1171 4908 nnnc
1186 4821 1269 4908 de
1256 4850 1347 4933 ipsa
1366 4819 1542 4905 lectione
1561 4815 1652 4927 agi·

216 4981 318 5054 mus,
348 4953 565 5039 dicendum
594 4960 657 5038 est
685 4955 806 5040 nobis
824 4963 911 5039 tarn
932 4981 981 5038 ex
1004 4955 1252 5041 auctoritate
1287 4955 1649 5064 grammaticorum

214 5089 340 5193 atquc
384 5085 620 5184 doctorum,
678 5113 801 5193 qnam
841 5083 965 5166 etiam
1003 5111 1054 5168 ex
1104 5086 1327 5170 traditione
1365 5084 1651 5170 modernorum

218 5212 523 5328 rnagistrnrnrn,
553 5219 656 5324 quot
675 5214 875 5325 partes,
863 5241 890 5298 1.
909 5243 945 5301 e.
977 5205 1199 5342 divisiones
1222 5214 1388 5300 lectio
1376 5243 1465 5325 ipsa
1488 5213 1653 5316 lrabeat,
