3968 5774
816 263 902 356 cap.
925 261 1066 340 xxxv.
1303 381 1310 398 .
1499 270 1653 358 tot
1776 255 1778 264 '

243 484 336 598 quia
363 481 506 592 regida
535 509 618 566 non
649 481 860 592 praecipit,
895 488 942 566 ut
970 483 1156 568 canorrici
1191 485 1233 568 in
1259 486 1434 596 coquina
1459 486 1555 588 siut,
1584 487 1654 572 sed

242 617 348 701 solos
378 612 598 698 monachos
628 613 827 724 praecipit
855 613 957 696 illud
985 614 1223 724 obsequium
1254 645 1388 726 agere.

350 743 563 853 Sequitur:
605 743 860 850 Epeossurus
896 741 946 828 dc
981 747 1209 849 septimana
1240 745 1404 830 subirato
1432 747 1655 832 ueterrditius

241 877 379 980 fraciut,
408 874 544 974 lirrlca,
563 898 650 956 cartu
671 876 813 980 prelium
834 873 913 956 sili
930 873 1083 978 fratres
1101 899 1247 959 errouus
1261 881 1331 960 uid
1344 876 1466 981 parics
1484 884 1654 983 torpunt,

242 1007 353 1091 iuuet.
413 1001 595 1088 Intentio
637 1031 733 1084 vero
774 1004 815 1091 S.
849 1003 1058 1088 Benedicti
1096 1005 1195 1106 sirit,
1226 1011 1274 1089 ut
1311 1005 1448 1091 omnia
1484 1003 1528 1088 iu
1565 1007 1653 1114 ipsa
1741 1027 1759 1058 ³

242 1135 496 1220 hebdomada
534 1133 670 1217 faciut.
728 1135 807 1218 Sed
849 1161 959 1216 ιιιιιιο
999 1135 1094 1243 quia
1131 1136 1247 1220 labor
1284 1138 1454 1248 grandis
1492 1142 1575 1236 est,
1606 1163 1654 1220 eo
1761 1227 1764 1236 ,
1881 1167 1884 1174 ’

242 1265 348 1376 quod
389 1291 470 1349 uon
507 1271 682 1374 possunt
716 1265 759 1348 in
800 1264 976 1374 coquina
1012 1268 1164 1351 seruire
1203 1275 1245 1352 et
1282 1269 1430 1352 iterum
1469 1263 1651 1376 porticus

241 1423 406 1506 scopare
448 1403 490 1477 et
525 1400 680 1478 asterus
716 1395 936 1478 rurrrmiitius
975 1396 1130 1499 irruere,
1161 1396 1315 1482 idcirco
1345 1395 1545 1481 dividitur
1572 1395 1651 1479 isto
1742 1421 1745 1428 ’

243 1525 383 1610 modo:
425 1527 450 1607 i.
481 1554 516 1610 e.
554 1523 596 1606 iu
634 1523 699 1644 die
737 1525 898 1609 sabbati
936 1535 1128 1638 scopatur
1168 1529 1342 1638 coquina
1383 1534 1425 1609 et
1461 1525 1653 1608 laxantur

178 1711 180 1716 -
241 1658 415 1768 lapidea,
448 1662 489 1742 et
525 1659 713 1742 scutellas
754 1657 839 1741 siue
878 1662 1000 1740 etimn
1039 1687 1205 1742 scannia
1235 1659 1385 1744 lavarat.
1445 1655 1495 1740 In
1523 1656 1651 1740 altera

241 1817 335 1872 vero
365 1788 552 1898 sequenti
583 1787 838 1872 irelulomada
860 1777 1039 1897 scopant
1067 1797 1176 1874 totas
1205 1789 1406 1902 porticus,
1436 1789 1463 1874 i.
1494 1817 1528 1872 e.
1557 1796 1652 1872 ante

240 1918 456 2028 coquinam
494 1927 535 2002 et
571 1927 666 2004 unta
706 1918 989 2019 relectorium:
1031 1920 1255 2030 capitulum
1296 1947 1393 2004 vero
1429 1925 1472 2002 et
1500 1918 1650 2002 dormi·
1734 2030 1735 2034 Ν

241 2049 390 2132 terium
421 2054 518 2132 ante
548 2052 779 2135 vestiarium
811 2049 933 2133 debet
962 2052 1242 2160 (cartrerarius)
1272 2049 1544 2134 camberarius
1563 2077 1651 2132 sco·

243 2209 348 2290 pare.
378 2188 421 2264 el
449 2189 546 2263 urite
567 2179 776 2263 basilicam
808 2179 1062 2266 basilicanus.
1106 2181 1384 2267 lieleetorium
1406 2209 1502 2264 vero
1526 2180 1650 2262 cells:-

240 2311 371 2394 rurius
406 2311 530 2393 deluat
566 2337 752 2420 scopare:
790 2311 823 2393 si
864 2311 981 2397 labor
1017 2311 1075 2396 illi
1115 2311 1259 2412 fuerit,
1290 2312 1413 2396 debet
1452 2317 1590 2420 petere
1625 2339 1650 2393 a

240 2443 392 2525 :lucano
420 2441 662 2548 adjutorem.
708 2439 813 2524 Num
840 2442 1178 2528 hebdomadarius
1201 2441 1302 2526 illud
1323 2440 1445 2525 (loiret
1469 2467 1648 2551 scopare,

240 2570 346 2680 quod
386 2572 574 2656 ommium
609 2578 682 2655 est.
741 2571 935 2681 Superius
971 2571 1077 2656 eninr
1119 2571 1241 2657 dixit:
1286 2576 1390 2658 Arete
1426 2572 1562 2655 οιιιιιὶιι
1600 2597 1649 2654 ue

115 2721 119 2730 '
239 2703 571 2784 :rereruuuuliouis
599 2703 750 2787 uudruu
765 2729 843 2806 pro
859 2699 1134 2808 qualicumque
1155 2726 1279 2787 calesu
1297 2702 1341 2784 iu
1364 2701 1498 2807 aliquo
1517 2703 1648 2810 quali·

238 2859 398 2940 celinquc
437 2831 553 2915 cerdo
594 2829 655 2915 cel
693 2834 984 2937 sipuilieutiona
1025 2839 1246 2938 uppureul,
1276 2839 1318 2916 et
1344 2831 1513 2944 reliqua.
1575 2832 1648 2916 illa
1725 2888 1728 2896 ·

237 2961 442 3048 sententia
465 2961 678 3073 generavit
700 2963 777 3048 hoc
800 2964 1036 3074 capitulum,
1066 2993 1311 3074 quamquam
1336 2969 1378 3046 et
1394 2963 1445 3046 ad
1465 2962 1647 3073 superio·
1804 3061 1807 3071 γ
1923 2951 1925 2960 “

238 3121 320 3176 rem
350 3121 512 3178 sensum
543 3095 875 3177 murmurationis
907 3095 1057 3177 ιιιιιΙιιιιι
1087 3094 1216 3202 possit
1243 3094 1407 3193 reterri:
1437 3101 1577 3179 tumen
1608 3100 1649 3178 et
1729 3113 1735 3130 '

237 3225 314 3306 hoc
343 3224 567 3334 capitulum
597 3225 811 3334 gerremvit
833 3271 875 3288 -
898 3225 1015 3334 :plausi
1047 3223 1200 3307 diceret
1228 3223 1318 3308 aliis
1349 3223 1480 3308 vermis
1509 3227 1550 3309 S.
1570 3225 1648 3309 lio·

239 3355 448 3438 nedictus:
491 3355 826 3438 murmurationis
855 3353 1024 3438 xnaalma
1074 3353 1294 3462 prohibeo,
1336 3361 1473 3438 taruco
1516 3351 1670 3453 vulco,-
1726 3435 1728 3440 ,

236 3486 343 3568 irride
372 3484 501 3595 possit
529 3487 726 3592 garrerari,
760 3483 836 3566 hoc
859 3488 922 3566 est
948 3483 1002 3566 ab
1028 3483 1224 3591 obsequio
1248 3485 1454 3592 i'ugierulo,
1483 3493 1525 3566 et
1555 3484 1646 3566 ideo

231 3613 378 3721 jubeo,
408 3618 455 3696 ut
490 3615 626 3698 nuilus
664 3607 880 3698 excusetur
910 3643 935 3698 a
964 3613 1163 3723 coquinae
1191 3615 1351 3715 ol'licio,
1381 3613 1476 3722 ιμιίιι
1514 3615 1647 3696 solent

159 3855 161 3858 Ι
237 3744 352 3830 multi
384 3772 490 3846 esse,
521 3742 591 3852 qui
620 3772 672 3827 so·
691 3751 887 3828 excussant
920 3746 972 3830 ol>
1001 3743 1200 3854 obsequio
1230 3745 1485 3854 sagionum)
1517 3751 1560 3826 et
1597 3773 1646 3826 ex

131 3963 139 3976 ,
237 3873 314 3959 hoc
343 3875 501 3960 occasio
532 3873 810 3960 murmurandi
840 3859 973 3964 datur.
1019 3873 1177 3960 Deimla
1202 3879 1249 3958 ut
1271 3873 1349 3959 iroc
1372 3873 1524 3982 :reulum
1550 3877 1648 3958 vite-

236 4010 324 4108 tur,
356 4004 448 4089 ideo
483 4006 620 4090 nullus
658 4009 870 4090 exarmatur
904 4006 957 4088 ab
996 4005 1193 4118 obsequio
1225 4009 1437 4118 coquinae.
1498 4007 1648 4093 lleddit

234 4165 410 4237 causum,
439 4164 585 4248 quare:
615 4141 711 4245 qula
733 4137 880 4224 ealredo
904 4137 1041 4244 :trojae
1059 4163 1208 4224 :exerces
1235 4145 1271 4224 et
1296 4141 1449 4222 curium
1469 4139 1646 4246 ucqmu'·

233 4272 299 4352 tur
318 4315 359 4332 -·
381 4267 466 4352 sive
486 4262 810 4354 subaudiendum
830 4275 912 4353 est:
937 4275 1104 4380 propter
1124 4269 1457 4357 murmurationis
1477 4268 1643 4365 rusulum,

234 4399 343 4508 quod
386 4398 571 4508 superius
614 4399 718 4484 dixit
758 4427 845 4484 esso
885 4401 1137 4502 saecundum,
1165 4429 1217 4486 ue
1256 4407 1487 4511 generetur.
1518 4387 1522 4395 ¹
1555 4399 1645 4481 lloc

234 4528 443 4616 sciendum
481 4538 564 4633 est,
593 4528 689 4642 quia
728 4530 842 4615 illam
875 4559 1041 4642 gravem
1072 4531 1315 4633 utilitatem,
1347 4558 1422 4643 pro
1451 4557 1531 4639 qua
1562 4557 1644 4656 mm

234 4670 373 4773 potest
411 4663 503 4773 quis
545 4663 588 4748 in
623 4663 800 4774 coquina
839 4650 1008 4765 servire,
1039 4664 1072 4747 si
1111 4668 1248 4773 potest
1286 4661 1412 4746 abbas
1453 4660 1646 4746 onrrrilrus

236 4795 506 4898 urauilestare,
535 4794 670 4895 debet,
700 4795 807 4879 sicut
835 4795 1023 4902 diximus,
1047 4804 1094 4880 ut
1111 4820 1277 4904 gravem
1298 4819 1383 4876 asse
1407 4789 1645 4900 intelligant

234 4923 362 5033 ipsam
393 4926 631 5028 utilitatem,
665 4932 709 5010 et
737 4953 829 5012 cum
857 4927 1028 5012 caritate
1059 4951 1198 5011 omnes
1225 4923 1507 5008 consentiant:
1546 4933 1646 5006 tuuc

225 5155 239 5301 ζ
322 5210 351 5300 ι)
373 5207 556 5322 rausum,
577 5208 626 5302 (ι)
651 5207 827 5300 rausum
848 5209 904 5303 (ι).
