4334 5750
478 176 557 256 len
1143 163 1231 254 Cen
1255 159 1302 234 ¹1

342 369 346 376 '
476 391 741 476 amieriam».
765 385 911 482 mares,
924 391 1064 470 assera
1087 381 1401 492 ‹raosqiaennm
1425 383 1524 468 aaa
1537 407 1613 488 ser
1632 379 1891 486 sainjau

356 543 361 554 ’
399 567 423 610 ·.
467 523 560 614 ‚tine
585 525 754 622 euectus,
782 523 820 602 et
848 515 965 600 boicis
991 515 1035 598 in
1066 513 1178 601 uredo
1199 540 1245 598 se
1257 515 1488 620 praeferat,
1515 518 1554 600 et
1571 539 1659 598 uror
1672 539 1892 622 neruorum

477 652 596 758 subm
624 650 761 760 erigit,
780 652 1017 756 potestaten
1043 645 1234 754 surtinus
1255 645 1324 731 sni
1333 645 1546 753 prioratus
1562 652 1766 753 animan,
1793 675 1892 754 orro-

477 792 593 868 tenus
619 789 657 866 ot
683 782 832 868 bourona
860 801 1082 886 senunesso
1123 776 1331 886 uenientem
1370 801 1415 860 se
1441 775 1615 860 arbelitis
1641 778 1739 862 beare
1765 778 1892 864 nieme·

478 914 585 1000 tibus
611 917 771 1022 deputet
797 921 835 1000 et
870 941 968 1021 mou
996 933 1213 1017 morsos
1245 909 1349 1016 juro
1385 907 1639 994 rectitudinis
1674 935 1755 994 riost
1782 937 1893 994 euer-
2021 982 2024 990 .

479 1075 566 1134 core
589 1049 794 1152 [orosam.
809 1047 842 1156 ι)
883 1044 1068 1150 Qctoiitos
1089 1048 1235 1126 autem
1264 1041 1419 1124 attinet
1446 1039 1499 1122 ud
1530 1041 1735 1141 meritum,
1763 1046 1805 1124 et
1833 1043 1896 1126 iu·

480 1179 713 1288 telligeutiu
740 1174 1091 1260 adintelleotnm.
1218 1161 1221 1166 ¹

591 1307 805 1414 Sequitur:
848 1311 889 1386 nt
919 1333 996 1388 raon
1027 1299 1155 1385 sotrum
1179 1298 1419 1384 rietrirnentn
1439 1301 1578 1408 gregis
1598 1300 1679 1384 sibi
1697 1303 1898 1396 coarrmissi

482 1463 562 1518 nrm
594 1435 806 1540 metiatur,
853 1459 988 1518 oenum
1031 1431 1153 1516 eddam
1196 1432 1238 1513 in
1281 1427 1600 1537 rerrffinesaetutione
1640 1430 1736 1513 bosri
1765 1435 1898 1539 ysena

479 1569 667 1674 uuerdent.
726 1563 849 1650 Nune
876 1570 1016 1648 eutuu
1054 1561 1189 1644 reddit
1217 1587 1404 1659 causans,
1443 1587 1572 1669 quma
1600 1560 1748 1646 debeat
1773 1563 1898 1646 abbas

482 1696 609 1780 alium
639 1723 781 1804 regere
810 1693 1123 1792 blandimentis,
1164 1689 1291 1774 elium
1328 1691 1677 1799 increpationibus
1706 1699 1747 1776 et
1776 1695 1898 1778 alium

484 1829 753 1930 suasionibus,
783 1833 825 1911 et
843 1827 1065 1911 secuudum
1087 1823 1406 1931 uniuscnjusque
1424 1821 1665 1930 qualitatem
1690 1817 1755 1908 uel
1783 1826 1902 1909 intol-

486 1959 701 2071 ligentiam
731 1961 986 2044 conformare
1014 1962 1057 2040 et
1084 1961 1227 2065 aptent·
1257 1953 1400 2058 (lebet,
1434 1981 1527 2038 oum
1555 1955 1717 2041 subdit:
1754 1967 1798 2041 nt
1824 1985 1900 2043 oron

487 2091 614 2174 solnm
640 2092 879 2176 detrimenta
916 2091 1052 2198 gregis
1079 2087 1160 2172 sibi
1187 2087 1391 2170 cerrensissi
1418 2113 1497 2170 non
1520 2087 1729 2192 onitintnr,
1771 2117 1903 2172 norrun

486 2223 607 2308 etiarn
638 2216 680 2308 in
709 2222 1028 2331 ‹carosnentntiona
1055 2222 1148 2306 boni
1181 2217 1317 2328 yreyis
1355 2203 1553 2328 mordent,
1592 2245 1640 2304 no
1668 2221 1702 2305 si
1731 2222 1903 2310 diceret:

488 2384 573 2440 non
614 2355 748 2439 solum
789 2357 844 2439 ob
884 2353 963 2438 hoo
1006 2353 1129 2438 debet
1170 2351 1238 2434 ille
1277 2351 1407 2435 abbas
1444 2353 1524 2436 istu
1563 2353 1702 2436 omnia
1727 2347 1907 2466 'propter

489 2489 683 2572 domuum
712 2487 852 2598 gregis
880 2486 957 2568 sibi
985 2487 1189 2570 commissi
1224 2510 1369 2592 agere,
1408 2485 1701 2568 verumetiam
1730 2492 1778 2569 ut
1805 2515 1907 2596 ung·

489 2623 697 2702 insudetur
716 2619 787 2703 ille
808 2644 908 2726 grex
933 2623 975 2700 et
990 2617 1194 2726 proficiat.
1248 2615 1307 2698 Et
1321 2614 1426 2699 bene
1440 2613 1565 2700 nixis:
1592 2615 1674 2699 sibi
1692 2618 1907 2724 eonnnissi,

360 2806 366 2815 -
490 2747 587 2855 quia
616 2775 699 2828 uon
728 2773 824 2828 suus
853 2753 916 2830 est
944 2746 1014 2828 ille
1050 2775 1165 2856 grex,
1194 2747 1265 2830 sed
1287 2745 1454 2830 Domini
1484 2752 1526 2829 et
1552 2745 1629 2830 sibi
1658 2748 1908 2852 commissus,

468 2877 620 2979 nime,
659 2877 762 2986 qnia.
794 2906 891 2960 suus
919 2905 1002 2960 non
1045 2885 1109 2960 est
1150 2877 1220 2960 sed
1263 2877 1341 2960 sibi
1370 2878 1627 2978 conmissus,
1668 2878 1760 2962 ideo
1788 2879 1910 2963 debet

492 3008 684 3118 diligenti
713 3003 811 3092 eura
851 3010 964 3092 illum
995 3014 1195 3106 traetare3
1236 3009 1305 3091 iile
1343 3007 1453 3090 enim
1492 3014 1633 3118 pastor
1670 3011 1825 3120 gaudet
1859 3012 1908 3093 de

369 3183 377 3199 ·
482 3143 830 3252 „augmentatione
860 3141 1019 3250 gregis,
1061 3145 1178 3250 enjus
1218 3169 1318 3252 grex
1359 3147 1654 3252 augmentatur
1682 3151 1725 3229 et
1752 3146 1907 3232 crescit.

494 3270 547 3355 Et
596 3273 687 3356 ideo
716 3255 828 3356 ‘dixit
866 3274 979 3383 prius
1019 3304 1100 3357 non
1142 3282 1310 3386 propter
1350 3275 1565 3382 slanrmnm,
1610 3277 1687 3362 boe
1724 3283 1789 3362 est
1835 3305 1909 3386 pro

492 3406 651 3506 timore,
682 3405 751 3488 sed
782 3407 905 3489 etium
938 3436 1012 3515 pro
1039 3409 1391 3518 augmentatione,
1422 3409 1501 3493 hoe
1538 3416 1600 3492 est
1631 3410 1782 3520 gaudio
1803 3411 1910 3492 uitae

493 3541 700 3638 aeternae,
732 3538 858 3622 saluti
888 3566 982 3624 ormi
1012 3542 1104 3650 qnis
1132 3541 1263 3624 mittit
1282 3548 1424 3642 setam,
1455 3559 1501 3624 ut
1526 3541 1761 3626 introducat
1782 3543 1909 3640 filum,

444 3711 448 3718 ·
497 3697 580 3752 uon
610 3675 658 3751 nt
685 3675 773 3752 seta
801 3677 1052 3781 permaneat,
1083 3673 1152 3756 sed
1182 3679 1229 3756 nt
1259 3702 1332 3783 per
1359 3680 1487 3758 setam
1521 3675 1634 3757 titum
1665 3675 1911 3776 introducat,

493 3801 552 3885 ita
581 3806 624 3885 et
652 3801 694 3888 S.
720 3801 965 3888 Benedictus
992 3805 1036 3888 iu
1066 3805 1144 3890 boe
1175 3805 1265 3891 loeo
1296 3807 1437 3892 iecisse
1466 3807 1649 3905 videtum
1677 3835 1770 3890 enm
1801 3808 1911 3918 prius

367 3939 380 4013 '.
494 3934 663 4019 incussit
692 3935 883 4024 timorem
903 3939 954 4024 de
975 3941 1125 4025 darnrm
1142 3940 1296 4050 gregis,
1326 3939 1440 4052 quiesi
1462 3946 1591 4025 setam
1612 3939 1734 4042 misit,
1764 3941 1912 4024 deinde

493 4095 587 4152 eum
606 4069 820 4180 subjunxit
842 4103 1022 4159 eruorem
1041 4075 1092 4157 de
1116 4074 1459 4183 augmentatione
1478 4073 1630 4184 gregis,
1662 4075 1778 4183 quusi
1799 4073 1911 4157 iilum

437 4185 443 4198 ’
494 4203 635 4288 traxit.
695 4203 749 4286 Et
779 4204 847 4286 ille
877 4217 1018 4314 pastor
1036 4205 1227 4288 tristatur
1249 4208 1300 4290 de
1317 4203 1468 4288 damno
1488 4205 1641 4316 gregis,
1669 4207 1786 4314 unijus
1814 4233 1913 4314 grex

443 4395 448 4408 .
496 4337 726 4418 minoratur
753 4341 797 4420 et
826 4337 1035 4420 decrescit.
1091 4337 1200 4420 Sunt
1219 4338 1328 4420 enim
1349 4336 1418 4421 alii
1442 4345 1641 4446 pastores,
1668 4339 1740 4444 qni
1760 4337 1914 4421 solum·

382 4455 384 4463 ἱ
495 4464 618 4547 modo
647 4494 723 4575 pro
752 4469 899 4551 timore
930 4495 1088 4578 poenae
1117 4475 1287 4578 gregem
1317 4497 1434 4552 suum
1464 4474 1658 4577 pascunt,
1691 4496 1745 4550 ne
1772 4467 1914 4575 flagei-

496 4597 653 4698 lentur,
696 4604 740 4682 et
781 4607 879 4682 sunt
907 4599 979 4708 alii
1008 4603 1212 4708 pastores,
1254 4601 1324 4710 qui
1355 4629 1439 4684 non
1467 4629 1543 4708 pro
1572 4601 1718 4683 timore
1747 4623 1915 4709 poenae·

495 4729 564 4812 sed
606 4759 682 4838 pro
724 4731 1053 4816 remuneratione
1093 4741 1267 4838 pascunt
1314 4759 1483 4841 gregem
1524 4758 1658 4818 suum.
1729 4729 1784 4812 ut
1825 4727 1915 4812 ideo

495 4859 624 4946 ubbas
656 4891 738 4946 non
767 4857 913 4949 solnm
931 4891 1007 4974 pro
1038 4863 1186 4948 timore
1203 4863 1491 4948 minorationis
1509 4865 1664 4976 gregis,
1693 4861 1764 4946 sed
1793 4861 1915 4945 etiam

495 5056 681 5070 *bu-
712 5061 757 5070 -—=

506 5235 511 5244 ,
590 5159 616 5240 ¹)
638 5151 701 5224 tib.
726 5155 871 5243 regulae
896 5160 977 5244 past
1012 5175 1091 5242 cup.
1115 5153 1147 5224 d.
