3994 5770
740 331 742 336 .
876 275 967 368 cap:
986 273 1045 348 Vl·
1595 283 1676 371 205

269 525 366 600 esee,
395 523 487 580 cum
518 496 608 607 quis
640 495 723 580 talc
752 497 920 580 verbum
951 498 1153 609 loquitur,
1193 505 1242 583 ut
1268 501 1348 605 ille,
1381 504 1452 613 qui
1480 504 1679 588 debuerat
1823 543 1833 560 ,

269 629 410 731 accidi,
434 655 515 710 uou
538 626 759 713 occidatur.
819 626 929 711 Dicit
951 629 1059 712 euim
1080 629 1121 718 S.
1137 629 1413 741 Hieronymus
1432 634 1475 718 iu
1497 641 1675 720 tractatu

269 763 396 844 (lacae
423 756 668 870 prophetae:
683 757 714 866 ¹)
754 757 932 841 Mauram
960 762 1118 843 martie,
1137 759 1316 866 camaldul
1352 789 1496 868 arura,
1534 767 1677 871 quadrae

233 889 514 1006 curtamaltru,
534 890 657 996 jueta
681 886 785 974 illud
798 893 902 996 arrad
920 889 1114 996 cumptum
1133 898 1214 976 eet:
1242 893 1295 976 Iu
1315 897 1502 982 arduitas
1517 897 1677 1008 liuyuae
1829 933 1830 936 ‘
1908 941 1911 954 ·

267 1049 376 1108 ruam
403 1030 439 1107 et
467 1023 563 1106 uita.

303 1211 306 1216 -
377 1151 591 1260 Sequitur:
640 1155 752 1239 Nam
794 1154 901 1258 laurei
944 1160 980 1237 el
1022 1157 1161 1240 dacaru
1201 1159 1438 1265 uraqietrum
1481 1160 1672 1260 condecet,

268 1293 397 1370 lacem
437 1289 473 1368 et
512 1283 658 1368 audire
707 1283 905 1390 discutito
952 1284 1265 1394 (discipularu?)
1311 1290 1501 1374 carrucarii.
1571 1291 1676 1388 Quia

266 1415 463 1500 condecet
501 1421 542 1502 et
572 1417 764 1503 cauveuit
792 1444 918 1500 rurum
959 1417 1215 1526 significant,
1256 1424 1393 1529 potest
1422 1418 1543 1503 etiam
1572 1421 1676 1503 raci-

267 1575 388 1660 prcce
415 1549 568 1653 dicere,
606 1548 752 1634 docere
781 1552 823 1632 et
852 1547 964 1659 loqui
994 1549 1193 1659 magistro
1221 1551 1433 1653 convenit,
1474 1561 1606 1636 tacere
1636 1558 1678 1636 et
1785 1599 1824 1635 ,-
1962 1553 1967 1562 “

265 1680 406 1765 audire
445 1681 688 1792 discipulum
727 1681 935 1768 coudecet.
993 1679 1047 1765 Et
1084 1679 1163 1766 hac
1203 1680 1412 1768 sciendum
1454 1690 1538 1787 est,
1581 1687 1676 1798 quia

269 1811 360 1915 lma,
390 1813 499 1924 quod
529 1815 649 1901 dicit:
694 1813 802 1924 loqui
829 1819 865 1898 er
893 1811 1031 1900 docere
1058 1813 1298 1922 magristrum
1325 1815 1518 1918 accederet,
1546 1823 1676 1905 tuere

265 1946 471 2030 ctarrdirc
499 1947 695 2054 discipulo
723 1946 920 2048 corruerit,
959 1945 1163 2056 generalis
1191 1947 1335 2058 regula
1363 1955 1445 2053 est,
1486 1977 1535 2036 ec
1564 1951 1674 2062 quod
1773 1927 1775 1930 ⁸
1931 1933 1943 2040 ¹.

269 2077 400 2162 ornuis
430 2077 634 2192 scriptura
661 2079 800 2164 diviua
828 2077 885 2162 ita
916 2077 1125 2188 praecipit.

375 2211 592 2321 Sequitur:
633 2218 670 2296 et
704 2213 815 2313 uico,
855 2211 894 2293 si
933 2237 1013 2318 qna
1048 2210 1293 2316 requirenda
1329 2220 1421 2297 suu
1459 2245 1486 2301 a
1518 2217 1673 2322 priore,

265 2343 489 2426 aaru'oumi
516 2341 737 2430 lurmilr'tala
773 2341 1074 2450 claudicatione
1112 2345 1354 2428 reuerentiae
1381 2347 1673 2452 requiraulm·;
1778 2453 1780 2458 ¹
1966 2437 1967 2442 u

264 2499 312 2557 ac
340 2473 374 2556 si
402 2473 571 2557 diceret:
601 2471 702 2558 Cum
727 2475 840 2558 omni
858 2465 1091 2560 humilitate
1112 2479 1154 2559 et
1171 2503 1262 2560 cum
1285 2476 1397 2562 omni
1414 2480 1670 2588 subjectione

264 2606 514 2690 reuerentiae
562 2607 835 2719 requirantur.
895 2605 950 2690 Et
989 2606 1091 2691 bene
1129 2605 1234 2691 dixit
1272 2608 1382 2692 clarui
1391 2671 1401 2711 ,
1443 2609 1469 2694 i.
1512 2637 1546 2698 e.
1588 2617 1673 2697 tam

263 2736 465 2850 emporia,
506 2767 626 2850 quam
668 2739 850 2841 animae,
891 2737 987 2848 quia
1026 2741 1198 2847 possunt
1233 2738 1351 2821 multi
1392 2740 1545 2825 subditi
1588 2770 1673 2827 csse

263 2896 432 2978 corpore
446 2871 489 2952 et
512 2897 596 2954 uou
612 2875 762 2973 mente,
787 2870 906 2954 sicuti
921 2875 1018 2954 suut
1037 2867 1214 2978 superbi.
1268 2867 1322 2950 llt
1339 2869 1487 2954 iterum
1504 2881 1675 2980 possunt

264 3027 348 3083 esee
375 2998 445 3084 alii
474 2998 627 3084 subditi
657 3009 792 3084 mente
822 3008 863 3084 et
892 3029 975 3086 uon
1015 3025 1205 3110 corpore;
1247 2995 1315 3081 isti
1345 3027 1428 3082 uou
1456 3008 1553 3085 mut
1581 3031 1674 3111 per·
1810 3049 1812 3053 ·

263 3128 372 3215 fecti.
432 3128 488 3214 Et
514 3130 662 3214 iterum
691 3131 762 3216 alii
803 3131 976 3216 humiles
1017 3136 1059 3215 et
1099 3135 1236 3214 tamen
1268 3156 1350 3215 uon
1381 3137 1479 3214 suut
1506 3133 1673 3235 subditi,
1754 3207 1756 3210 ,

190 3270 192 3276 ’
262 3259 384 3347 sicuti
411 3266 508 3345 aaut
548 3261 773 3372 principer,
813 3270 886 3348 aut
914 3269 1024 3348 certe
1064 3261 1134 3345 elii
1175 3259 1272 3344 boui
1315 3266 1358 3344 et
1396 3259 1590 3365 humiles,
1632 3272 1674 3347 ct
1834 3353 1837 3360 ,

210 3427 217 3440 ·
264 3399 400 3477 tamen
429 3420 513 3476 nou
543 3400 640 3478 suut
667 3393 820 3478 subditi
838 3395 953 3496 aliis;
983 3393 1050 3479 isti
1070 3398 1168 3479 suut
1191 3393 1388 3477 meliores.
1448 3391 1503 3478 Et
1525 3395 1671 3492 iterum

261 3531 360 3610 suut
386 3525 470 3627 alii,
499 3525 568 3642 qui
599 3529 697 3608 suut
723 3527 874 3611 subditi
906 3533 1043 3611 mente
1071 3531 1113 3610 et
1132 3552 1326 3634 carporer
1357 3525 1427 3608 isti
1456 3531 1553 3610 suut
1581 3554 1671 3636 per·

166 3667 168 3672 ’
262 3656 380 3761 lecti,
420 3655 540 3761 etde
579 3657 730 3740 talibus
758 3658 859 3742 dicit
896 3658 939 3741 iu
970 3657 1048 3741 hoa
1083 3658 1173 3741 loco
1202 3657 1243 3742 S.
1276 3655 1543 3742 Benedictus:
1584 3683 1672 3742 aum

262 3789 372 3872 aurai
399 3785 620 3874 lruuu'litata
643 3794 678 3872 at
699 3787 949 3895 eradicatione.
1008 3786 1063 3872 uu
1084 3787 1326 3896 quiavaluit
1344 3789 1389 3875 B.
1414 3787 1670 3891 Benedictus,
1772 3853 1773 3858 a
1892 3833 1893 3838 Ν
1966 3829 1967 3834 ¹

261 3927 303 4003 te
331 3921 556 4032 perlectum
587 3947 692 4023 eece,
732 3919 824 4004 ideo
852 3919 973 4004 dicit:
1012 3943 1100 4004 curu
1128 3921 1237 4002 cumi
1263 3917 1486 4003 lumrila'tate
1513 3923 1550 4000 ct
1576 3917 1670 4000 arrd·

252 4049 436 4156 jaalioua.
493 4049 585 4135 Hoc
597 4111 607 4151 ,
651 4049 761 4159 quod
801 4049 922 4135 dicit:
962 4077 1013 4132 ue
1049 4050 1233 4133 audeatur·
1253 4049 1354 4153 plue
1382 4045 1510 4154 loqui,
1551 4071 1669 4150 quam

261 4182 431 4288 expedit,
454 4208 544 4294 arou
575 4185 638 4264 eet
666 4179 708 4265 iu
738 4180 893 4290 regula,
923 4177 993 4263 sed
1022 4177 1259 4263 subauditio
1286 4183 1360 4264 est.
1563 4284 1565 4292 Ι
1618 4289 1622 4298 1
1672 4271 1675 4278 ,

371 4313 582 4424 Sequitur:
604 4309 883 4398 Scurrilr'talae
898 4309 959 4394 vel
973 4308 1095 4395 verta
1110 4307 1238 4395 aliaeu
1252 4307 1465 4393 autricum
1479 4307 1670 4392 cromatia
1723 4411 1727 4422 .
1763 4330 1765 4334 ’

262 4451 426 4530 aeterua
454 4443 646 4530 clausura
675 4441 719 4527 ia
746 4441 929 4528 autoribus
956 4439 1054 4526 lacte
1080 4441 1337 4527 damnamus.
1393 4437 1670 4526 scurrilitates
1720 4529 1725 4538 ,

262 4575 499 4663 derivantur
527 4573 580 4659 ab
608 4601 670 4677 aa,
699 4573 810 4684 quad
839 4579 902 4656 est
923 4599 1074 4672 scurra,
1103 4569 1129 4654 i.
1151 4597 1186 4655 a.
1203 4570 1422 4681 jaculator.
1480 4567 1671 4653 Saurrili·
1728 4665 1731 4672 y

262 4715 367 4793 tates
394 4713 493 4793 suut
520 4706 645 4792 rerba
666 4703 889 4818 jocularia3
920 4698 1179 4790 atiasa'sunt
1197 4701 1320 4787 rerba
1339 4701 1422 4802 illa,
1451 4727 1556 4809 quae
1584 4725 1667 4783 uou
1750 4701 1752 4704 ’

262 4837 415 4926 habeut
455 4837 657 4928 rationem
699 4837 741 4921 iu
782 4863 827 4921 ee
864 4841 951 4948 tam
989 4835 1150 4922 animae
1190 4862 1312 4946 quam
1351 4832 1555 4942 corporis,
1597 4829 1668 4914 seul

260 4967 454 5056 demuma
482 4971 666 5082 corporis
707 4965 864 5054 habent
901 4971 945 5053 et
981 4968 1114 5082 magia
1146 4971 1300 5052 uacent
1336 4963 1518 5069 animae,
1559 4963 1669 5072 quia,

350 5259 377 5350 ι)
398 5233 686 5330 commonuere
709 5253 798 5328 Orac
821 5251 883 5326 lib.
906 5253 938 5323 3.
959 5271 989 5326 a
1015 5251 1064 5323 13.
1090 5271 1122 5322 a.
1148 5231 1204 5322 lt,
1335 5251 1337 5256 '
1474 5320 1481 5333 ,
1622 5269 1627 5280 ·
