3934 5762
322 1169 385 1318 In
425 1233 589 1318 nomiae
618 1234 799 1324 Domini.
857 1233 1008 1346 incipit
1046 1239 1247 1320 tractatus
1276 1231 1503 1318 llilalcmari
1542 1257 1631 1318 mo·

179 1440 184 1448 .
218 1367 368 1456 unctui
355 1397 399 1452 m
416 1368 604 1478 regulam
619 1365 766 1458 Sancti
785 1369 1011 1458 Benedicti.
1042 1366 1449 1480 Incipiuntcapitula
1464 1365 1631 1498 regulae
1720 1429 1725 1440 .

217 1496 533 1588 monachorum:

425 1648 457 1738 1.
490 1649 552 1760 De
579 1652 804 1760 generibus
834 1657 878 1736 et
906 1650 992 1740 vita
1020 1648 1327 1764 ruopaelrorum.

398 1779 450 1864 ΙΙ.
481 1755 620 1879 Qualis
649 1769 797 1868 debeat
825 1811 913 1870 esse
940 1784 1081 1874 abbas.

376 1907 452 1994 III.
484 1907 546 1994 De
573 1911 819 2000 ndlriburrdis
846 1915 899 2000 ad
927 1915 1145 2002 corusilinru
1173 1909 1380 1998 tratribus.

310 2051 312 2058 ’
384 2037 456 2124 IV.
485 2041 597 2148 Quae
624 2049 724 2128 aurat
749 2044 1025 2132 iustrumenta
1055 2045 1258 2130 bonorum
1288 2067 1474 2154 oporam.

404 2171 455 2258 V.
487 2171 549 2256 Ilo
577 2173 824 2283 obedientia,
853 2175 986 2288 quatio
1013 2177 1082 2266 eit.

382 2302 456 2392 VI.
486 2305 547 2390 De
575 2305 872 2397 taciturnitate.

363 2431 457 2525 VII.
488 2432 550 2520 De
579 2435 826 2541 hunutlituta,
858 2465 962 2552 qnae
993 2437 1073 2526 XII
1102 2437 1254 2548 gradus
1283 2432 1424 2522 habet.

304 2597 305 2602 ¹
346 2563 457 2653 ΙΙΙΙΙ.
488 2565 549 2658 lle
578 2569 724 2658 officiis
754 2569 902 2658 divinia
931 2571 975 2658 in
1004 2569 1208 2660 noctibus

385 2697 454 2788 lX.
484 2698 638 2800 Quanti
667 2701 812 2816 pualnri
843 2702 1010 2794 dicendi
1038 2707 1137 2792 suut
1163 2695 1378 2790 nocturnis
1405 2691 1530 2783 Ιιοιίι.

405 2827 454 2924 X.
485 2829 669 2936 Qualiter
696 2833 866 2924 aestatis
893 2839 1080 2950 tempore
1117 2838 1267 2947 agatur
1296 2821 1631 2919 nocturnalem.
1718 2821 1722 2832 '

385 2961 457 3054 XI.
485 2963 671 3068 Qualiter
699 2963 914 3056 dominicis
943 2968 1086 3056 diebus
1116 2949 1281 3080 vigitiae
1309 2963 1502 3076 apurrtur.

363 3095 456 3186 XII.
486 3096 700 3198 Quomodo
751 3099 1051 3186 matutinorum
1107 3097 1345 3186 solemnitas
1398 3090 1631 3206 (dominicis

480 3227 641 3342 diebus)
669 3236 831 3341 agutur.

228 3453 234 3461 ,
338 3355 454 3447 ΧΙΙΙ.
486 3360 662 3448 Privatis
692 3362 836 3448 diebus
864 3361 1042 3473 qualiter
1073 3357 1269 3448 matutini
1298 3362 1538 3471 agantur.

297 3487 456 3610 XIV.
486 3488 535 3576 Iu
565 3491 764 3578 natalitiis
794 3501 1031 3584 sanatorum
1050 3491 1230 3604 qualiler
1247 3479 1416 3599 vigiliae
1434 3456 1632 3628 agantur.
1667 3565 1669 3568 .
1855 3461 1893 3618 ι’

300 3621 454 3712 XV.
484 3622 663 3731 Alleluia
691 3625 840 3736 quibus
867 3623 1126 3736 temporibus
1153 3621 1329 3708 dicatur.

339 3751 452 3842 XVI.
481 3753 667 3856 Qualiter
695 3756 835 3842 diuina
862 3783 988 3868 opera
1016 3782 1090 3865 per
1117 3753 1225 3839 diem
1255 3753 1478 3864 agantur.

313 3879 448 3973 XVII.
478 3884 590 3986 Quot
616 3887 764 3998 psalmi
793 3915 866 3998 por
894 3887 1055 3974 easdam
1084 3885 1286 4000 (diurnas)
1315 3882 1437 3970 horae
1459 3879 1632 3968 cauendi

480 4023 591 4102 eunt.

301 4131 456 4234 XVIII.
485 4149 576 4248 Quo
605 4151 788 4238 ordine
776 4151 853 4264 apsi
883 4151 1029 4262 psalmi
1058 4148 1219 4237 dicendi
1248 4151 1360 4234 sunt.

343 4275 457 4367 XIX.
487 4279 550 4368 De
563 4282 798 4402 disciplina
827 4284 1043 4396 psallendi.

367 4407 457 4497 XX.
486 4411 551 4500 De
580 4415 811 4501 reuerentia
839 4417 1050 4505 orationis.

260 4631 264 4640 ,
296 4539 460 4632 .X.Xl
489 4545 553 4634 De
582 4549 747 4638 decanis
774 4547 1025 4650 maurentani,
1054 4541 1195 4658 quales
1223 4541 1402 4628 debeant
1430 4567 1531 4664 esse.

42 4756 45 4789 2
199 4783 202 4790 ¹
265 4747 274 4774 .
323 4675 456 4764 XXII.
486 4677 702 4779 Quomodo
730 4679 939 4768 dormiant
966 4675 1173 4766 monachi.

220 4919 223 4924 Ι
301 4805 457 4902 XXIII.
487 4809 550 4898 Da
577 4813 1002 4902 excommnuicutIoue
1029 4807 1257 4922 culparum.

34 4956 41 4967 ’
301 4936 454 5032 XXIV.
483 4939 624 5044 Qualis
653 4944 802 5042 debeat
830 4970 917 5030 esee
945 4941 1091 5028 modus
1119 4905 1568 5027 excommunicationis.

36 5042 38 5051 ¹
211 5127 214 5134 2
325 5069 455 5160 XXV.
486 5073 548 5160 Da
576 5074 836 5205 gravioribus
862 5074 1009 5186 culpis.

289 5213 416 5272 ιιιιιιι
425 5218 565 5272 mun
524 5199 961 5287 memineramus.
927 5217 1058 5272 vonna
1104 5175 1130 5292 f
1203 5289 1206 5296 ¹
1413 5209 1428 5290 1
