3930 5788
138 215 144 346 s
252 269 335 354 tot
445 225 482 380 J
853 263 1063 360 cnutum
1218 321 1224 328 .

37 473 40 480 ⁴
166 475 195 492 ”
252 509 381 592 quare
405 457 542 570 debeo
568 511 709 572 omues
736 482 923 596 hospites
951 485 1060 610 daut
1085 483 1294 573 Christum
1321 455 1596 596 susciperei'
1582 513 1671 596 apoc

252 613 369 722 quasi
405 613 657 724 respondens
692 613 813 702 dicit:
850 615 947 722 qudo
974 615 1065 741 ipse
1091 615 1275 700 dicturus
1300 621 1381 702 cst.-
1418 613 1582 722 Hospes
1603 617 1698 724 [ai.

252 748 291 827 et
316 743 556 848 ιιιιιιριιιίι
577 743 657 831 tae.

362 872 576 983 Sequitur.
604 881 642 960 et
665 877 851 962 mnibus
877 903 1076 986 wrrprrucs
1093 879 1222 962 bonor
1240 787 1475 964 cchcheotur
1493 879 1670 963 macine
1762 865 1766 872 ’

253 1003 481 1090 domesticis
500 1003 599 1110 fidei
624 1009 662 1090 ct
686 1009 928 1116 percpi-iuis.
975 1007 1150 1096 Pulchre
1182 1005 1288 1092 dixit
1313 1033 1514 1116 magmas
1544 1007 1672 1094 honor

253 1135 507 1235 aciriheotur,
535 1142 632 1243 qnia
667 1136 859 1222 omnibus
896 1167 980 1224 non
1014 1138 1195 1249 aequalis
1223 1139 1429 1248 susceptio
1458 1144 1557 1250 apta
1584 1145 1671 1240 est3

254 1263 389 1374 neque
428 1264 537 1349 eninr
572 1271 731 1350 rectum
765 1272 850 1370 est,
879 1270 914 1353 si
941 1297 1013 1370 ea,
1039 1297 1145 1378 quae
1182 1268 1365 1378 paranda
1404 1274 1503 1377 sunt
1539 1269 1671 1372 diviti,

254 1394 283 1480 i.
311 1423 348 1481 c.
375 1393 512 1496 lectio,
541 1394 656 1478 cibus
685 1400 728 1479 et
749 1402 872 1507 potus
896 1398 1154 1485 abundantia
1178 1405 1472 1509 praeparentur
1488 1401 1672 1510 pauperi,

203 1553 209 1566 ·
255 1525 375 1610 diviti
403 1531 540 1610 autern
571 1554 640 1627 ea,
669 1553 776 1636 quae
811 1530 997 1642 pauperi.
1053 1529 1189 1644 Majns
1216 1529 1324 1614 enim
1355 1538 1566 1641 peceatum
1595 1537 1673 1635 est,

254 1685 378 1768 quam
408 1684 576 1760 merces,
605 1659 702 1768 quia
727 1689 884 1772 pauper
901 1662 1036 1748 nescit
1056 1691 1099 1747 sa
1122 1650 1339 1765 moderari,
1366 1665 1437 1772 qui
1454 1662 1491 1747 si
1508 1669 1672 1748 tanturn

244 1789 362 1894 ⁸siunt
389 1793 611 1873 consuetus
638 1795 788 1902 potens
815 1793 1139 1895 manducaverit,
1169 1792 1492 1902 crapulationern
1521 1821 1572 1878 ex
1594 1792 1675 1878 hoo

254 1920 427 2025 sentiet,
456 1925 500 2006 ct
534 1920 652 2007 uobis
685 1920 881 2012 dantibus
917 1933 1131 2034 peccatum
1166 1924 1411 2037 generabit,
1437 1925 1547 2009 sicut
1573 1924 1674 2009 dicit

255 2054 306 2139 B.
336 2053 612 2163 Augustinus:
642 2053 747 2140 Leuc
767 2063 827 2141 cst
839 2064 1063 2163 peccatum,
1090 2057 1131 2140 si
1157 2085 1219 2155 eo,
1246 2083 1351 2164 quac
1371 2083 1675 2162 prosperamus

221 2185 393 2286 diuiti,
434 2210 734 2290 praeparemus
772 2191 809 2269 ct
839 2186 1030 2293 pauperi.
1095 2185 1152 2272 Et
1186 2187 1292 2272 bene
1332 2187 1440 2272 dixit
1475 2213 1675 2296 corrpruus

150 2404 154 2414 ,
257 2314 492 2400 calcibeotur
517 2315 715 2417 matribus,
744 2317 843 2426 qnia
871 2320 905 2401 si
933 2346 1003 2420 ea,
1031 2346 1137 2428 quae
1164 2321 1334 2428 pauperi
1364 2325 1675 2430 praeparantur,

257 2451 556 2555 praeparentur
570 2445 702 2549 diviti,
731 2447 759 2536 i.
783 2455 826 2533 a.
849 2448 945 2532 faba
973 2452 1048 2532 aut
1074 2448 1229 2561 aliquid
1256 2435 1468 2550 rusticum,
1495 2455 1539 2532 et
1558 2447 1676 2533 volo·

257 2577 408 2662 erimus
436 2575 472 2660 ui
502 2577 627 2686 pedes
655 2575 807 2679 lavare,
834 2579 942 2686 sicut
963 2580 1145 2688 pauperi,
1175 2605 1259 2666 nou
1280 2579 1361 2662 erit
1382 2578 1517 2664 honor
1541 2577 1674 2679 diviti,

259 2707 329 2790 sed
368 2705 499 2817 magis
535 2705 686 2791 derisio
723 2710 767 2790 et
793 2709 838 2791 in
865 2707 1085 2792 stultitiam
1114 2707 1374 2817 reputabitur
1408 2713 1452 2792 et
1480 2705 1676 2790 damnum

260 2837 383 2921 etiam
414 2863 490 2945 pro
513 2835 591 2924 hoc
619 2838 869 2924 monasterio
896 2838 1177 2948 generabitur.
1236 2835 1292 2921 Et
1322 2843 1540 2948 propterea
1568 2837 1692 2922 dixit·

148 2951 157 2968 ’
260 2969 444 3055 tenuibus
476 2993 676 3077 corrpncus
710 2967 838 3054 botros
871 2969 1129 3072 calcitrent-ur,
1157 2970 1184 3054 i.
1215 2997 1250 3054 e.
1273 2969 1396 3079 juxta
1434 2969 1677 3082 qualitatem

151 3093 155 3102 ’
259 3128 458 3214 personae
495 3101 555 3186 ita
595 3100 852 3212 recipiendus
890 3106 954 3188 est
991 3102 1152 3213 hospes.
1208 3099 1291 3188 Sed
1323 3101 1488 3188 videtur
1513 3100 1678 3188 sibimet

230 3319 233 3326 .
261 3235 304 3320 S.
329 3234 576 3320 Benedictus
603 3261 691 3320 esse
711 3235 944 3320 contrarius
963 3235 1008 3319 in
1043 3262 1107 3337 eo,
1134 3236 1247 3348 qnod
1270 3235 1337 3320 hic
1364 3235 1466 3320 dicit
1494 3235 1678 3320 aturribus

261 3393 457 3476 corrprrucs
488 3365 616 3450 icorror
648 3366 906 3465 aciribcotur⁸
946 3373 990 3452 at
1030 3368 1200 3453 interius
1237 3369 1339 3454 dicit
1372 3368 1680 3478 peregrinorum

162 3561 168 3574 .
253 3525 561 3605 parmarumque
588 3499 764 3584 ιιιιιιίιιιι
794 3499 1088 3607 susceptionum
1116 3524 1216 3584 carro
1242 3498 1418 3586 sollicita
1446 3501 1681 3584 ecies'heotur

136 3671 139 3678 ·
262 3635 305 3716 et
322 3630 437 3740 reliq.
480 3630 696 3730 Quomodo
724 3630 915 3716 omnihus
940 3657 1150 3739 congruus
1171 3631 1306 3717 honor
1328 3631 1513 3716 exhiberi
1539 3631 1675 3732 debet,

261 3765 296 3849 si
325 3789 551 3874 pauperum
580 3767 624 3847 et
650 3763 959 3871 peregrinorum
989 3762 1167 3846 maxima
1187 3763 1392 3872 susceptio
1414 3763 1538 3848 dehet
1560 3771 1676 3849 esse?

236 3881 337 3985 'coi
365 3893 698 4046 respondendum
724 3900 814 4012 qst.
844 3923 927 3980 non
955 3893 1096 3978 estB.
1129 3893 1377 3979 benedictus
1403 3894 1484 3980 sibi
1512 3899 1680 3981 contra·
1762 3897 1765 3901 ’

227 4025 368 4133 'rius‚
404 4027 502 4138 quia
533 4025 636 4112 haec
671 4025 898 4129 sententia,
938 4026 980 4110 in
1010 4054 1094 4135 qna
1123 4026 1225 4111 dicit
1263 4026 1448 4111 scurribus
1481 4051 1680 4135 corrprrcas

264 4159 390 4244 Ιιοιιιν
417 4156 662 4260 exhibeatur,
690 4156 744 4240 ad
759 4155 1005 4242 exteriorem
1026 4157 1179 4242 attinet
1200 4156 1423 4259 hominem,
1450 4157 1523 4242 illa
1539 4161 1679 4242 autent

263 4288 489 4388 sententia,
526 4316 608 4400 qua
642 4285 743 4372 dicit
762 4314 993 4396 prurqrcrtcm
1020 4293 1058 4372 et
1081 4287 1387 4396 perepriuormu
1414 4291 1493 4374 etc.
1528 4287 1682 4372 attinet
1722 4341 1731 4354 ·
1768 4397 1771 4404 Δ

265 4418 319 4504 ad
346 4417 583 4504 interiorem
612 4417 831 4528 hominem,
860 4447 908 4506 ac
931 4419 967 4504 si
988 4419 1163 4504 diceret:
1192 4415 1236 4500 in
1259 4417 1574 4527 praeparatione
1595 4444 1680 4502 ser·

265 4550 355 4635 vitii
385 4552 663 4662 unusquisque
692 4551 842 4661 hospes
872 4553 994 4662 juxta
1021 4581 1137 4636 suam
1164 4577 1394 4635 mensuram
1424 4549 1680 4659 recipiendus

9 4782 14 4792 ι
159 4797 162 4804 Ι
265 4689 342 4785 est,
370 4687 509 4766 tamen
540 4683 582 4766 in
611 4685 751 4766 menta
779 4684 904 4768 dehet
934 4683 1130 4794 praeferri
1158 4709 1316 4794 pauper
1343 4681 1476 4768 diviti.

325 4891 327 4894 ,
378 4813 592 4923 Sequitur:
640 4813 693 4900 Ut
728 4841 820 4922 erpo
856 4817 1072 4900 crurrciatus
1094 4815 1221 4920 [aaut
1246 4813 1411 4920 decepto,
1442 4819 1678 4898 occunotur

266 4946 360 5030 cio
392 4947 536 5052 priore
571 4947 633 5031 ccl
658 4973 686 5030 o
721 4947 924 5052 frutribus
960 4972 1048 5030 cum
1084 4945 1195 5030 marri
1233 4943 1367 5048 officio
1393 4944 1601 5042 caritatis,
1644 4949 1683 5026 et

260 5063 460 5185 primitus
487 5085 599 5161 crau
626 5079 810 5186 puriter,
837 5086 876 5162 et
902 5079 963 5163 sic
989 5077 1069 5162 sibi
1097 5079 1297 5163 socientur
1322 5079 1367 5160 iu
1389 5103 1509 5185 poca.
1546 5075 1682 5183 'Qrtod

262 5210 384 5316 pacis
412 5209 585 5294 esuriam
614 5235 695 5292 ιιοιι
717 5210 840 5314 pricos
867 5209 1081 5316 offeratur,
1109 5209 1195 5294 uisi
1225 5209 1405 5294 oratione
1432 5208 1682 5314 ιιιιιιιιίιιι,
