3968 5774
800 219 885 314 erp.
910 219 1077 296 xxxur.
1568 227 1649 315 389

205 479 209 488 ’
245 443 398 547 tribuit,
417 442 449 554 ¹)
487 439 558 524 sed
591 439 643 524 ed
673 467 784 525 euam
816 441 1037 526 utilitatem
1066 443 1228 530 habero.
1286 442 1330 528 Si
1358 447 1495 530 autem
1524 443 1651 530 abbae
1729 519 1733 528 .
1767 535 1769 540 ,

241 585 312 666 aut
330 573 585 689 praepositus
608 577 684 658 eut
702 571 878 660 decanus
899 577 1043 684 postea
1060 573 1220 686 quaerit
1238 573 1344 683 illi2)
1374 603 1465 660 enee
1489 576 1650 660 tabutas
1716 635 1722 651 .

241 712 301 796 vel
330 706 563 820 graphium,
594 735 676 792 uon
707 706 831 792 debet
859 707 930 794 illa
953 735 1026 792 eua
1043 707 1154 792 ‘sicut
1165 707 1199 817 ³)
1227 704 1393 818 propria
1419 706 1650 810 defendere,

241 843 307 928 red
336 838 476 924 statim
506 837 614 926 dara.
671 837 714 924 Si
754 867 849 923 vero
889 866 974 924 uou
1011 838 1190 939 dederit,
1223 839 1310 951 jam
1347 838 1400 923 ad
1438 839 1648 950 proprium

241 977 326 1060 rult
367 971 595 1058 defendere.
653 972 751 1057 Cum
794 976 931 1056 autem
972 971 1072 1056 dicit
1103 969 1250 1056 Omnia
1289 997 1382 1056 vero
1420 972 1649 1056 necessarie

87 1199 91 1206 ,
240 1111 408 1212 epatre
434 1130 602 1208 operere
632 1103 879 1204 monosterii,
907 1101 1231 1190 subaudiendum
1262 1107 1342 1188 eat:
1379 1110 1554 1213 oportet,
1585 1103 1648 1188 vel

239 1237 369 1323 (tenne.
432 1237 614 1333 intuere,
645 1233 741 1344 quia
770 1262 852 1318 uon
882 1235 984 1320 dicit
1010 1266 1036 1322 a
1058 1236 1299 1343 perentitur
1328 1235 1392 1320 rel
1421 1235 1471 1320 ot
1492 1234 1648 1336 euticie,

238 1366 305 1452 eed
336 1393 361 1448 e
388 1369 506 1470 petre
533 1365 779 1450 monosterii.
838 1363 891 1450 Et
918 1364 1010 1450 ideo
1040 1392 1202 1452 necesse
1231 1370 1303 1468 eet,
1333 1365 1440 1450 sicut
1467 1365 1515 1450 B.
1546 1365 1648 1450 tire·
1726 1473 1731 1483 .

237 1495 376 1608 gorius
406 1494 517 1597 dicit,
546 1493 578 1578 ei
602 1496 691 1579 vult
713 1501 852 1606 pastor
874 1495 956 1580 suia
988 1497 1194 1610 discipulis
1214 1497 1422 1608 proficere,
1450 1521 1646 1604 maguum

236 1627 413 1712 ebutium
444 1626 568 1710 debet
596 1626 746 1712 habere
783 1627 832 1712 de
861 1627 1156 1738 temporalibus
1184 1623 1496 1714 necessitatibus
1526 1653 1644 1736 prae·

237 1759 391 1846 bandis.
452 1759 529 1864 Qui
557 1785 646 1846 eure
674 1785 819 1846 errrore
846 1760 1076 1866 corporolia
1104 1824 1115 1846 .
1145 1823 1155 1847 .
1187 1823 1198 1844 .
1227 1820 1238 1847 .
1268 1763 1326 1844 cet
1353 1755 1511 1864 infideli
1538 1759 1645 1841 riete-

130 1999 133 2004 .
235 1893 331 1975 rior.
344 1888 380 2000 ⁴)
438 1891 554 1990 Quod
586 1919 682 1978 vero
721 1892 823 1978 dicit
862 1893 967 2000 qnod
1002 1892 1130 1978 ebbae
1168 1915 1247 1976 nort
1279 1889 1434 1976 dederit
1463 1886 1525 1974 cet
1547 1916 1645 1994 pcr-

234 2023 388 2106 mieerit
404 2069 453 2090 -
469 2022 570 2106 ctare
589 2024 754 2128 attinet,
786 2024 895 2135 quod
918 2025 1045 2108 abbae
1068 2025 1139 2108 dat
1166 2023 1218 2107 de
1241 2022 1362 2108 rebus
1387 2020 1643 2116 nronasterii;
1741 2061 1744 2068 ·

233 2155 339 2264 quod
369 2152 639 2238 autemdicit
671 2155 926 2260 permiserit,
962 2155 1114 2239 attinet
1141 2154 1192 2241 ad
1220 2153 1342 2256 illud,
1380 2153 1490 2264 quod
1518 2153 1645 2237 abbae

234 2285 437 2388 concedit,
476 2285 502 2374 i.
533 2313 566 2368 e.
597 2287 708 2396 qrrod
738 2289 1031 2397 aparentibus
1072 2286 1136 2372 rel
1174 2286 1228 2370 ab
1265 2285 1403 2396 utiquo
1443 2282 1643 2370 monacho

234 2414 439 2502 tribuitur.

340 2547 559 2656 Sequitur:
605 2550 828 2656 Ourrrieqne
867 2551 1049 2636 aturribus
1085 2544 1498 2647 abrenuntiaret.
1532 2574 1566 2629 e.
1598 2553 1641 2627 et
1700 2596 1702 2600 -

108 2739 112 2750 .
232 2675 368 2762 omnia
394 2677 480 2762 siut
507 2681 741 2768 communia
770 2681 970 2766 omuibus.
1010 2682 1123 2766 Beue
1155 2677 1277 2764 dicit:
1306 2675 1530 2762 cormrrrorr'rr
1551 2677 1642 2758 aiut
1798 2668 1801 2780 j

87 2903 90 2908 ¹
229 2807 422 2909 curritur,
447 2809 544 2918 quia
567 2808 640 2896 bos
662 2817 735 2896 erut
750 2840 850 2923 ager
864 2811 928 2894 vel
950 2839 1079 2922 equus
1100 2815 1143 2895 et
1166 2815 1301 2896 cetera
1325 2807 1515 2892 omnibus
1532 2833 1642 2891 com·

230 2937 367 3022 unuin
395 2939 548 3024 debent
576 2971 673 3030 eree.
733 2943 882 3029 Nullus
922 2943 1030 3028 euim
1061 2941 1184 3026 debet
1211 2939 1362 3025 habere
1390 2943 1463 3022 eut
1491 2964 1640 3045 equum

229 3077 299 3152 aut
320 3069 488 3181 aliquid,
513 3073 623 3184 quod
647 3103 729 3158 nou
754 3075 808 3159 sit
836 3102 1064 3160 commune.
1126 3069 1180 3157 Ut
1201 3071 1493 3176 scriptumest:
1518 3091 1641 3172 rrcpne
1748 3071 1750 3078 '

228 3199 436 3306 qnisquam
475 3227 589 3286 eurem
625 3204 783 3311 aliquid
819 3231 906 3290 esee
944 3203 1052 3290 dicet
1088 3205 1147 3286 ret
1169 3205 1409 3310 praearmat
1439 3246 1489 3264 -
1520 3197 1636 3308 quari

228 3329 357 3415 client:
389 3360 471 3418 uon
501 3333 624 3418 debet
642 3332 792 3445 aliquia
810 3336 944 3421 dicere
967 3361 1097 3420 errorem
1116 3332 1286 3444 aliquid,
1316 3331 1424 3416 sicut
1443 3330 1636 3436 scriptum

180 3523 186 3541 .
228 3465 314 3545 eet:
345 3462 552 3571 quianon
583 3463 747 3550 dicabat
775 3468 837 3549 vet
868 3466 1166 3575 praesumebat.

336 3591 550 3704 Sequitur:
612 3595 726 3700 Queri
754 3597 792 3678 si
819 3598 1031 3702 qnisquam
1059 3597 1151 3681 taric
1177 3591 1422 3700 ereprrieaiuro
1448 3589 1542 3674 vitio
1571 3592 1638 3674 rte·

224 3721 446 3826 pratenses
485 3723 611 3828 fuerit
648 3725 861 3828 delectori,
891 3725 1157 3811 ertmoncetur
1191 3721 1311 3808 ureret
1338 3729 1374 3808 et
1402 3722 1574 3825 iteratum
1601 3719 1639 3804 si

226 3877 305 3936 nou
333 3853 613 3955 emendaverit,
643 3857 883 3962 correptioni
910 3853 1126 3960 arrbjaeeot.
1186 3853 1426 3940 Surrt'euim
1455 3852 1537 3952 ulii,
1568 3851 1637 3960 qui

227 3979 333 4066 istud
355 3982 644 4089 rreqnirsimum
668 3987 808 4071 citiam
830 3985 1013 4072 referunt
1033 3984 1085 4070 ad
1109 3986 1163 4087 id,
1194 3987 1303 4097 quod
1322 4011 1447 4094 cupra
1464 3981 1635 4067 dicitur:

226 4139 348 4220 neque
377 4115 535 4221 aliquid
562 4115 708 4230 trabere
731 4115 958 4224 proprium.
1019 4118 1128 4204 Sunt
1155 4116 1302 4207 iterum
1332 4114 1423 4218 alii,
1459 4111 1528 4223 qui
1557 4111 1634 4196 hoc

226 4243 512 4348 rrepnteer'mum
541 4247 695 4352 eitiunt,
727 4249 911 4336 reterunt
939 4248 989 4334 ad
1020 4246 1076 4350 id,
1105 4246 1217 4358 quod
1246 4245 1370 4358 paulo
1399 4273 1521 4353 cupra
1537 4241 1636 4326 dici·

226 4375 313 4458 tur:
343 4401 393 4485 ne
410 4380 634 4485 'qumquam
662 4401 779 4463 ernon
807 4381 930 4468 dicet.
989 4378 1070 4466 Sed
1098 4376 1242 4464 melius
1271 4375 1404 4485 eat,⁶)
1433 4376 1484 4460 ad
1512 4399 1635 4481 rreqne

223 4503 379 4614 otipur'rt
414 4507 560 4594 tatere
589 4511 806 4616 proprium
844 4514 1044 4599 referatur
1084 4537 1207 4621 quam
1245 4510 1298 4596 ad
1336 4532 1463 4594 mecm
1491 4505 1633 4606 dicere,
1793 4583 1796 4590 ,
1959 4532 1965 4550 ·

311 4757 339 4826 ¹)
363 4745 535 4836 tribuitur
555 4747 610 4838 (t).

309 4863 337 4940 ἰ
360 4855 407 4928 ab
429 4853 494 4930 iilo
516 4853 575 4944 (t).

309 4969 338 5053 ι)
359 4965 422 5037 ille
443 4967 536 5039 cicut
556 4969 703 5060 rua-(t).
1255 4997 1257 5002 ¹

147 5095 150 5105 ·
308 5077 337 5163 ⁴)
359 5074 434 5147 bib.
459 5075 570 5167 regul.
594 5081 726 5169 partor.
748 5087 842 5170 part.
869 5079 914 5152 11.
938 5101 968 5152 c.
992 5078 1024 5164 t.
1047 5079 1106 5166 (ct.
1131 5076 1263 5169 Migua
1287 5075 1326 5149 Τ.
1350 5075 1405 5147 tt.
1428 5073 1494 5148 ool.
1517 5075 1589 5164 ⁴1.)
1673 5107 1676 5114 ¹

308 5189 336 5280 ι)
358 5185 484 5260 melin·
505 5192 572 5284 ert,
595 5193 636 5262 ut
658 5239 667 5264 .
692 5241 701 5261 .
726 5240 737 5267 .
