3934 5762
95 379 97 386 Α
249 269 300 354 12
635 299 650 348 ·.
842 181 1032 388 Proloput.
1155 258 1165 281 ⁸

246 514 341 572 euru
360 485 493 572 diuite
514 482 704 594 propriis
718 481 999 586 roluolmdrue,
1026 505 1281 596 eomequeur
1308 490 1383 590 eet,
1411 491 1459 574 ut
1483 486 1535 578 de
1552 485 1663 574 vitii·
1751 533 1759 552 ·
1953 471 1954 489 Ν

249 614 545 728 intelligamus.
601 613 683 700 Sed
710 614 809 726 quie
835 614 942 700 uolet
968 615 1157 702 diubolur
1190 617 1269 702 rub
1301 618 1438 732 rpeeie
1463 618 1662 705 bouitutiu

250 746 462 832 homiuem
515 745 727 856 decipere,
776 745 931 831 ideireo
977 746 1120 832 voleoe
1158 745 1209 837 Β.
1248 746 1497 836 Benedictus
1546 753 1663 834 utro·
1754 795 1761 808 ·

13 953 15 972 ,
166 943 172 955 .
247 904 329 989 que
365 875 547 986 perieulo
586 904 725 962 cerere
761 904 882 960 uuum
918 877 1162 980 auditorem,
1202 877 1333 967 dixit:
1370 879 1664 966 udrmruotioue

13 1065 15 1086 ,
57 1089 63 1101 ,
172 1027 189 1050 “
243 1006 435 1116 propriis
460 1005 742 1122 toleratoribus,
781 1006 824 1091 id
853 1019 917 1090 eet
943 1034 1030 1092 uou
1058 1009 1192 1094 solum
1220 1008 1347 1113 illum,
1388 1040 1495 1123 queo
1520 1015 1663 1122 aperte

79 1225 81 1230 .
249 1139 361 1226 ruulu
388 1137 597 1250 suggerit,
633 1137 705 1222 eed
732 1139 859 1223 etium
887 1138 1024 1243 illum,
1063 1167 1171 1250 quoe
1198 1141 1275 1224 eub
1302 1142 1439 1251 speeie
1467 1129 1691 1228 bonitatiu'

252 1271 412 1356 occulte
451 1269 668 1386 tundetur,
708 1269 833 1355 debet
869 1264 1061 1380 reepuere
1100 1271 1372 1361 voluntatem.
1427 1270 1663 1360 Secundum

249 1428 348 1488 vero
376 1401 550 1488 eliorum
576 1427 740 1492 sensum
770 1402 935 1510 proprie
963 1401 1155 1486 roluutm
1182 1403 1431 1512 intelligitur
1460 1401 1585 1488 etium
1612 1403 1664 1488 de

141 1563 144 1570 ¹
251 1536 361 1622 bono
388 1561 446 1637 re,
489 1533 600 1628 verbi
629 1531 778 1643 gretie,
808 1533 973 1642 vigiliae
1000 1532 1135 1620 bonae
1163 1539 1274 1636 suut,
1304 1536 1511 1620 orationes
1531 1535 1664 1621 bouue

247 1672 359 1772 suut,
380 1667 585 1778 jejunium
615 1665 768 1748 bouum
803 1671 878 1766 est,
907 1662 978 1747 sed
1006 1663 1106 1748 item
1133 1666 1326 1778 propriae
1354 1671 1518 1753 uostrue
1545 1668 1663 1771 fiunt,

251 1827 344 1884 oum
372 1789 421 1883 ee
448 1824 681 1908 superamus
717 1823 744 1879 a
771 1795 942 1880 eeuiorie
971 1795 1035 1879 rel
1062 1825 1088 1879 u
1115 1797 1317 1881 bonorum
1354 1796 1529 1882 lrutruur
1565 1827 1664 1886 eoo·
1740 1807 1745 1814 '

248 1959 394 2034 seusu,
436 1927 550 2012 verbi
591 1929 740 2038 gretie,
781 1928 888 2011 siout
925 1956 1054 2038 equor
1090 1936 1164 2013 eut
1200 1931 1275 2016 boe
1312 1935 1388 2022 uut
1421 1930 1560 2040 uliquu
1587 1958 1664 2036 reu,

251 2051 376 2171 ‹juom
404 2080 503 2144 eum'
528 2053 782 2172 pooeidemue
818 2061 907 2146 siue
934 2063 1223 2160 eommuuioue
1258 2062 1434 2148 eliorum
1473 2061 1664 2164 fratrum,

248 2192 430 2280 eflicitur
459 2203 645 2278 uestrum
674 2193 901 2304 proprium.
959 2193 1132 2280 Neouou
1174 2199 1217 2280 et
1247 2195 1397 2280 iterum
1426 2195 1461 2282 ei
1488 2197 1566 2281 bos
1592 2201 1666 2282 eut

247 2355 350 2440 eger
389 2332 453 2414 eet
486 2326 728 2428 eommunis,
766 2325 918 2412 dieitur
956 2333 1110 2436 noster,
1146 2328 1181 2416 ei
1220 2356 1316 2416 vero
1346 2356 1432 2416 nou
1459 2334 1524 2416 est
1551 2357 1665 2417 eom·

248 2459 406 2565 munio,
448 2459 601 2545 dieitur
651 2489 786 2560 uleus,
825 2459 887 2546 itu
928 2459 1054 2547 etium
1095 2460 1231 2548 orutio
1271 2468 1346 2547 eut
1387 2463 1555 2549 nuditus
1590 2469 1666 2549 eut

1852 2382 1879 2453 't

60 2563 64 2684 ἶ
248 2598 433 2680 caeterae
485 2591 746 2701 operationes
799 2593 933 2678 bouue
980 2594 1013 2678 si
1066 2620 1159 2678 oum
1212 2621 1414 2692 oouueueu
1469 2595 1664 2704 spiritalis

144 2753 150 2764 ·
197 2811 201 2818 ,
249 2724 381 2836 patro
396 2721 400 2729 “
416 2724 524 2809 frunt
553 2723 616 2808 rel
644 2724 848 2808 bonorum
877 2723 1072 2826 fratrum,
1112 2733 1212 2811 tuue
1247 2725 1443 2812 dicuutur
1479 2731 1696 2826 uostrueg·

80 2929 84 2940 .
246 2855 284 2942 ui
311 2884 409 2942 vero
436 2853 607 2966 proprio
633 2852 821 2956 arbitrio,
849 2854 891 2938 id
929 2855 1110 2940 estsine
1136 2884 1340 2942 eouseneu
1369 2857 1565 2968 spiritalis
1593 2885 1665 2966 po-

1953 5379 1954 5430 ι

246 2987 323 3073 trie
339 2989 422 3073 ·vel
451 2986 654 3072 bonorum
683 2985 880 3086 fratrum,
908 2985 1059 3070 dieitur
1087 3014 1236 3074 meum.
1294 2987 1360 3072 ltu
1386 2991 1519 3080 etiam,
1539 2989 1698 3074 orati·'
1744 3037 1748 3044 ·

173 3219 177 3228 ³
248 3144 347 3203 oues
367 3115 433 3201 rel
448 3117 668 3221 nuditates,
696 3123 770 3202 out
791 3123 975 3203 coeterae
995 3119 1128 3206 bouee
1150 3119 1338 3224 virtutes,
1365 3119 1483 3204 uieue
1498 3118 1667 3230 proprio

65 3249 69 3274 ²
246 3247 434 3354 arbitrio,
463 3248 504 3331 id
534 3249 712 3335 estsine
744 3277 944 3338 eonueueu
972 3250 1198 3363 spiritualis
1219 3253 1352 3363 petris
1379 3251 1446 3338 vel
1465 3251 1666 3338 bonorum

249 3381 425 3466 fratrum
467 3382 788 3489 exercuerimus,
833 3382 1014 3472 efficitur
1053 3389 1241 3472 nostrum
1281 3382 1516 3496 proprium,
1557 3383 1667 3495 quio,

250 3541 496 3627 quemquem
534 3517 668 3603 bonae
703 3515 801 3621 rint,
844 3521 986 3602 tomen
1023 3516 1063 3602 ui¹
1097 3546 1165 3603 eus
1200 3516 1368 3631 proprio
1406 3516 1578 3604 arbitrio
1606 3515 1667 3600 usi

251 3645 462 3750 fuerimus,
490 3649 536 3735 in
563 3648 773 3761 proprium
803 3649 924 3737 uobis
951 3651 1271 3764 reputabuntur.
1325 3647 1391 3736 Itu
1420 3652 1531 3738 euiru
1567 3648 1669 3736 diei·

202 3787 204 3790 ’
251 3809 343 3866 mue
370 3769 502 3867 bonite
530 3783 606 3868 hue
634 3811 697 3868 reu
724 3783 933 3897 propriam
968 3785 1251 3889 uoluntatem,
1291 3784 1405 3869 verbi
1433 3782 1595 3896 gretie,
1634 3781 1669 3865 ei

251 3915 312 4002 vie
332 3915 564 4013 triduanum
587 3926 661 4002 uut
678 3915 900 4004 biduanum
925 3944 1049 4028 agore
1068 3921 1143 4004 eut
1166 3923 1298 4004 totam
1313 3914 1669 4043 quadragesimum

40 4053 44 4060 ’
146 4045 160 4150 J
245 4051 449 4161 jejunare,
491 4054 534 4134 et
569 4049 721 4136 dixerit
761 4050 891 4136 obbas
927 4057 1002 4137 eut
1038 4051 1235 4163 spiritalis
1274 4051 1417 4152 frater,
1459 4077 1544 4133 ιιοιι
1582 4078 1669 4134 esse

57 4201 60 4208 '
233 4183 419 4286 bouum,
460 4186 507 4267 tu
534 4182 657 4270 debes
685 4183 906 4289 dimittere,
941 4189 1017 4276 eut
1043 4189 1154 4272 uerte
1181 4181 1382 4297 quidquid
1412 4188 1458 4267 tu
1486 4181 1590 4294 agis,
1622 4185 1670 4266 ut

144 4359 149 4376 ·
251 4316 467 4428 displiceat
492 4320 567 4401 eut
593 4316 736 4402 abbati
755 4314 930 4430 spirituli
951 4324 1026 4403 eut
1049 4318 1247 4404 iratribus
1264 4315 1530 4429 spiritulibus,
1560 4322 1605 4401 et
1623 4320 1670 4400 tu

251 4447 509 4560 cognoveris,
538 4477 621 4536 nou
650 4450 775 4536 debes
799 4451 842 4534 iu
866 4457 938 4536 tue
967 4450 1183 4536 uoluntate
1212 4453 1301 4559 ipsu
1329 4450 1438 4533 bonu
1459 4447 1670 4558 operando

170 4667 175 4678 ,
250 4569 468 4693 persistere
507 4579 668 4686 dioeue,
711 4583 867 4670 bouum
908 4605 1012 4668 esse:
1074 4581 1133 4666 Et
1166 4581 1260 4683 hoe,
1287 4582 1322 4664 si
1362 4578 1462 4665 boui
1502 4579 1670 4698 fuerint,

176 4801 183 4817 ,
252 4715 401 4828 quibus
428 4712 705 4826 displicuerit3
733 4743 827 4798 uem
857 4714 892 4800 ui
922 4711 1019 4798 mali
1043 4712 1210 4816 luerint,
1240 4740 1324 4796 uou
1347 4715 1411 4796 et
1432 4710 1670 4796 eusoultuu·

65 4896 72 4914 ·
174 4921 181 4934 .
252 4849 364 4952 duur,
394 4875 490 4932 uum
516 4847 640 4933 debes
667 4875 828 4956 semper
849 4846 961 4932 bonu
982 4872 1118 4957 egere,
1139 4848 1188 4929 ut
1207 4843 1287 4928 tibi
1306 4847 1350 4929 et
1360 4842 1452 4926 aliie
1466 4841 1669 4954 proficies.

72 5061 75 5068 Α
221 5064 231 5078 ,
366 4977 586 5090 Sequitur:
616 4978 790 5063 Domino
820 4979 994 5065 Olrrieto·
1008 5005 1101 5064 uero
1125 4979 1225 5088 repi.

76 5217 79 5224 Ι
246 5179 248 5183 ,
365 5111 452 5197 leta
479 5112 588 5198 enim
611 5111 776 5222 singule
799 5111 923 5196 verbu
943 5111 1068 5222 plena
1090 5114 1189 5196 suut
1208 5111 1436 5222 gravitate,
1467 5107 1671 5194 Dominae

124 5253 160 5346 ’,
253 5247 364 5332 enim
392 5273 418 5330 ιι
445 5245 568 5330 domo
597 5244 731 5339 dietus
760 5247 836 5348 eut,
865 5244 962 5356 quiu
990 5243 1098 5328 eleut
1125 5243 1207 5344 ille,
1237 5241 1308 5352 qui
1331 5246 1496 5355 praeest
1515 5239 1670 5342 domui,
