3930 5788
834 267 909 363 Cap
942 267 1069 342 nxm.
1574 271 1654 354 577
1687 281 1691 290 '

249 503 367 612 culpa
396 496 546 601 dignus
576 493 638 574 eet
671 487 868 599 judicari,
910 517 998 574 cum
1030 489 1130 591 dicit
1166 489 1414 596 suscipiatur
1443 491 1487 574 iu
1515 489 1657 575 ordiuc

244 632 302 720 vet
328 635 370 714 iu
410 626 651 736 circumque
689 619 816 704 ottae
851 619 1075 705 decreuerit.
1136 621 1242 708 Nam
1272 622 1384 708 aliud
1415 630 1478 709 eet
1506 623 1659 734 degra-

245 765 359 864 dare,
388 755 497 842 eliud
539 780 637 837 vero
675 750 751 836 tibi
781 750 949 836 fratrem
991 741 1228 862 praeferre}
1247 781 1283 838 v.
1314 778 1393 863 gu‘
1415 757 1448 840 si
1479 753 1653 838 alterum

247 893 321 978 tibi
355 884 581 1000 praeponit,
612 911 697 968 non
737 887 779 966 te
815 881 1035 993 degradat,
1066 883 1162 994 quia
1188 883 1322 970 locum
1353 890 1469 972 tuum
1508 884 1657 984 habam

247 1027 278 1110 ei
311 1049 404 1106 raro
427 1021 470 1102 te
489 1043 564 1126 pro
586 1013 726 1125 aliqua
743 1013 865 1124 culpa
888 1011 1015 1125 digua
1037 1015 1080 1098 in
1100 1011 1282 1100 interiori
1303 1015 1394 1102 loco
1417 1019 1491 1102 aut
1512 1015 1659 1102 ultimo

248 1151 376 1267 ponit,
405 1157 504 1234 mne
529 1147 742 1258 degradat.
795 1141 842 1230 ln
873 1143 1099 1230 minoribus
1128 1145 1259 1256 culpis
1288 1146 1509 1260 degradari
1539 1147 1661 1232 dabat

249 1285 366 1371 etiam
397 1281 556 1366 duobus
586 1279 738 1379 modia,
779 1303 815 1362 u.
846 1301 909 1386 gr.
945 1277 978 1360 ai
1000 1279 1394 1364 excommunicatur
1427 1279 1552 1365 trater
1580 1280 1661 1364 tre·

249 1419 420 1528 quanter
467 1411 511 1495 in
561 1405 988 1493 excommunicatione
1033 1407 1205 1517 simplici
1253 1413 1296 1492 et
1345 1439 1427 1496 nou
1472 1412 1663 1496 emcndu·
1725 1443 1731 1454 ·

250 1548 370 1646 uerit,
399 1542 520 1626 debet
558 1566 651 1624 eum
691 1537 818 1622 abbae
854 1537 906 1624 ad
947 1538 1197 1646 adjutorium
1229 1541 1664 1627 excommunicationis
1812 1582 1831 1602 ··

249 1673 484 1788 degradare,
513 1671 541 1759 i.
570 1699 605 1758 e.
636 1672 685 1754 ut
714 1667 847 1780 magia
876 1670 1021 1756 timeat
1048 1673 1508 1758 excommunicationem
1526 1675 1570 1757 et
1588 1699 1662 1782 pro
1813 1669 1819 1680 '

248 1810 323 1896 hoo
361 1803 612 1891 emeuudetur.
670 1797 930 1909 Depradari,
960 1800 987 1886 i.
1016 1831 1050 1888 e.
1083 1801 1125 1887 in
1165 1803 1311 1888 ultimo
1353 1805 1445 1890 loco
1468 1805 1665 1916 jubeatur

248 1949 367 2026 stare.
414 1935 557 2020 Altero
588 1959 685 2017 vero
714 1933 836 2018 modo
861 1931 1078 2042 degradari
1102 1932 1223 2018 debet
1247 1935 1386 2040 trater,
1415 1966 1505 2022 curri
1529 1936 1664 2020 uiuariis

249 2069 414 2186 jejuniis
458 2065 660 2178 affligitur
707 2065 836 2151 trater
876 2065 1113 2176 frequenter
1161 2073 1203 2151 et
1246 2097 1327 2152 uon
1375 2068 1663 2172 emendaverit,

250 2213 346 2290 tunc
372 2201 422 2288 ad
447 2199 698 2310 adjutorium
720 2197 880 2310 jejunii,
903 2202 952 2280 ut
974 2198 1213 2284 emendetur
1235 2199 1374 2304 trater,
1399 2199 1659 2285 debetetiam
1819 2235 1823 2244 ’

249 2335 290 2422 iu
334 2329 754 2420 excommunicatione
792 2327 907 2414 nimii
943 2329 1097 2438 jejunii·
1127 2329 1171 2413 in
1214 2328 1363 2415 ultimo
1406 2333 1497 2416 loco
1538 2339 1660 2416 stare.

253 2461 489 2552 Notandum
533 2464 620 2560 eet,
658 2461 755 2572 quia
793 2460 836 2544 iu
878 2459 956 2544 hoo
994 2459 1109 2564 loco,
1153 2461 1222 2545 ubi
1262 2461 1363 2547 dicit
1392 2461 1598 2568 juratorum
1626 2487 1669 2545 ec

253 2595 406 2681 uoccrit
449 2591 563 2678 ittirra
604 2616 714 2692 aesc,
757 2591 827 2700 qui
860 2591 1004 2698 priora
1050 2591 1149 2677 trora
1198 2593 1347 2678 orruerit
1388 2593 1489 2696 dici,
1533 2595 1668 2700 cipue·

153 2749 156 2760 ·
250 2724 340 2811 litet
379 2724 525 2810 ccctotia
551 2721 613 2808 cci
641 2721 852 2831 diguitatis
880 2722 954 2828 ait,
984 2721 1253 2834 iutelligitur,
1283 2723 1379 2832 quia
1418 2725 1553 2810 trullus
1593 2752 1666 2834 pro

250 2859 384 2941 aetate
425 2862 497 2940 out
540 2853 743 2965 dignitato
780 2857 865 2938 tutu
904 2851 1109 2938 saeculari.
1144 2881 1267 2964 quiam
1312 2856 1435 2941 otium
1482 2853 1669 2939 ecclosia-

249 2987 373 3092 otioa,
404 2987 529 3072 debet
568 2983 787 3094 praeponi,
816 2983 849 3068 ei
884 2985 971 3096 ejue
1005 2984 1093 3069 uita
1132 3013 1216 3070 non
1255 2983 1381 3071 iuuerit
1420 2986 1567 3096 digna,
1597 2991 1669 3070 aut
1714 3057 1717 3070 .
1754 3053 1756 3058 .
1806 3033 1816 3054 ··

251 3115 467 3204 necessitas
509 3143 595 3202 nou
633 3114 780 3216 inerim
823 3143 860 3202 v.
891 3141 953 3226 gr.
993 3116 1076 3201 eive
1115 3116 1330 3228 presbyter
1364 3121 1439 3201 ant
1473 3115 1668 3200 diaconus

249 3245 395 3348 tuerit,
426 3247 532 3332 sicut
568 3244 673 3351 dixi,
702 3273 785 3332 nou
823 3247 948 3334 debet
989 3249 1206 3358 praeponi,
1237 3245 1316 3332 nisi
1353 3275 1444 3332 cnm
1485 3247 1568 3334 uita
1596 3275 1668 3332 aua

218 3421 221 3428 ·
250 3379 605 3465 commendaverit.
877 3393 879 3400 '
1160 3394 1163 3400 ’
1693 3466 1698 3478 ,

361 3507 577 3619 Sequitur:
620 3507 772 3594 Pucria
784 3535 864 3616 por
881 3510 1017 3594 orrruia
1030 3509 1081 3596 ob
1092 3510 1280 3596 oncruibua
1296 3509 1520 3618 disciplina
1536 3519 1669 3596 tcuru·
1693 3585 1697 3594 .

253 3643 327 3724 tur.
385 3637 581 3727 Jurriorca
608 3639 732 3747 igitur
753 3640 919 3747 priorca
934 3667 1042 3726 *auos
1067 3643 1270 3745 honorant,
1298 3646 1462 3750 priores
1481 3643 1669 3748 juniores
1817 3723 1819 3727 .

255 3794 348 3856 auos
384 3769 569 3880 diligunt.
627 3771 683 3856 lu
722 3773 817 3880 ipsa
856 3779 988 3858 autern
1026 3775 1296 3880 appellatione
1332 3773 1538 3858 rroucirurm
1566 3771 1668 3858 tratti

254 3895 366 3985 ticcut
408 3902 535 3989 otium
565 3931 675 4014 puro
717 3901 927 4012 appellare
963 3905 1135 4008 rrouriuc,
1177 3909 1249 3990 aad
1283 3904 1451 4010 priores
1482 3904 1669 4011 juniores

253 4053 345 4117 erue
369 4033 526 4137 fratrea
556 4037 771 4138 ruouriucut,
793 4035 979 4142 juniores
999 4028 1131 4120 autam
1149 4035 1328 4121 uariorca
1350 4061 1504 4121 ermerus
1521 4042 1667 4136 uocant,

253 4161 355 4266 quoa
382 4164 625 4276 iutcttipitur
645 4175 825 4274 potcrua
851 4167 1085 4253 reverentia.
1111 4165 1268 4252 ‘Attae
1291 4167 1546 4271 anterranum
1566 4163 1670 4248 nicee

257 4287 407 4378 Otr-tati
442 4324 562 4406 apere
607 4298 804 4395 creditur,
833 4297 1020 4383 dooriuua
1047 4303 1084 4382 ct
1112 4295 1238 4380 abbae
1274 4302 1454 4399 uocatur,
1484 4320 1564 4380 uon
1593 4321 1669 4378 auru

256 4427 546 4532 aaurrmptioue,
577 4427 650 4515 aed
677 4428 824 4516 trorrorc
851 4435 889 4512 ct
915 4437 1053 4513 errrore
1084 4424 1249 4513 Otrriatr‘.
1306 4422 1407 4530 Iprc
1444 4430 1576 4510 autern
1604 4447 1670 4507 oo·
1755 4441 1758 4448 ’
1826 4422 1829 4430 ’

256 4550 350 4660 pitct
376 4562 413 4640 ct
441 4557 501 4646 aic
528 4583 572 4645 ac
599 4560 804 4664 catritcut,
834 4568 878 4646 at
905 4563 1055 4670 dipuua
1082 4557 1138 4642 att
1164 4553 1239 4642 toti
1271 4554 1430 4644 troruorc.
1494 4553 1669 4640 Uirium-

259 4707 333 4787 quc
360 4691 491 4773 autam
521 4690 602 4775 aidi
630 4691 790 4778 otciout
812 4691 977 4809 fratrea,
999 4683 1145 4794 jurator
1168 4712 1195 4769 a
1207 4684 1670 4792 priorc'tcucdictioucrn

249 4818 383 4917 petat,
423 4825 657 4907 trauacuutc
693 4821 848 4927 aarum
884 4819 1020 4904 mirror
1053 4821 1195 4926 carpat
1219 4822 1266 4936 ct
1293 4818 1359 4902 dot
1387 4815 1425 4899 ci
1453 4815 1580 4899 tocuru
1607 4841 1670 4900 sc·

254 4941 401 5049 uarat,
437 4941 509 5037 uec
543 4956 785 5056 praesumat
815 4949 961 5057 junior
999 4944 1230 5049 caractere,
1258 4945 1342 5030 rriai
1375 4945 1412 5029 ci
1441 4944 1673 5052 praeoptat
1809 5019 1820 5047 ,

257 5073 394 5158 carior
421 5101 557 5184 anua,
587 5086 630 5165 ut
658 5081 764 5198 fiat,
793 5081 899 5188 quod
940 5071 1136 5184 coaptum
1176 5080 1257 5162 eutr
1299 5075 1470 5162 »tauma
1502 5075 1671 5160 inuicem

319 5213 508 5290 ttttdemam,
526 5215 678 5294 napo-ua
695 5227 821 5314 contu.
893 5253 897 5264 ·
977 5216 981 5225 '
1392 5211 1445 5296 37
