4334 5750
208 311 274 361 ·'
377 376 388 398 ..
509 316 564 400 76
1145 305 1285 398 Gaul·
1395 263 1397 270 ‚

437 567 441 578 ·
511 531 692 616 nusteria
719 531 809 617 siue
835 529 1055 614 abbatibus
1082 528 1354 640 regularibus,
1386 528 1509 612 sicuti
1527 527 1717 638 superius
1736 524 1925 630 diximus,

509 647 683 774 ideoque
706 661 867 774 posuit:
908 658 1190 746 militauerat
1211 658 1351 770 reputo
1374 657 1436 758 uui
1449 651 1608 748 'actm
1621 659 1654 770 ¹)
1709 659 1797 744 Aut
1817 663 1926 744 certe

511 795 652 905 posuit
680 793 930 903 simpliciter
948 791 1008 878 rei
1037 819 1112 904 pro
1139 797 1188 880 et.

624 921 785 1007 Deinde
812 923 1027 1008 smerdem
1065 948 1192 1031 penus
1228 928 1289 1006 est
1325 913 1682 1024 octochordorum,
1720 921 1749 1010 i.
1778 951 1816 1010 e.
1841 949 1926 1005 cre·

420 1109 422 1114 ·
512 1056 720 1156 roriconem,
749 1055 820 1166 qui
853 1051 1222 1140 remcconccruionis
1236 1054 1396 1158 [more
1414 1041 1575 1154 arocitio,
1601 1052 1677 1137 sed
1691 1053 1927 1136 monosterii

501 1183 742 1292 probatione
778 1186 973 1270 diuturno
1013 1185 1120 1292 [pree]
1157 1181 1384 1267 didicerunt
1422 1191 1561 1266 ceretro
1588 1179 1793 1266 diotoium
1820 1179 1923 1264 uuel-

507 1321 637 1398 torum
658 1315 804 1398 solertio
815 1315 909 1420 jum
931 1313 1037 1397 docti
1054 1339 1252 1422 primiore.
1277 1313 1460 1398 'Feruorc
1478 1313 1626 1398 rrouitio
1647 1307 1924 1424 intelligitur}

506 1444 550 1527 iu
578 1445 714 1555 primo
743 1443 902 1528 fervore
929 1445 1228 1548 conversionis,
1269 1443 1348 1528 hoc
1384 1449 1447 1526 cst
1475 1443 1631 1530 dicere:
1672 1473 1757 1536 uuu
1786 1443 1931 1558 statim*

394 1597 405 1602 ·
513 1575 669 1660 rudunt
696 1577 739 1660 iu
769 1603 971 1676 cremum,
1010 1575 1177 1685 quaudo
1206 1575 1354 1683 incipit
1380 1573 1463 1656 iliis
1502 1577 1702 1686 cogitatio
1730 1572 1855 1659 eundi
1880 1575 1923 1656 in

486 1735 704 1796 ·arcmum.
762 1708 925 1808 Quare?
956 1707 1062 1814 'quia
1089 1705 1300 1805 nesciunt,
1343 1711 1481 1789 utrum
1519 1707 1604 1789 siut
1630 1703 1923 1826 perseveraturi
1960 1713 1965 1720 '

510 1838 552 1920 iu
583 1837 662 1922 hoc
679 1839 851 1939 fervore,
880 1865 928 1924 co
943 1837 1054 1948 quod
1081 1836 1187 1919 solet
1210 1835 1398 1920 diabolus
1419 1837 1642 1949 aliquando
1661 1867 1734 1950 per
1748 1835 1924 1947 speciem

191 1976 194 1992 '
338 2011 343 2018 ·
412 1967 417 1978 '
513 1967 711 2052 bonitatis
739 1967 927 2078 decipere
967 1967 1200 2065 hominem
1241 1968 1353 2050 verbi
1391 1969 1551 2079 gratia.
1593 1970 1706 2053 ridct
1739 1965 1926 2050 diabolus

511 2099 718 2183 homiuem
747 2100 790 2183 in
820 2099 978 2184 malitia
1007 2102 1210 2210 posituro,
1239 2099 1311 2182 «lat
1340 2099 1399 2181 iiii
1428 2102 1802 2210 compunctionem,
1830 2123 1925 2208 sug·

472 2307 474 2313 ,
511 2231 620 2340 gerit
648 2230 723 2331 iiii,
755 2237 802 2315 ut
830 2230 954 2312 sudat
981 2230 1024 2310 iu
1054 2259 1248 2320 eremum.
1307 2229 1406 2316 ideo
1434 2233 1513 2316 hoc
1538 2233 1671 2316 iacere
1698 2231 1850 2328 studet,
1878 2234 1925 2312 ut

509 2363 603 2462 ilie,
642 2361 889 2471 quautum¹)
930 2361 1123 2468 nrojurcm
1167 2361 1459 2470 professionum
1505 2363 1593 2448 Deo
1633 2361 1844 2446 devoverit
1881 2370 1924 2445 ct

512 2491 764 2602 neglexerit,
804 2499 929 2576 tanto
957 2491 1074 2574 illum
1103 2492 1292 2578 diabotus
1320 2493 1472 2576 arctius
1499 2498 1543 2574 et
1581 2496 1764 2579 strictius
1793 2494 1925 2577 valeat

510 2626 663 2710 teucro.
721 2623 783 2715 Ea
809 2623 1041 2706 intentione
1057 2623 1100 2707 B.
1124 2622 1371 2707 Benedictus
1392 2623 1499 2707 dixit
1527 2625 1570 2707 in
1595 2623 1811 2712 hocloco:
1841 2652 1923 2708 uou

195 2765 201 2805 ¹
320 2741 325 2752 ’
397 2760 401 2768 ’
512 2752 669 2836 vadunt
695 2753 737 2834 iu
767 2780 968 2850 eremum,
1007 2779 1088 2860 qua
1129 2753 1361 2836 intentione
1398 2753 1599 2864 praecipit
1629 2753 1777 2838 Paulus
1805 2781 1925 2864 apos·

421 2896 425 2906 '
511 2881 620 2993 totus
645 2881 697 2966 de
715 2882 935 2993 episcopis;
967 2881 1028 2968 uit
1048 2883 1181 2964 euim:
1209 2905 1287 2963 raon
1309 2882 1560 2988 neophytam,
1590 2884 1618 2971 i.
1644 2913 1678 2970 c.
1705 2883 1924 2982 novellum,

512 3011 698 3121 eoquod
730 3011 921 3108 uescitur,
964 3016 1100 3094 utrum
1141 3018 1469 3118 perseveraturus
1498 3015 1553 3096 sit
1580 3015 1623 3098 iu
1655 3015 1736 3098 iide
1771 3041 1925 3104 anuou.

512 3140 621 3226 Nam
650 3142 748 3252 quid
777 3143 833 3225 sit
859 3141 1109 3251 neophytus,
1143 3141 1187 3225 Β.
1218 3141 1442 3251 Gregorius
1470 3143 1513 3226 in
1542 3145 1722 3253 quisdam
1754 3143 1926 3254 epistola

511 3301 606 3374 sua,
648 3301 769 3381 quam
800 3270 949 3354 direxit
976 3269 1028 3354 ad
1056 3269 1277 3381 Syagrium
1305 3272 1540 3382 episcopum
1569 3280 1614 3357 ct
1640 3278 1799 3358 ceteros
1825 3273 1928 3359 aiios

513 3403 727 3514 episcopos
746 3403 986 3498 Galliarum,
1016 3403 1186 3512 exponit
1215 3403 1293 3486 hoc
1311 3402 1437 3486 modo
1465 3404 1626 3490 diceus:
1656 3403 1771 3490 Sicut
1797 3413 1927 3488 ardue

437 3523 442 3534 '
511 3540 607 3618 turio
632 3534 850 3641 rreqriuptus
892 3533 1121 3633 dicebatur,
1164 3535 1235 3640 poi
1273 3535 1389 3617 initio
1429 3537 1473 3618 iu
1513 3543 1679 3622 societte
1715 3536 1815 3640 fidei
1841 3542 1928 3619 cro!

514 3667 810 3750 coricersotione
843 3666 1078 3770 picturatus,
1118 3666 1179 3750 sia
1217 3668 1334 3749 sarorio
1371 3666 1591 3776 recopiytus
1625 3667 1833 3752 dudardus
1859 3673 1928 3765 est,

512 3797 581 3903 (pri
617 3798 663 3879 iu
712 3795 920 3905 religionis
963 3797 1103 3881 dubito
1133 3793 1349 3900 piurrtotus
1387 3797 1446 3880 od
1485 3797 1720 3883 orrrticudos
1762 3798 1958 3882 docimo

513 3953 653 4014 sacros
681 3927 905 4032 irrepscrii.
962 3925 1135 4010 Necnon
1165 3926 1272 4010 idem
1308 3927 1354 4016 B.
1383 3927 1630 4014 Benedictus
1658 3930 1700 4014 iu
1728 3930 1813 4014 aiio
1839 3929 1929 4012 loco

514 4059 733 4170 praecipit,
773 4064 991 4167 propterca
1030 4084 1111 4140 uon
1142 4057 1289 4141 debere
1324 4059 1572 4144 monachum
1601 4060 1685 4144 cito
1712 4059 1927 4168 suscipere,

515 4191 732 4300 sedilium
762 4215 846 4275 uno
882 4215 993 4270 anuo
1021 4187 1221 4295 probare,
1261 4189 1357 4298 quia
1385 4191 1588 4289 uescitur,
1628 4196 1766 4275 utrum
1795 4217 1930 4300 perse·

515 4318 729 4404 verutur'us
758 4320 813 4401 sit
840 4318 881 4400 iu
911 4316 987 4400 hac
1016 4318 1270 4428 professione
1297 4347 1450 4402 ariston.
1509 4321 1570 4404 Ac
1596 4321 1630 4402 si
1654 4319 1930 4426 interrogaret

516 4447 562 4532 B.
595 4446 857 4530 Benedicturu
886 4450 1001 4558 epuiis:
1043 4454 1086 4531 et
1114 4447 1212 4562 quid
1239 4447 1408 4532 iaciunt
1448 4449 1490 4532 in
1531 4449 1735 4560 principio
1762 4474 1930 4532 conver·

513 4575 639 4661 sionis
676 4578 844 4692 eundi³)
879 4581 931 4662 ad
969 4587 1182 4664 eremum?
1223 4581 1438 4688 respoudit
1472 4580 1543 4665 iiie
1578 4580 1737 4666 diceus:
1779 4579 1852 4662 scd
1887 4579 1929 4658 iu

512 4712 758 4794 ruoruestcrio
778 4711 1019 4816 probatiore
1045 4713 1240 4796 diuturno
1275 4712 1381 4824 [qui]
1415 4713 1642 4797 didicerunt
1670 4713 1813 4796 coretru‘
1837 4711 1931 4794 dio·

417 4864 420 4870 ·
514 4840 647 4926 dolrem
675 4842 887 4930 peculiorum
916 4841 1062 4926 solutio
1081 4843 1174 4948 jour
1203 4843 1310 4928 docti
1332 4869 1529 4952 purpurare.
1588 4843 1810 4942 Diuiurmr,
1841 4841 1867 4928 i.
1895 4868 1930 4922 e.

603 5008 635 5157 ἶ).
650 5009 797 5136 cicod.
823 5063 1026 5135 Diuioucus.
1051 5086 1095 5136 ex
1117 5065 1271 5136 Marteu.
1345 5062 1350 5073 '

600 5183 630 5256 ⁸)
652 5178 798 5285 quantu.
844 5175 929 5249 cod.
955 5176 1165 5270 Eurrucram.

600 5293 632 5374 ¹}
655 5284 741 5360 ituri
763 5287 822 5380 (i).
