3994 5770
847 368 933 461 Cup.¹
957 369 1037 443 v11.
1213 369 1217 382 '
1593 307 1699 460 217⁸
1745 449 1751 463 ,

267 592 391 676 dixit:
433 589 620 698 eoquod
650 617 809 698 semper
839 587 961 672 homo
986 619 1011 676 u
1043 593 1130 676 Deo
1147 593 1384 716 respicitur.
1443 595 1544 676 Cum
1575 591 1676 676 dieit
1744 567 1749 580 ⁸

268 729 344 826 itu,
387 721 500 830 qumi
545 721 718 806 diceret:
763 721 820 805 sio
864 719 993 804 Deum
1032 729 1294 832 praesentem
1328 723 1526 826 ostendit,
1569 725 1675 808 sieut
1751 705 1755 714 .

241 847 453 964 'superius
483 851 606 952 dixit,
639 881 688 936 ae
716 853 749 936 si
779 851 955 938 uicerzer
974 854 1041 936 Si
1072 853 1181 939 Deus
1210 882 1369 966 semper
1397 883 1592 978 praeseus
1614 861 1675 940 est
1774 904 1778 913 ·

269 988 309 1069 in
349 915 692 1092 cogitatiorriims,
734 1011 833 1096 ergo
874 1012 998 1094 opera
1039 985 1231 1070 nostru
1220 1014 1262 1070 ιιι
1292 985 1403 1069 omui
1442 986 1533 1071 loeo
1562 988 1640 1070 et
1632 1017 1672 1071 m

267 1118 377 1204 omui
407 1115 510 1200 horu
538 1143 734 1226 semper
725 1115 881 1224 aspicit.
994 1179 996 1184 .

232 1336 235 1341 .
376 1246 586 1358 Sequitur:
615 1253 804 1332 rcouuuns
824 1245 946 1332 cornio
974 1252 1010 1330 et
1035 1274 1151 1333 renes
1171 1247 1310 1344 Deru„
1356 1249 1565 1352 Sernmno,
1595 1251 1620 1336 i.
1640 1271 1677 1338 e.¹

213 1439 219 1452 -
265 1375 580 1488 iutelligens'vei
601 1375 834 1486 inquirens:
863 1407 935 1489 per
964 1381 1086 1464 conon
1103 1384 1213 1466 enim
1242 1370 1531 1489 intelliguntur
1560 1383 1675 1490 cogi·

265 1511 464 1610 tationes,
508 1537 579 1617 per
607 1533 724 1592 ronco
753 1514 889 1592 autem
931 1508 1221 1620 intelliguntur
1260 1509 1382 1622 ipsae
1403 1512 1530 1598 rimae
1559 1513 1674 1624 cogi·
1709 1491 1713 1498 ¹

266 1641 482 1742 totioumu,
512 1639 550 1724 h.
573 1667 607 1726 e.
634 1638 766 1748 ipsum
789 1639 950 1724 initium
971 1640 1031 1725 vel
1050 1641 1241 1743 intentio,
1271 1643 1379 1728 nude
1403 1641 1675 1754 cogitationes

265 1773 462 1859 oriuntur.
1588 1803 1591 1810 ’

374 1900 591 2012 Sequitur:
608 1902 663 1985 Jn
680 1903 843 1988 iterum:
860 1899 1063 1986 Dominus
1075 1901 1181 1984 :norit
1193 1902 1447 2008 cnq'itutionos
1459 1901 1674 1988 ieonrinmn.

130 2023 134 2030 ³
164 2099 165 2104 ι
265 2035 361 2119 ideo
389 2034 500 2118 enim
532 2031 578 2116 ii.
611 2031 858 2115 Benedictus
888 2031 1019 2115 voluit
1046 2031 1307 2142 subjungere,
1337 2033 1444 2117 siout
1474 2033 1676 2143 propheta

267 2164 494 2276 subjungit,
525 2163 621 2274 quia
646 2163 775 2248 roluit
803 2162 931 2246 bonos
961 2167 1002 2244 et
1025 2160 1155 2246 :naias
1179 2161 1450 2272 cogitationes
1479 2164 1674 2275 intelligi:

268 2325 359 2381 nun:
390 2298 593 2407 propheta
623 2293 857 2402 subjungit:
899 2293 1088 2400 quonium
1116 2320 1245 2378 oorrue
1271 2303 1377 2397 seno,
1409 2297 1596 2406 eoquod
1626 2299 1675 2381 de
1789 2283 1791 2286 ⁵

267 2428 377 2512 vnuis
418 2427 737 2536 cogitationibus
779 2424 891 2516 dicit.
962 2427 1010 2508 Iu
1049 2424 1127 2508 hoo
1167 2425 1258 2510 loco
1289 2425 1450 2511 videtur
1490 2427 1674 2538 quaestio

217 2657 225 2673 .
265 2586 368 2642 esse:
408 2557 620 2668 quidest,
663 2555 772 2666 quod
801 2545 1009 2666 propheta
1042 2555 1160 2641 dicit:
1203 2553 1404 2641 Dominus
1438 2557 1544 2641 novit
1572 2559 1675 2663 eonsi-

263 2690 430 2774 lutiones
458 2687 682 2790 nominum,
722 2687 910 2791 quonium
939 2714 1068 2772 ouorne
1101 2689 1235 2772 sura?
1280 2685 1491 2796 Numquid
1521 2689 1675 2772 solum·

264 2817 396 2904 modo*
417 2819 541 2904 homo
571 2817 845 2930 cogitatianes
874 2817 1000 2902 habet
1029 2819 1156 2903 :naias
1186 2823 1228 2904 ot·
1257 2807 1526 2904 uouirouas?
1569 2820 1673 2918 uuio

262 2957 456 3051 osteum
489 2951 598 3036 Ιιιιιιιι
627 2949 867 3053 meditatur,
901 2977 993 3033 eum
1025 2949 1111 3034 Deo
1142 2950 1301 3058 plaeere
1330 2950 1517 3058 cogitat?
1555 2977 1674 3035 num·
1738 2942 1740 2949 Α

29 3123 30 3154 ι
138 3167 140 3172 ,
262 3082 359 3191 quid
390 3111 474 3166 ιιοιι
503 3088 566 3166 est
595 3081 706 3166 bona
733 3074 961 3191 cogitatio?
992 3079 1098 3164 Vere
1127 3080 1206 3166 hoe
1235 3087 1297 3165 est
1325 3081 1433 3166 bona
1460 3082 1672 3192 cogitatio.

262 3213 340 3296 Seu
371 3209 575 3322 propheta
603 3211 726 3296 dixit:
768 3211 993 3312 horminum,
1033 3212 1223 3318 quonium
1252 3239 1379 3298 onrroe
1407 3228 1517 3314 sinn,
1558 3213 1673 3324 quasi

262 3344 432 3435 diceret:
475 3351 671 3452 :arantum
703 3341 754 3428 ad
785 3339 970 3425 homiues
998 3345 1168 3444 attinet,
1202 3371 1328 3426 urnae
1356 3349 1472 3444 sunt,
1509 3342 1604 3453 quia
1633 3349 1675 3428 et

178 3541 186 3556 .
262 3473 472 3558 hominum
515 3480 634 3572 suut:
677 3501 768 3556 uaur
811 3475 1007 3582 quantum
1048 3473 1099 3557 ιιι]
1132 3475 1259 3560 Deum
1301 3471 1500 3575 attinent,
1543 3475 1675 3558 bonae
1739 3509 1740 3512 ι

171 3641 173 3648 ·
260 3611 377 3706 seint,
418 3605 514 3714 quia
543 3633 590 3688 ex
625 3603 709 3687 Deo
739 3609 857 3700 sunt,
899 3605 1091 3712 quonium
1123 3603 1245 3688 hoino
1282 3604 1340 3687 nil
1370 3595 1468 3687 imni
1498 3602 1673 3689 habeta

260 3767 314 3836 se,
340 3735 458 3819 seosi
483 3734 637 3846 aliquid
660 3735 757 3819 boui
779 3731 916 3836 liniret,
941 3733 1070 3818 aDeo
1093 3734 1229 3824 habet.
1287 3735 1340 3819 m
1362 3732 1509 3819 it'eruur
1534 3735 1674 3844 quaeri
1724 3813 1727 3822 ,
1783 3815 1785 3822 ,
1840 3769 1844 3776 ·

230 3889 233 3898 ’
262 3871 415 3977 potest:
442 3853 492 3950 'si
525 3867 701 3950 iromus
739 3895 782 3948 se
821 3865 946 3948 habet
976 3865 1103 3949 rualas
1138 3865 1433 3974 eogitatioues,
1475 3865 1673 3975 numquid

260 3996 446 4081 ‹liuboiuo
488 4026 568 4082 nou
611 4001 807 4105 suggeret
846 3995 1001 4080 homini
1043 3995 1166 4080 :nulus
1204 3994 1511 4106 cogitationes?
1566 3984 1676 4080 Dicit

246 4127 371 4211 enan
401 4157 507 4239 pam:
528 4127 770 4236 Gregorius:
786 4126 816 4234 ¹)
847 4127 996 4211 Tribus
1024 4128 1130 4212 enim
1153 4126 1285 4210 mosiis
1295 4132 1504 4232 norconnn
1526 4152 1674 4231 perme-

263 4262 416 4344 tiatur:
447 4257 709 4368 sermonibus,
741 4254 1130 4364 delectationemque
1147 4281 1352 4347 consensu.
1398 4257 1605 4366 Saoneutio
1628 4263 1675 4363 sa

262 4416 288 4471 o
316 4389 495 4496 diabolo,
536 4415 630 4474 curo
671 4387 907 4508 determino,
947 4389 1119 4496 spiritus
1157 4391 1361 4476 consentit.
1419 4389 1567 4476 Verum
1598 4393 1671 4490 est,

260 4519 355 4630 quia
385 4520 527 4605 homo‘
549 4521 677 4606 inulas
714 4517 987 4630 cogitationes
1024 4549 1049 4602 o
1088 4548 1131 4605 se
1168 4517 1313 4622 habet,
1356 4523 1399 4606 et
1428 4547 1567 4604 rernm
1598 4523 1672 4618 est,

261 4649 357 4770 quia
373 4656 556 4768 snoges:
557 4651 618 4753 io,
660 4649 767 4736 siout
796 4649 1017 4762 Gregorius
1047 4647 1173 4753 dicit·
1207 4649 1425 4738 :idiabolo
1468 4653 1536 4749 iit:
1578 4678 1672 4732 num

164 4819 168 4828 ·
260 4780 480 4906 aliquando
520 4777 679 4893 cogitet
721 4777 846 4865 lroruo
889 4779 1038 4865 runlruu
1084 4811 1109 4867 ιι
1150 4812 1219 4894 se,
1256 4781 1361 4868 siout
1403 4780 1503 4866 dicit
1541 4779 1672 4865 Jueoir
1761 4772 1765 4780 ’

258 4899 490 5022 apostolus:
519 4911 579 4998 ait
607 4909 747 4998 eninr:
784 4905 1066 5019 Urrrrsqnirqno
1094 4940 1185 4999 vero
1212 4917 1386 5068 teruntur
1413 4937 1439 4996 a
1468 4910 1673 5018 ennomu-

348 5221 376 5308 2)
398 5221 444 5293 oi
468 5221 591 5295 Merui.
627 5217 690 5292 lib.
721 5221 775 5297 39.
811 5212 847 5286 in
879 5216 1411 5336 m11.40.B.Job.uum.33
1434 5221 1472 5292 ot
1494 5211 1557 5290 lio.
1580 5215 1646 5292 t'
1636 5239 1673 5293 ιιι

260 5349 336 5420 unp.
347 5331 391 5402 3.
419 5331 458 5404 3.
479 5329 559 5409 iob.
581 5355 669 5408 uun:
689 5333 744 5406 49.
765 5325 803 5412 ot
825 5327 907 5402 otiis
922 5326 1026 5402 louis.
