3974 5778
307 343 415 430 348·
796 352 801 362 “
896 341 983 436 Cep.
1000 343 1129 422 XXIV.

202 653 204 661 y
307 559 386 644 hoe
413 560 506 644 loco
534 559 777 646 intuendum
807 566 886 664 est,
930 569 978 659 ut
1014 565 1086 648 itle
1121 565 1248 650 obbas
1284 565 1445 676 culpem
1473 566 1711 655 lerem'uon

220 795 225 804 ⁸
306 690 494 774 aestimet
522 720 609 776 esse
637 720 826 802 gravem,
862 707 906 776 et
933 696 1096 804 cuipam
1126 725 1292 806 grurem
1331 725 1415 780 uon
1442 697 1600 802 judicet
1627 729 1712 786 esse

305 824 452 925 levem·
477 823 586 931 quie,
616 849 710 905 eum
738 823 819 908 hoc
846 826 998 918 iecerit,
1028 851 1154 932 groco
1171 829 1401 936 periculum
1420 827 1496 908 sibi
1520 853 1713 936 generare

305 983 348 1034 ue
376 953 529 1040 credet.
585 953 699 1036 Sicut
729 953 930 1036 Dominus
958 955 1058 1037 dicit
1091 957 1133 1038 iu
1165 958 1289 1038 ueteri
1321 963 1580 1052 testamento,
1608 957 1650 1044 tr.
1678 988 1711 1048 e.

307 1084 347 1164 iu
367 1083 513 1166 Exodo
528 1083 559 1191 1)
588 1083 639 1164 de
659 1083 842 1190 leprosis,
873 1089 919 1167 ut
947 1085 1016 1166 itte
1044 1087 1231 1169 sacerdos
1254 1087 1414 1192 judicet
1442 1087 1552 1168 iuter
1578 1087 1712 1196 lepro-

304 1240 392 1294 sum
430 1217 474 1293 et
511 1241 591 1294 uou
630 1211 856 1320 leprosum,
898 1218 941 1295 ct
972 1214 1171 1300 Dumium
1209 1217 1329 1300 dicit:
1373 1217 1546 1322 leprosi
1573 1225 1610 1300 et
1636 1245 1712 1302 uon

189 1431 191 1436 ,
307 1339 458 1450 leprosi
477 1344 601 1444 jrrxtu
627 1340 860 1448 peruiitntrm
887 1339 1024 1447 icpnue
1047 1345 1201 1450 juricio
1228 1345 1436 1450 sirtrjucmu
1463 1329 1630 1448 «romeu
1657 1339 1713 1434 iu

305 1478 348 1552 et
375 1471 414 1555 S.
443 1469 692 1578 'Beuedictus
720 1470 761 1551 iu
792 1469 870 1554 hoe
899 1472 991 1556 loco
1020 1475 1153 1560 tucere
1182 1477 1465 1584 cognoscitur,
1494 1505 1586 1559 cum
1617 1478 1714 1563 dicit

304 1588 375 1706 qui
389 1601 599 1706 curiporum
618 1603 761 1714 mmtnc
785 1601 826 1682 iu
847 1601 1006 1686 ‹rbimtic
1017 1605 1178 1708 jerrticio
1194 1605 1384 1709 pcmteot,
1412 1613 1454 1688 et.
1474 1605 1560 1714 ipse
1578 1606 1619 1691 S.
1637 1607 1713 1689 Be·

232 1721 236 1729 ’
307 1731 493 1814 nedictus
520 1732 738 1816 coristituit
766 1719 937 1814 interius
967 1735 1100 1842 legem
1131 1735 1182 1816 cle
1210 1717 1592 1834 cxcomnmuicutis,
1623 1737 1648 1820 i.
1677 1767 1711 1820 e.

303 1860 353 1942 rie
383 1862 539 1946 levibus
568 1863 700 1970 culpis
728 1863 814 1944 sive
841 1863 893 1944 de
920 1863 1128 1972 grauibus.
1179 1863 1232 1946 Et
1259 1865 1338 1947 huc
1368 1863 1609 1946 intuendum
1638 1874 1711 1956 est.

302 1993 458 2100 quiesi
490 1993 612 2076 suerit
641 2000 853 2102 peccatum
883 1993 1082 2102 spiritale,
1111 1995 1234 2076 debet
1251 1995 1380 2077 leuem
1407 1993 1568 2102 culpmu
1593 1999 1713 2078 uesti-

304 2153 436 2222 mare3
465 2126 499 2206 si
528 2130 666 2207 nutem
696 2124 859 2207 currente
887 2125 1024 2222 tuerit,
1055 2125 1175 2234 debet
1205 2127 1247 2208 iu
1277 2124 1410 2232 gravi.
1657 2109 1660 2114 ⁵

413 2255 625 2363 Sequitur:
657 2254 707 2340 Si
733 2258 825 2364 quis
852 2261 983 2338 mrtem
1003 2257 1136 2360 senten
1160 2259 1200 2338 in
1225 2255 1440 2339 levioribus
1459 2255 1590 2362 euipis
1610 2259 1715 2340 inec·

303 2387 435 2487 uitur,
476 2415 693 2471 erimusne
724 2388 1038 2494 participatione
1068 2387 1273 2490 miretur,
1317 2416 1365 2471 ec
1394 2390 1429 2470 si
1458 2391 1633 2473 diceret:
1671 2391 1743 2473 Si·

174 2549 177 2557 ¹
301 2516 545 2628 judicaverit
581 2521 711 2603 levem
747 2547 834 2602 esse
873 2520 1057 2628 cutpum,
1099 2525 1313 2628 separetur
1347 2549 1372 2602 u
1410 2549 1569 2620 inerma,
1609 2521 1715 2602 sicut
1759 2599 1762 2602 .
1846 2512 1851 2520 ’

306 2648 505 2734 Dominus
533 2651 574 2733 iu
605 2649 813 2734 Levitico:
858 2647 907 2732 Si
935 2651 1180 2754 judicaverit
1216 2653 1408 2736 sacerdos
1442 2651 1597 2756 imnum
1630 2679 1715 2735 msc

302 2789 345 2862 ct
373 2781 445 2868 rel.
469 2781 626 2890 judicio
655 2784 742 2890 ejus
770 2781 980 2890 subjacere
1008 2781 1141 2881 debet,
1171 2784 1279 2866 sicut
1308 2783 1350 2864 in
1378 2783 1467 2892 ipso
1492 2783 1596 2864 libro
1618 2811 1716 2867 cou-
1849 2825 1851 2828 ·

302 2911 469 2998 tinetur.

414 3043 633 3154 Sequitur:
681 3043 844 3128 Privati
870 3048 1000 3127 uectem
1028 3073 1055 3128 u
1084 3069 1246 3128 mensae
1271 3043 1489 3152 consortio,
1531 3047 1610 3130 istu
1639 3049 1714 3130 erit

304 3178 427 3277 ratio,
467 3182 510 3258 ut
538 3176 579 3258 iu
608 3175 792 3282 oratorio
806 3164 810 3172 ’
815 3174 1022 3281 psalmum
1050 3173 1110 3258 eet
1137 3174 1397 3280 nutipteomrm
1428 3202 1506 3258 uon
1536 3178 1714 3283 impomn

260 3339 263 3346 ·
302 3335 426 3412 neom
445 3306 647 3418 tectionem
671 3311 805 3395 recitet
828 3337 951 3416 usqum
967 3307 1024 3394 mi
1042 3305 1358 3412 satisfactionem
1375 3355 1425 3370 --
1446 3337 1494 3391 uc
1512 3309 1545 3391 si
1563 3309 1716 3392 diceret

159 3533 163 3541 ,
254 3463 256 3468 “
285 3439 393 3524 'eliis
415 3439 572 3524 verbis:
601 3442 858 3526 rationabilis
885 3467 1007 3524 cause
1034 3447 1109 3540 est,
1140 3445 1187 3520 ut
1207 3439 1277 3520 ille
1304 3438 1375 3548 qui
1396 3467 1421 3521 u
1444 3467 1584 3522 mensu
1601 3469 1713 3550 sepu-

302 3577 441 3670 ratur‚
479 3573 521 3653 iu
559 3574 740 3658 oratorio
779 3600 910 3682 neque
949 3572 1166 3654 tectionem
1203 3572 1375 3654 reciture
1411 3577 1485 3654 eut
1515 3572 1713 3680 psalmum

302 3704 512 3811 imponere
547 3709 621 3786 erit
648 3697 901 3812 antiphonas
932 3704 1093 3790 debeat.
1153 3699 1197 3783 iu
1241 3701 1319 3784 hoc
1353 3701 1446 3784 luco
1486 3701 1715 3820 subintelli-¹

302 3839 436 3946 gitur,
481 3840 527 3918 ut
554 3834 676 3917 etium
708 3835 870 3917 missum
899 3843 1067 3916 couture
1103 3860 1187 3914 uon
1226 3833 1395 3931 debeat,
1435 3832 1469 3914 si
1504 3835 1715 3943 presbyter

302 3969 384 4062 est,
422 3993 496 4048 neo
525 3967 689 4068 offerro,
729 3967 764 4048 si
792 3966 1018 4050 monachus
1045 3976 1128 4064 est,
1169 3995 1219 4047 eo
1248 3963 1356 4073 quml
1387 3963 1486 4048 dicit
1515 3965 1715 4048 tortionem

303 4125 381 4178 ncne
411 4097 557 4180 recitet.
574 4143 623 4158 -
650 4095 769 4180 Nunc
799 4125 896 4180 vcro
926 4097 1063 4206 [quia]
1093 4096 1173 4192 iiio,
1202 4095 1272 4204 qui
1293 4101 1509 4202 separatur
1530 4127 1556 4180 a
1579 4125 1715 4178 memo

149 4267 153 4276 ·
201 4303 203 4306 .
302 4278 356 4292 -
385 4226 555 4334 exponit
584 4226 671 4335 ipsu
699 4227 742 4314 S.
774 4229 1041 4328 Benedictus,
1083 4225 1248 4338 quondo
1288 4225 1437 4308 debent
1473 4227 1716 4314 munducare

304 4359 367 4442 ccl
398 4356 521 4442 etium
553 4384 644 4440 cum
673 4385 768 4467 quo.
830 4359 901 4442 nit
926 4359 1055 4444 euim:
1086 4361 1355 4464 lielectiouem
1383 4357 1462 4442 eibi
1488 4356 1599 4440 sotus
1622 4383 1716 4463 pcr-

302 4490 449 4596 cipint,
490 4495 534 4570 nt
562 4487 600 4571 si
628 4514 663 4575 u
689 4517 750 4595 pr.
784 4493 940 4592 penetres
966 4492 1150 4594 reficiunt
1176 4499 1290 4606 metu
1319 4491 1443 4590 honr,
1483 4487 1550 4572 ittc
1586 4491 1717 4593 leuiter

304 4649 410 4706 norm
423 4651 435 4723 ,·
475 4623 515 4705 si
538 4621 694 4725 nau-n
724 4651 842 4726 recreer,
870 4621 939 4705 iiio
968 4651 1155 4728 uespera,
1196 4624 1414 4732 impendum
1442 4622 1717 4725 satisfactione

304 4781 479 4862 corrpruu
516 4755 674 4837 eonium
714 4757 987 4860 consequatur.
1049 4754 1093 4838 iu
1131 4757 1207 4840 hoc
1239 4758 1330 4840 tocu
1365 4755 1605 4838 intuendum
1643 4758 1716 4849 est¹

303 4886 400 4996 quia
431 4913 511 4967 nou
542 4883 660 4968 tollit·
682 4885 740 4968 ilii
769 4887 905 4970 locum
934 4887 976 4968 iu
1007 4887 1150 4970 ordine
1189 4889 1251 4971 vel
1280 4890 1417 4972 cibum
1458 4887 1520 4970 rel
1550 4894 1716 4994 potum

302 5019 465 5126 praeter
492 5017 525 5097 si
556 5017 625 5099 ille
648 5017 734 5136 jum
764 5045 814 5102 ex
843 5019 920 5103 huc
950 5021 1375 5105 excommunicatione
1403 5049 1486 5104 non
1514 5047 1557 5101 se
1579 5043 1718 5101 emen·
1780 5007 1783 5011 ”

1973 5081 1974 5100 t

1753 5190 1761 5202 .

1875 5270 1882 5300 i

391 5314 421 5402 ⁸)
445 5303 603 5376 Levitico
623 5303 684 5396 (t).
