3994 5770
140 269 345 398 [2⁴2
471 341 473 346 ,
715 229 718 236 ’
880 272 1158 366 ctum*

222 603 225 610 Ι
262 487 401 638 potest
426 487 508 590 iile,
535 490 602 575 oui
631 491 864 603 injunctum
893 497 969 596 est.
997 493 1033 579 si
1063 493 1181 598 velit,
1210 494 1391 602 utillud
1418 525 1536 619 opus,
1564 457 1720 612 ιιιιοιὶΙΙ

234 618 348 729 ‘ipse
374 619 444 704 ulii
473 619 586 722 feeit,
615 621 696 706 sibi
722 628 940 734 operetur3
972 625 1099 710 rei’
1065 653 1101 710 u
1128 625 1188 712 ite
1214 625 1409 732 noluerit,
1433 630 1576 742 potest
1601 636 1678 721 rdi-

93 863 103 886 ·
174 833 179 848 ,
259 751 359 862 quid
382 779 459 863 pro
473 753 616 846 eodem
632 782 756 866 opere
776 757 968 870 recipere
978 755 1077 841 ln
1098 757 1166 842 his
1185 784 1287 868 ergo
1301 759 1494 847 omnibus
1514 770 1677 874 gene„
1747 842 1753 854 .
1882 764 1886 771 .

260 884 388 969 bns
375 885 619 994 injuriarum
648 889 850 975 Dominus
890 890 1032 990 docet,
1071 889 1418 1002 patientissimum
1452 899 1496 978 et
1522 897 1676 982 miseri·

259 1015 543 1102 cordissimunr
571 1019 693 1106 etad
734 1020 855 1129 pluro
881 1022 1124 1130 perferenda
1161 1021 1465 1130 paratissimum
1492 1027 1676 1116 animum

92 1255 97 1266 ¹
177 1129 180 1136 ⁵
258 1149 474 1235 christiani
490 1164 577 1236 'esse
591 1151 752 1238 debere.
797 1151 848 1234 Iu
864 1153 942 1240 troc
957 1151 1174 1252 reroloeo‚
1192 1153 1261 1238 ubi
1281 1153 1454 1240 dicitur:
1469 1160 1677 1266 arepertuti

256 1278 453 1365 rrritliurr'o
479 1284 633 1367 cudunt
672 1281 757 1366 celio
798 1281 898 1384 duo,
938 1283 1018 1364 ista
1045 1281 1168 1366 debet
1213 1313 1300 1368 esse
1327 1283 1542 1396 discretio:
1582 1316 1673 1373 cum

256 1411 365 1494 enirn
393 1412 570 1497 mitteris
598 1416 706 1498 forus
734 1413 777 1495 iu
806 1414 1039 1498 obedientia
1067 1418 1110 1496 et
1134 1417 1242 1500 sorte
1261 1417 1467 1501 inveneris
1494 1419 1669 1530 uliqueur

111 1609 114 1616 .
167 1643 176 1652 ¹
255 1541 299 1625 iu
327 1542 417 1652 ipsu
444 1540 699 1643 obedientia,
735 1547 780 1624 et
807 1541 959 1626 dixerit
984 1542 1075 1644 ribi,
1105 1549 1153 1628 ut
1179 1545 1363 1630 dimittes
1391 1547 1667 1634 obedientiam

255 1682 367 1756 tuum
397 1677 440 1757 et
468 1701 536 1756 eas
564 1701 659 1758 cum
695 1673 790 1774 ino,
831 1681 878 1756 tu
908 1675 1084 1784 luutenr]
1125 1674 1539 1778 remunerarem,
1579 1705 1688 1780 cum¹

3 1767 5 1810 ³
131 1817 135 1826 '
253 1802 327 1887 illo
355 1802 436 1906 ire,
477 1806 559 1912 [et]
593 1809 729 1889 tumen
760 1833 843 1887 nou
871 1803 994 1888 (icitur
1022 1804 1082 1890 ire
1121 1834 1198 1914 pro
1232 1807 1467 1890 obedientia
1494 1807 1671 1900 ubbetis.

3 1943 4 1954 '
51 2021 58 2036 ,
118 2047 122 2057 .
253 1931 298 2016 Si
328 1941 466 2020 eutem
496 1936 755 2045 compulerit,
785 1941 834 2018 nt
860 1965 940 2038 eus,
971 1941 1071 2022 tuuc
1099 1936 1224 2021 debes
1252 1937 1323 2025 ire.
1694 1953 1697 1958 ·

363 2065 576 2174 Sequitur:
614 2091 703 2149 cum
733 2065 866 2150 Paulo
900 2065 1079 2172 opustolo
1112 2063 1245 2170 lirinus
1280 2067 1437 2170 fratres
1474 2073 1670 2156 seutiueut
1707 2093 1711 2102 ·

126 2234 132 2246 ·
251 2200 289 2279 ct
321 2179 641 2300 persecutiones,
683 2203 721 2281 et
758 2196 1041 2282 ruulediecutes
1078 2224 1124 2282 sc
1161 2195 1408 2283 benedicunt.
1474 2199 1518 2284 Si
1559 2202 1667 2286 enim

253 2326 404 2411 l'nnlus
442 2316 656 2436 apostolus
693 2327 819 2412 fuisos
859 2328 1006 2410 iratres
1045 2333 1088 2410 et
1128 2328 1432 2437 persecutiones
1458 2333 1668 2432 sustinuit,

250 2459 321 2567 qni
351 2459 525 2542 dilectus
547 2458 638 2544 Deo
665 2458 748 2543 fuit
775 2467 819 2542 et
846 2459 1106 2568 praedicator
1129 2460 1330 2568 gentium,
1358 2465 1668 2590 quantomagis

138 2623 176 2693 ,·
250 2594 297 2673 tn
325 2589 447 2674 debes
477 2593 679 2674 surstinere
706 2591 830 2674 fuisos
859 2592 1007 2674 srutres
1035 2595 1078 2673 et
1106 2591 1432 2698 persecutiones,
1474 2600 1516 2677 et
1544 2595 1668 2700 mule·

249 2720 432 2805 diceutes
473 2728 516 2804 te
558 2721 828 2804 benedicere?
885 2719 1139 2804 Minimum
1180 2720 1290 2802 enim
1330 2721 1442 2804 millu
1482 2724 1668 2832 passibus
1811 2841 1814 2846 Ι

185 2911 192 2926 .
227 2852 495 2958 'terminatur
529 2856 572 2934 et
589 2850 749 2948 ‚dictum
776 2851 1028 2956 milliarium,
1056 2849 1173 2961 quusi
1195 2849 1305 2935 mille
1331 2850 1485 2954 adirem,
1514 2853 1668 2937 habeus
1691 2959 1694 2966 μ

192 2973 201 2990 '
249 2984 400 3092 pedum
428 2983 610 3093 quinque
639 2981 832 3092 miliiu;¹)
867 3011 965 3067 uum
995 3007 1137 3092 passus
1164 2981 1348 3091 quinque
1378 2982 1500 3090 pedes
1528 2983 1664 3075 habet.

532 3315 535 3328 Ι
566 3221 628 3294 Dii
650 3221 826 3308 QUINTO
849 3222 1009 3294 omum
1035 3219 1350 3298 lrdnunrnu'rlu

268 3459 271 3466 Ι
366 3352 536 3468 Quintus
574 3354 817 3440 Irruuilitutr's
847 3357 1007 3464 prorius
1043 3359 1122 3456 ert,
1160 3353 1200 3440 si
1235 3377 1374 3442 oruucs
1399 3344 1534 3440 deuios
1560 3355 1664 3462 copi·
1734 3377 1737 3382 ’

249 3485 420 3570 tut-iones
448 3485 564 3571 cordi
590 3511 664 3570 suo
691 3485 949 3600 udrcuieutcu
986 3482 1046 3570 rei
1073 3483 1184 3572 urata
1212 3515 1239 3572 u
1266 3512 1312 3571 uc
1338 3485 1533 3572 absconse
1560 3511 1664 3568 coru·

213 3615 379 3730 ⁸urissu
402 3642 481 3721 per
518 3615 708 3700 lrrouitem
742 3617 1031 3720 confessiorem
1060 3615 1198 3703 uirtuti
1236 3620 1316 3701 ιιοιι
1356 3613 1543 3702 elavem
1580 3619 1695 3714 suu

149 3845 162 3864 ‚
250 3749 409 3857 Apiurn
444 3746 554 3830 euim
591 3753 634 3833 et
670 3775 900 3857 congruum
934 3746 1120 3831 ordinem
1160 3747 1298 3831 tenuit
1337 3744 1386 3834 B.
1417 3747 1664 3832 Benedictus
1733 3785 1743 3856 χ

249 3885 292 3962 et
325 3880 369 3961 iu
406 3878 485 3994 hoc
521 3877 626 3980 loco,
662 3904 755 3962 cum
785 3877 907 3994 dicit,
949 3863 1140 3990 quintum
1170 3877 1345 3988 gradum
1372 3905 1483 3979 esse,
1522 3903 1662 3988 pecco·

209 4109 215 4122 .
248 4005 389 4108 torum
417 3998 461 4100 'ec
497 4009 799 4118 cogitationum
839 4011 1134 4095 contessionem
1163 4037 1250 4094 esse
1285 4007 1536 4109 faciendum,
1565 4007 1683 4117 qnie-

220 4209 223 4214 Δ
249 4133 409 4225 dixerut
437 4168 521 4225 rem
552 4141 754 4250 grandem
782 4147 909 4253 utque
926 4141 1045 4248 rulde
1070 4138 1241 4224 arduum
1265 4140 1309 4224 in
1328 4167 1391 4240 eo,
1421 4139 1532 4248 quod
1552 4137 1662 4247 prius

248 4269 434 4373 dixerut,
473 4271 652 4381 primum
695 4270 869 4382 gradum
897 4297 1007 4369 esse,
1045 4270 1080 4354 si
1111 4271 1297 4354 timorem
1328 4267 1408 4355 Dei
1435 4275 1478 4353 et
1506 4269 1662 4377 reliquo

247 4399 438 4484 habuerit
466 4399 705 4501 monachus,
734 4428 785 4485 eo
813 4399 925 4508 quod
954 4399 1032 4482 iste
1060 4399 1186 4483 timor
1204 4395 1361 4483 seruilis
1385 4394 1662 4484 trelrithouri·

79 4627 81 4632 ¹
247 4558 342 4614 nem
371 4528 424 4613 ml
454 4529 772 4632 monesterium,
814 4529 911 4636 quio
948 4554 1042 4611 ennr
1068 4526 1195 4612 homo
1223 4529 1344 4610 timet
1370 4551 1545 4634 poenum
1574 4551 1663 4634 per·
1699 4566 1703 4574 ·

246 4664 439 4770 potuum,
483 4658 597 4743 veuit
638 4660 690 4744 ud
735 4663 1049 4756 monesterium
1093 4657 1172 4742 istu
1211 4685 1311 4742 sunu
1338 4658 1403 4740 est
1438 4653 1661 4739 conversio.

249 4789 354 4873 Num
383 4795 483 4874 sunt
510 4790 644 4906 multi,
673 4790 744 4900 qui
773 4818 857 4876 non
882 4819 1005 4876 cerusa
1028 4789 1188 4873 timoris
1204 4787 1424 4899 poeuue,²)
1452 4784 1522 4870 sed
1542 4811 1662 4868 currsu
1686 4791 1700 4800 ’“
1736 4833 1742 4850 ·

331 5007 337 5012 .
346 5005 510 5016 ..ιω-σ-

336 5125 366 5201 Ι)
389 5117 423 5190 S.
447 5117 571 5186 lsidor.
592 5117 785 5206 etymolog.
808 5117 871 5190 iiir.
899 5119 949 5190 ro.
973 5137 1050 5205 emp.
1080 5085 1136 5191 tu
1153 5139 1188 5188 u.
1211 5119 1243 5190 2.

334 5233 363 5317 ²)
385 5232 578 5318 perpetuae
598 5231 657 5318 tt).
