3994 5770
268 198 352 284 250
494 121 501 134 ²
654 193 736 244 ·'
876 191 1069 286 Ceam

266 417 332 498 est
350 411 679 524 dependisset
697 413 844 528 unimus
861 413 903 515 iu
919 415 999 502 hoc
1014 413 1196 514 exitium,
1223 411 1282 496 ad
1301 408 1473 494 nitriturn
1494 406 1680 490 redactos

267 550 351 645 eet3
381 573 465 630 uon
494 545 604 630 enim
633 543 741 648 dicu,
769 546 822 632 ad
851 546 1025 632 nihilum
1047 545 1259 632 redactum
1288 571 1377 626 esse
1398 568 1472 652 per
1489 537 1679 620 antumn-

135 753 138 762 .
207 709 212 718 ·
268 673 397 778 tinru,
425 673 497 760 sed
526 677 624 786 quia
651 675 806 762 mucor
835 671 1038 788 perdidit,
1069 704 1153 786 quo
1180 675 1224 758 in
1255 659 1444 784 paradiso
1473 667 1682 754 fruebatur

270 832 362 890 cum
389 805 566 916 angelis,
593 805 712 918 quasi
739 807 793 892 ad
822 807 997 893 nihilum
1025 807 1215 893 redactus
1242 810 1327 908 est,
1364 808 1410 886 et
1435 801 1550 894 ideo,
1586 825 1678 880 curn

264 935 421 1045 aliquid
462 935 559 1020 boni
597 937 711 1048 agit,
754 940 881 1026 debet
919 940 971 1025 ad
1007 939 1244 1026 memoriam
1286 960 1478 1022 mancare
1513 929 1681 1026 bonurn,

265 1066 376 1178 quod
405 1067 554 1152 merito
581 1096 658 1154 suo
685 1071 729 1154 in
748 1070 939 1180 paradiso
961 1073 1155 1183 perdidit,
1182 1080 1227 1156 et
1247 1068 1413 1168 maium,
1442 1060 1552 1174 qnod
1565 1059 1680 1168 justo

261 1197 421 1308 judicio
448 1197 526 1284 Dei
555 1199 598 1283 in
628 1201 706 1286 hoc
731 1202 1044 1304 erilioioveuit,
1072 1203 1213 1289 dicens
1239 1200 1318 1285 sibi
1337 1225 1429 1282 cum
1456 1189 1679 1302 propinetur

267 1329 340 1414 Ad
351 1423 353 1430 Α
367 1325 538 1413 rridilruu
564 1332 755 1417 reductus
782 1357 872 1418 nens
901 1341 938 1418 et
965 1335 1137 1436 rursusi,
1177 1332 1219 1420 h.
1249 1359 1284 1415 e.
1322 1328 1400 1411 tibi
1429 1323 1540 1408 Deus
1569 1347 1683 1402 rueres
1767 1379 1771 1386 .

265 1459 423 1570 gratias
450 1485 554 1568 ego,
582 1461 679 1572 qnia
708 1461 787 1548 hoc
815 1463 993 1566 bonrrm,
1024 1463 1134 1574 qnod
1162 1489 1258 1572 ago,
1286 1488 1370 1544 uon
1401 1484 1493 1541 meo
1523 1451 1684 1572 meritc,

221 1643 226 1654 ·
264 1589 337 1674 red
373 1594 447 1676 tuo
486 1591 596 1678 dono
632 1597 759 1702 atque
796 1595 1075 1680 misericordia
1103 1593 1234 1693 iacio;
1274 1590 1425 1676 srcsciei
1451 1587 1560 1670 errinr
1589 1610 1681 1664 curn
1721 1622 1725 1630 ·

266 1721 380 1826 dicit,
403 1721 729 1808 subaudiendum
752 1731 835 1811 est:
856 1726 1012 1836 precari
1030 1725 1093 1809 vei
1115 1753 1274 1836 rogare,
1300 1728 1348 1806 ut
1362 1723 1414 1805 ad
1431 1719 1508 1802 hoc
1530 1717 1682 1799 bonrnn

264 1851 499 1938 iaciendum
529 1855 798 1964 pervenirem.
858 1855 924 1940 nd
953 1856 1176 1950 monachos
1204 1854 1328 1940 etiam
1356 1851 1533 1950 attinet,
1575 1846 1683 1928 sient

87 2029 90 2036 ·
265 1980 465 2086 diximus,
499 1983 542 2068 in
573 2013 643 2088 eo,
683 2014 778 2071 cum
807 2017 850 2074 se
877 1986 1099 2070 aestimant
1127 1983 1239 2068 omni
1268 1982 1428 2067 vilitate
1456 1981 1518 2064 eet
1548 1985 1685 2062 extre·

266 2114 411 2198 usitate
439 2114 589 2201 debere
617 2146 705 2202 esse
732 2125 966 2220 contentos,
994 2117 1090 2228 qnia
1119 2145 1195 2226 pro
1220 2113 1372 2198 Christi
1402 2109 1570 2196 nornine
1597 2136 1686 2188 sns-

265 2250 464 2358 ceperuut
492 2249 608 2359 quasi
636 2248 690 2334 ad
719 2247 896 2333 nihilum
924 2279 1011 2334 esse
1040 2241 1217 2349 reducti,
1255 2276 1304 2333 ac
1341 2244 1376 2328 si
1412 2245 1566 2328 diceret
1594 2237 1686 2322 aliis

268 2377 415 2482 verbis,
439 2406 532 2464 cunr
547 2381 626 2466 sibi
646 2379 843 2464 uilissima
861 2381 1096 2466 obedientia
1114 2379 1359 2489 injungitur,
1381 2377 1490 2462 sicut
1507 2372 1687 2457 diximus

266 2509 466 2622 superius.
1178 2507 1184 2518 '

205 2669 211 2680 ·
377 2639 594 2753 Sequitur:
623 2647 667 2728 nt
677 2642 905 2748 jactitantem
916 2645 1052 2752 sortire
1072 2671 1163 2728 seran
1184 2643 1299 2750 opud
1317 2650 1366 2742 te,
1385 2648 1422 2726 et
1435 2667 1507 2750 eya
1527 2662 1687 2742 serenet

266 2781 407 2858 tecruu.
463 2773 564 2874 Quis
603 2773 686 2858 hoc
726 2773 861 2859 dicit?
925 2775 1180 2884 Purpurutus
1215 2775 1295 2860 hoc
1330 2774 1455 2874 dicit,
1496 2773 1539 2854 in
1581 2767 1687 2850 sotio

184 2941 194 2960 ·
266 2903 449 3004 sedebat,
477 2903 549 3012 qui
579 2902 659 2988 hoc
687 2902 800 3004 dicit,
831 2901 874 2986 iu
899 2903 1159 2988 eminentiori
1188 2904 1278 2991 loco
1303 2905 1483 3002 sedebat,
1512 2897 1584 3008 qni
1607 2897 1687 2978 troo

266 3031 380 3134 elicit,
412 3059 483 3116 rer
512 3037 614 3131 erat,
643 3031 715 3141 qui
745 3031 823 3118 hoc
851 3031 975 3128 ticin
1014 3030 1146 3116 Dauid
1175 3035 1307 3134 enim,
1336 3057 1584 3142 quanrquam
1614 3054 1686 3110 rex

265 3167 374 3265 erat,
415 3165 557 3246 umen
598 3160 674 3245 Dei
708 3161 944 3271 jumentum
979 3189 1024 3244 se
1063 3190 1150 3246 esse
1185 3164 1452 3260 aestimabat,
1495 3155 1686 3265 eoquod

269 3292 402 3377 Deum
431 3319 631 3377 sessorem
659 3291 861 3410 habebat,
891 3293 988 3402 quia
1016 3293 1068 3376 ad
1097 3291 1208 3376 illius
1236 3299 1383 3378 nutum
1410 3301 1575 3378 terrena
1601 3287 1689 3371 dis·

268 3423 462 3536 ponebat.
519 3423 578 3508 Et
607 3425 711 3509 bene
739 3423 867 3512 dixit:
895 3431 932 3506 et
959 3450 1029 3531 eye
1056 3449 1214 3529 seraper
1239 3433 1379 3528 terune,
1408 3427 1435 3510 i.
1461 3452 1498 3510 e.
1526 3423 1600 3504 ubi
1621 3403 1699 3502 'l'n¹

268 3583 334 3640 rne
362 3555 502 3660 ducis,
530 3562 668 3640 tecum
695 3583 800 3640 sum.
857 3553 906 3639 In
936 3556 1015 3640 troc
1043 3559 1152 3640 enim
1181 3557 1293 3658 loco,
1326 3585 1419 3642 cum
1436 3552 1586 3650 ,navio
1614 3581 1688 3635 rex
1748 3631 1751 3636 ,

267 3715 311 3794 se
338 3685 585 3770 aestimabat
608 3685 842 3790 jumentum
874 3685 951 3772 Dei
979 3716 1087 3788 esse,
1115 3689 1400 3798 cognoscitur,
1429 3689 1550 3798 qnia,
1578 3684 1690 3768 sicut
1731 3706 1736 3714 ·

268 3801 529 3928 Augustinus
549 3816 661 3916 dicit,
689 3814 914 3924 aliquando
937 3819 1044 3902 solet
1065 3847 1152 3902 esse
1171 3818 1364 3926 snperbia
1391 3820 1469 3902 sub
1487 3815 1691 3926 pediculis

267 3951 311 4030 et
330 3931 415 4029 ¹surb
435 3947 584 4048 cilicio,
614 3952 658 4030 et
674 3949 906 4032 econtrario
926 3948 1138 4031 hunriiites
1156 3947 1234 4030 snb
1252 3949 1426 4058 gemmis
1446 3953 1489 4032 et
1506 3945 1691 4029 uestibus
1784 4021 1787 4026 .

78 4099 90 4122 ·
268 4075 407 4184 regiis.
464 4074 578 4160 Bene
618 4076 697 4160 troc
735 4079 889 4164 attinet
925 4079 979 4163 ad
1017 4078 1260 4180 monachos,
1301 4079 1401 4188 qnia
1435 4078 1691 4185 jumentum,

268 4235 352 4318 qino
381 4206 547 4292 ducitur
573 4237 600 4290 a
626 4233 702 4290 suo
728 4207 920 4310 domino,
961 4207 1077 4292 uadit
1111 4215 1154 4292 et
1190 4237 1274 4293 non
1308 4210 1486 4306 resistit3
1528 4206 1564 4290 si
1602 4234 1690 4287 non

268 4337 430 4424 dederit
463 4339 502 4422 ei
531 4337 797 4439 manducare,
840 4365 925 4422 non
965 4341 1151 4448 queritur
1186 4340 1310 4442 illud,
1352 4345 1397 4425 et
1431 4339 1467 4420 si
1494 4333 1692 4448 ligaverit

270 4468 374 4552 iliud
402 4496 500 4552 suus
529 4467 720 4553 dominus
749 4493 878 4575 nsque
904 4469 957 4552 ad
980 4477 1170 4573 mortem,
1197 4471 1257 4554 ibi
1283 4474 1518 4580 permanet:
1559 4469 1620 4550 ita
1646 4470 1694 4548 et

270 4597 498 4684 nronachus
539 4598 648 4680 sicut
683 4597 919 4705 jumentum
962 4599 1086 4684 debet
1124 4627 1211 4683 esse
1250 4625 1327 4682 sno
1368 4598 1537 4699 abbati,
1582 4597 1693 4678 sicut
1748 4609 1755 4626 ²

271 4727 314 4814 S.
342 4725 594 4810 Benedictus
622 4723 746 4824 dicit,
790 4724 831 4810 h.
861 4753 897 4812 e.
934 4757 1017 4838 qno
1054 4729 1171 4812 illum
1211 4727 1375 4814 duxerit
1410 4755 1509 4812 suns
1546 4725 1691 4824 abtum,
1726 4783 1732 4797 ‚

270 4881 356 4939 non
384 4852 509 4938 debet
537 4852 745 4951 resistere,
782 4853 852 4935 sed
882 4855 961 4956 ire,
1002 4861 1046 4942 et
1080 4883 1382 4966 quamcumque
1408 4855 1691 4940 obedientiam
1753 4868 1760 4883 ‘

271 4983 333 5067 illi
362 4983 602 5092 injunxerit,
631 4982 756 5066 debet
783 4983 999 5090 suscipere,
1028 4991 1073 5069 et
1090 5014 1173 5069 nou
1195 4987 1319 5070 debet
1347 5011 1619 5082 murmurare,
1648 4987 1694 5065 et

273 5109 543 5212 ad'libituru,
581 5111 625 5202 lr.
654 5141 690 5200 e.
726 5112 979 5197 voluntantum
1007 5116 1072 5200 sui
1106 5115 1269 5202 abbatis
1296 5115 1419 5200 debet
1446 5142 1521 5224 per
1549 5111 1691 5198 omnin
