3994 5770
851 297 936 389 Cap.
961 295 1022 372 IV.
1487 267 1490 278 ¹
1563 303 1674 418 iffi
1934 277 1936 283 ⁵

227 520 360 606 laesus
390 522 472 620 est,
515 548 551 606 r.
581 545 643 629 gr.
672 521 720 602 nt
758 545 832 628 pro
860 546 945 602 runo
983 543 1124 628 pugno
1163 519 1310 607 reddat
1338 549 1466 606 uuum
1496 527 1539 605 et
1566 549 1642 632 pro

228 678 310 735 rrnu
338 649 458 760 alapa
487 675 610 732 urrunnu
640 652 682 734 et
711 678 785 760 pro
815 677 897 738 nuo
924 648 1049 733 verbo
1079 651 1246 736 erraritii
1277 653 1423 737 reddat
1450 678 1575 735 uurun
1599 659 1642 734 et

27 763 28 768 Ν
133 811 136 816 ·
227 778 404 890 ejrredenr
439 779 696 890 quantitatis.
756 779 810 866 Et
838 779 917 866 uisi
951 781 1287 892 comprimeretur
1322 783 1375 869 ab
1403 783 1483 868 hoc
1522 783 1640 868 freno

149 927 151 930 ’
227 911 347 1021 legali
378 909 460 1015 ille,
490 913 560 1024 qui
590 913 677 998 sine
705 913 973 1000 ratiouerult
1000 913 1271 1001 revindicare
1300 922 1454 1002 tractus
1482 915 1659 1028 impetn,
1743 1023 1747 1032 .
1847 971 1855 1010 ,·
1931 965 1936 976 ·

227 1043 375 1129 furoris
399 1043 474 1147 eui,
505 1050 668 1132 tautum
688 1053 977 1156 repercuteret,
1006 1051 1204 1158 quantum
1223 1049 1387 1137 valeret.
1444 1049 1641 1134 Similiter

227 1182 269 1261 et
308 1175 396 1298 ille,
437 1177 507 1289 qui
550 1205 640 1262 cum
673 1179 830 1266 ratione
860 1179 949 1264 uult
986 1209 1028 1266 se
1056 1176 1263 1264 vindicare
1292 1186 1385 1291 post
1421 1180 1639 1267 laesionem

226 1308 304 1392 sibi
330 1307 511 1411 allatam,
541 1308 617 1394 nisi
643 1311 994 1422 constringeretur
1014 1312 1067 1397 ab
1095 1311 1172 1396 hae
1191 1311 1296 1424 lege,
1325 1319 1493 1423 accepto
1522 1339 1640 1398 oceo·
1751 1403 1753 1408 ,
1815 1305 1843 1390 f
1948 1356 1969 1448 'r

226 1443 339 1528 sione
368 1442 587 1530 ulciscendi
617 1442 850 1555 colligendo
869 1445 1071 1532 rationem
1096 1443 1262 1548 diceret,
1291 1446 1387 1558 (pria
1411 1445 1561 1558 digrrns
1580 1451 1642 1528 est

227 1575 308 1674 itta,
336 1577 406 1688 qni
436 1576 547 1688 prius
577 1576 706 1676 laesit,
736 1581 783 1660 ut
810 1577 986 1690 amplius
1005 1577 1204 1666 laedatur.
1265 1577 1377 1670 luter
1403 1577 1540 1679 istum,
1570 1579 1639 1688 qni

228 1709 356 1815 tegern
387 1706 641 1794 observando
671 1709 834 1794 modurn
868 1736 949 1792 nou
983 1711 1144 1794 excedit
1171 1715 1213 1796 et
1242 1709 1379 1815 illurn,
1417 1710 1487 1821 qni
1516 1739 1641 1795 erari·

225 1834 376 1950 getium
406 1839 661 1926 observando
689 1839 748 1924 nil
778 1830 936 1943 reddit,
965 1867 1117 1952 magua
1143 1840 1343 1928 distantia
1370 1848 1451 1944 est3
1490 1844 1533 1928 in
1561 1843 1641 1930 isto

148 2007 150 2012 ·
225 1972 332 2056 arrinr
362 1971 570 2058 inchoatio
600 1972 710 2084 praeis
740 1977 813 2075 est,
844 1973 915 2084 qui
944 1973 1111 2059 modurn
1132 1973 1337 2061 vindictae
1360 2003 1442 2060 nou
1469 1977 1640 2074 excedit,

139 2087 144 2098 ’
225 2103 265 2187 iu
296 2103 368 2188 illo
397 2110 459 2187 est
487 2104 784 2188 coneurnuratio
828 2105 958 2217 pacis,
1000 2107 1069 2216 qui
1099 2105 1353 2216 evangelium
1385 2106 1660 2220 observandoa

228 2234 281 2318 nil
311 2234 456 2322 reddit.
512 2233 679 2321 Judaeis
707 2266 790 2320 usur
823 2242 985 2348 poterat
1013 2235 1100 2320 dari
1130 2234 1223 2320 talis
1243 2235 1321 2340 lex,
1352 2239 1393 2322 iu
1424 2266 1505 2348 qna
1532 2245 1640 2323 esset

205 2365 521 2480 ¹counrnnnatio
550 2368 674 2478 pacis,
714 2369 783 2454 sed
814 2367 1045 2471 inchoatio,
1069 2370 1182 2479 .quic
1210 2369 1393 2454 cannales
1421 2374 1561 2467 amiur
1599 2377 1642 2454 ot

223 2495 701 2586 ideirooiliisdatnest
740 2501 806 2584 lex
845 2500 1041 2603 earnalis,
1083 2498 1238 2611 utqui
1277 2502 1639 2588 anro'recoelestis
1877 2517 1879 2521 ’

223 2627 382 2740 patriae
410 2629 473 2713 rel
503 2631 650 2717 timore
678 2631 892 2745 gehennoe
934 2660 1018 2718 non
1059 2637 1252 2743 poterent
1280 2633 1450 2744 corrigi,
1494 2635 1638 2720 salteur
1724 2709 1726 2714 .

82 2785 86 2794 ·
223 2761 525 2874 corrigerentur
563 2764 654 2874 lege
694 2764 861 2880 cnrnrdi.
918 2761 1002 2848 lete
1040 2769 1198 2870 antem,
1238 2767 1309 2876 qni
1351 2767 1519 2852 rnodnnr
1548 2769 1639 2853 vin·
1769 2763 1771 2768 ’
1840 2746 1842 2750 ’

222 2895 355 2979 dietae
384 2922 466 2980 non
496 2895 675 2999 excedit,
717 2927 743 2981 a
773 2923 923 3008 ruregno
963 2896 1071 2982 malo
1110 2903 1152 2983 et
1186 2924 1391 3009 nrucgua
1420 2889 1640 3016 iniquitate

196 3031 406 3138 ⁸recessit,
446 3028 472 3114 i.
503 3057 536 3112 e.
567 3027 732 3112 recessit
758 3029 811 3112 ab
839 3028 932 3129 illo,
976 3026 1045 3137 qui
1075 3028 1189 3139 prins
1217 3029 1361 3130 laedit,
1402 3035 1445 3114 et
1471 3031 1524 3115 ab
1554 3030 1638 3132 illo,

222 3157 289 3265 qui
322 3156 427 3266 plus,
457 3185 578 3267 quam
609 3157 739 3242 laesus
763 3163 839 3260 est,
868 3157 1014 3244 reddit.
1074 3158 1409 3244 Aninradrertere
1431 3159 1638 3260 debemus,
1674 3207 1676 3213 ι

222 3288 318 3394 (luia
343 3287 541 3373 Dominus
571 3287 622 3373 de
651 3288 809 3374 (luobus
836 3287 1022 3400 personis
1045 3289 1241 3401 loquitur,
1272 3290 1323 3375 de
1342 3289 1466 3400 legali
1485 3290 1642 3376 scilieet
1739 3387 1742 3394 ,
1784 3335 1788 3349 ·

222 3426 264 3502 et
292 3420 342 3504 de
371 3419 647 3529 evaugelicn,
669 3419 711 3503 in
744 3420 891 3531 quibus
921 3421 1003 3506 dne
1042 3425 1142 3504 eunt
1181 3419 1354 3530 gradus,
1389 3422 1511 3531 juxto
1538 3451 1640 3532 qnos

225 3555 403 3659 quatuor
431 3549 676 3652 consistunt,
705 3549 786 3635 dno
814 3553 982 3654 scilieet,
1012 3551 1082 3664 qui
1110 3552 1234 3662 longe
1261 3553 1456 3638 recedunt
1484 3584 1509 3638 a
1537 3555 1640 3665 lege,
1689 3605 1691 3612 ·

225 3682 306 3767 duo
337 3711 444 3788 vero,
474 3685 545 3794 qui
572 3684 908 3794 appropinquant
927 3682 1189 3794 evangelicoe
1210 3683 1381 3793 gratiae.
1437 3683 1555 3769 Unus
1579 3691 1642 3768 est

226 3816 334 3898 arrim
364 3813 405 3899 in
435 3815 529 3916 illo,
571 3814 640 3925 qui
671 3815 826 3900 recedit
852 3846 878 3903 e
906 3817 1020 3929 iege,
1060 3819 1108 3900 ut
1137 3818 1218 3916 est,
1259 3815 1339 3926 qui·
1359 3814 1524 3898 modum
1553 3815 1642 3900 viu·

228 3943 360 4030 «lictae
388 3946 561 4051 excedit,
590 3944 696 4031 alter
716 3974 811 4032 vero
841 3951 903 4032 est
930 3947 972 4030 in
1001 3945 1087 4048 illo,
1116 3945 1187 4054 qui
1211 3945 1323 4055 prius
1342 3935 1492 4034 laedit.¹
1540 3945 1642 4030 ltenr

224 4075 377 4184 priruue
405 4083 488 4180 est,
528 4076 597 4188 qui
642 4076 949 4191 appropinquat
990 4076 1250 4188 evangelicae
1286 4075 1445 4188 gratiae
1484 4076 1526 4160 in
1556 4076 1641 4177 illo,
1809 4173 1819 4184 .

222 4206 313 4316 qui,
353 4235 446 4292 cunr
487 4207 604 4294 audit
642 4210 776 4322 legem
812 4209 1013 4309 dicentem
1055 4205 1156 4310 sibi,
1198 4206 1362 4294 oculum
1404 4235 1478 4317 pro
1522 4207 1641 4292 oculo

221 4337 412 4442 reddere,
456 4342 499 4422 et
525 4338 604 4426 hoc
632 4341 765 4452 ipsum
794 4339 1062 4426 interdictum
1090 4336 1169 4422 eibi
1197 4337 1315 4423 audit
1342 4338 1385 4423 in
1415 4337 1639 4449 euangelio,

222 4475 265 4551 et
304 4479 404 4556 tnnc
443 4468 575 4554 laesus
610 4470 825 4564 consult
861 4469 1041 4554 laedere:
1085 4473 1365 4552 verumtamen
1394 4496 1477 4552 non
1506 4474 1643 4578 potest
1789 4579 1794 4590 ι

159 4697 163 4707 “
222 4603 408 4719 coercere
435 4597 615 4688 animum
645 4628 778 4709 sunm,
807 4605 855 4686 ut
884 4613 967 4688 uon
995 4599 1145 4701 laedat,
1181 4596 1315 4686 minus
1333 4603 1474 4686 tamen
1503 4598 1642 4701 laedit,

221 4755 342 4843 qnam
360 4728 534 4842 accepit.
589 4727 672 4816 iste
689 4730 776 4841 jam
792 4731 843 4818 ed
862 4728 1211 4842 comparationem
1237 4730 1358 4831 illius,
1381 4727 1452 4838 qni
1476 4728 1644 4816 modurn

222 4887 306 4948 ¹¹⁰⁰
336 4859 509 4962 ⁰¹⁰0dii·
552 4857 683 4946 b⁰1¹¹¹⁸
712 4866 785 4950 0⁸¹⁵·
843 4861 962 4954 Alter
989 4889 1086 4950 vero
1115 4859 1267 4971 gradus
1296 4866 1358 4944 eet
1385 4857 1427 4943 iu
1456 4858 1542 4966 illo,
1572 4861 1642 4970 qni
1732 4881 1735 4892 ·
1781 4880 1785 4887 ’

183 5087 187 5098 ,
223 4991 356 5110 lucerne
393 5020 474 5077 non
516 4990 662 5090 laedit,
703 4997 747 5075 et
787 5000 924 5078 tamen
964 4994 1024 5082 ita
1062 4989 1271 5091 consistit,
1314 4993 1381 5091 ut,
1423 4989 1457 5074 ei
1495 4988 1643 5074 iternur
1789 5083 1792 5088 ¹

222 5121 420 5226 laedatur,
450 5120 600 5210 laedat.
658 5119 741 5208 Iste
763 5121 852 5234 jara
870 5123 1025 5212 ‘melior
1049 5127 1123 5227 eet,
1153 5121 1223 5234 qui
1254 5122 1386 5210 laesus
1410 5149 1495 5231 non
1520 5122 1647 5210 laedit

223 5253 307 5355 illo,
337 5251 406 5365 qni
438 5252 572 5342 uriuue
599 5251 738 5344 leniit.
796 5251 872 5338 lde
894 5279 988 5340 uero
1013 5253 1054 5339 in
1085 5253 1209 5339 tertio
1238 5251 1368 5363 gradu
1396 5249 1663 5342 corretitutus'
1740 5319 1743 5326 .

1368 5385 1716 5513 nu,¹
