3934 5762
89 307 127 332 ”
226 368 344 450 er.
846 358 1072 450 mous.

228 534 397 668 terioris
411 578 591 666 hominis
603 578 779 664 audiunt
791 584 835 665 et
847 577 1102 665 discernunt.
1142 576 1200 664 Bt
1221 577 1312 690 ipse
1326 575 1676 684 homo'exteriqr.

47 745 50 754 ·
226 711 458 798 communis
485 714 550 796 est
575 739 669 798 cum
697 711 863 810 hestiis3
898 710 1025 834 homo
1050 711 1190 794 antem
1218 710 1392 795 interior
1418 712 1646 796 eommunis

227 846 291 929 est
327 869 421 926 cum
459 833 629 946 angelis,
672 843 717 924 et
753 839 841 952 ipse
867 838 922 926 nd
950 839 1173 950 imaginem
1199 839 1279 926 Dei
1309 839 1444 926 iactus
1470 847 1545 929 est.
1601 841 1646 932 S.

228 1002 327 1061 vero
354 971 604 1058 Benedictus
641 970 736 1055 ideo
771 967 877 1054 dixit
915 969 1065 1071 cordis,
1103 976 1154 1055 nt
1190 971 1250 1057 ihi
1278 971 1395 1058 nulla
1421 973 1647 1082 difficultas

151 1161 179 1205 ι,
219 1106 334 1212 esset
351 1099 628 1212 intelligendi,
657 1099 709 1184 de
736 1100 887 1212 quibus
914 1099 1084 1186 auribus
1111 1101 1278 1202 diceret,
1306 1101 1405 1212 quia
1421 1102 1647 1190 humilibus
1816 1113 1822 1126 '

227 1240 272 1320 et
307 1225 562 1344 simplicibus
599 1229 861 1340 loquebatur.
926 1231 1058 1316 Aures
1095 1235 1235 1356 autem
1274 1233 1496 1318 secundum
1536 1233 1648 1319 anti·

228 1393 402 1477 quorum
432 1360 680 1474 sapientium
720 1388 883 1444 sensum
923 1360 1058 1448 dictae
1095 1367 1194 1450 sunt
1229 1361 1346 1474 quasi
1383 1359 1511 1451 arides
1539 1363 1648 1471 ideo,

12 1455 33 1616 ῥ’
230 1496 342 1611 quod
370 1494 554 1582 audiant.
609 1491 846 1580 Secundum
883 1520 980 1578 vero
1017 1523 1218 1582 nouorum
1255 1495 1503 1606 sapientium
1531 1521 1692 1583 aures(

97 1709 100 1716 .
231 1629 366 1716 dictae
391 1633 492 1714 sunt
517 1628 571 1713 ab
599 1625 840 1728 hauriendo,
872 1654 922 1711 eo
950 1627 1063 1737 quod
1091 1628 1289 1714 hauriant
1316 1659 1478 1718 sonum.
1525 1629 1650 1719 Nunc

213 1762 380 1846 'iterum
407 1759 628 1846 videndum
658 1750 734 1859 est.
763 1789 845 1869 qna
872 1759 1033 1844 ratione
1059 1759 1104 1848 S.
1134 1758 1395 1860 Benedictus.
1424 1790 1517 1847 cum
1547 1761 1653 1848 dixit

205 1889 381 1994 'cordia
410 1890 626 1999 subjunxit
650 1889 723 1990 tui,
751 1917 844 1972 cnm
873 1889 1100 1974 suffecisset
1127 1889 1189 1975 illi
1215 1888 1351 1974 cordis
1379 1890 1527 1976 dixisse
1554 1894 1652 1974 tan·

60 2051 62 2056 ·
233 2026 334 2108 tum.
391 2019 471 2105 Sed
501 2018 594 2105 ideo
621 2019 728 2102 dixit
754 2023 925 2126 propter
951 2019 1330 2132 exaggerationem¹
1347 2019 1495 2114 cordis.
1524 2021 1569 2107 id
1587 2026 1651 2105 est

83 2212 89 2225 .
232 2157 405 2263 propter
432 2149 599 2234 nimiam
628 2147 899 2231 intentionem
927 2147 1076 2232 cordis.
1132 2147 1195 2232 lia
1231 2149 1385 2260 quippe
1419 2148 1653 2234 intentione

67 2284 73 2330 '-
234 2282 341 2367 dixit
368 2282 410 2374 S.
440 2277 687 2366 Benedictus
715 2276 788 2378 tui,
825 2305 908 2386 qua
934 2277 1170 2362 intentione
1196 2278 1301 2363 dixit
1329 2277 1441 2364 Dens
1468 2278 1521 2364 ad
1550 2279 1652 2365 Bne·

235 2413 410 2499 chielem
440 2410 682 2523 prophetam
711 2407 805 2508 tuis,
833 2408 895 2492 ait
922 2409 1059 2500 enim:
1089 2408 1180 2494 Fili
1201 2408 1389 2514 berniciis,
1415 2409 1506 2494 vide
1526 2407 1653 2496 cudis

166 2573 171 2588 ·
236 2545 319 2629 laris
348 2549 385 2627 et
413 2541 582 2636 auribus
609 2541 690 2625 tuis
726 2541 827 2624 andi
853 2545 892 2624 et
923 2567 1030 2647 pone
1057 2570 1126 2629 cor
1151 2549 1263 2627 terrem
1289 2541 1336 2626 iu
1362 2543 1530 2650 marsaio..
1550 2569 1654 2648 quae
1775 2643 1779 2650 ⁸

236 2703 305 2784 cqc
327 2675 536 2762 micerium
563 2671 649 2775 libi,
676 2671 773 2779 quio
799 2677 843 2755 'nt
870 2673 1135 2758 osteadonlnr
1160 2674 1247 2776 tibi,
1277 2673 1477 2760 adductos
1494 2699 1538 2759 cs
1564 2675 1654 2764 luc

237 2807 337 2894 Ideo
365 2806 471 2914 dixit
492 2808 587 2908 tois,
617 2803 715 2916 quia
743 2803 884 2890 oculos
911 2805 1047 2891 cordis
1074 2805 1140 2892 rel
1168 2834 1288 2891 aures
1316 2805 1450 2892 cordis
1471 2805 1670 2916 require·.

12 3015 16 3026 .
60 2967 63 2972 ·
235 2940 322 3043 hat,=
353 2966 401 3023 aa
429 2938 464 3022 si
492 2939 668 3024 discretz
705 2937 804 3048 quin
845 2965 930 3024 non
958 2943 1075 3050 potes
1102 2938 1196 3042 istu,
1234 2967 1341 3052 qnae
1371 2935 1452 3050 ego
1479 2938 1655 3022 ostendo

55 3173 59 3180 p
236 3070 349 3172 tibi‚'·
371 3071 500 3156 oculis
536 3067 744 3182 corporeis
783 3068 933 3173 videre,
972 3077 1016 3156 et
1048 3071 1221 3156 nuribus
1258 3071 1463 3184 corporeis
1497 3070 1653 3172 andire,

235 3202 390 3289 idcirco
420 3203 513 3290 dico
539 3203 634 3306 teris,
663 3207 712 3287 nt
739 3230 789 3287 ea
815 3201 1066 3313 propheticis
1093 3204 1223 3288 oculis
1245 3203 1390 3296 *rideas
1417 3208 1462 3288 et
1486 3203 1656 3288 auribus

125 3355 130 3364 ·
237 3335 498 3447 propheticis
522 3333 693 3448 audias.
752 3331 818 3416 lta
857 3330 900 3421 S.
929 3333 1178 3419 Benedictus
1221 3335 1264 3418 in
1302 3333 1383 3420 hoc
1420 3336 1514 3420 loco
1550 3335 1657 3420 dixit

95 3499 99 3510 ·
228 3465 315 3568 tui,
344 3495 393 3552 ac
420 3468 455 3550 s'i
483 3447 657 3572 diceret:
687 3469 731 3547 et
758 3464 855 3573 qnia
883 3463 996 3566 haec,
1023 3494 1130 3574 qnae
1158 3493 1237 3576 ego
1266 3467 1414 3576 loquor
1441 3468 1534 3571 tihi,
1572 3494 1656 3551 non

240 3600 359 3705 potes
387 3595 554 3681 auribus
583 3596 789 3706 corporeis
817 3593 971 3696 audire,
995 3594 1149 3680 idcirco
1177 3595 1262 3681 dixi
1289 3597 1363 3699 toi,
1393 3603 1442 3680 nt
1468 3626 1518 3684 ea
1545 3598 1658 3682 anri·

241 3727 317 3809 bus
346 3728 481 3811 cordis
509 3727 663 3813 audias.
895 3828 900 3838 ι
1722 3721 1728 3732 ’

232 3903 235 3910 ·
354 3857 413 3942 Et
441 3857 750 3941 adarronilr'oncm
772 3855 841 3962 pii
862 3859 1003 3962 putris·
1030 3856 1199 3942 libenter
1226 3859 1379 3964 canipe.
1444 3857 1560 3942 lnter
1585 3857 1658 3942 ad·

242 3989 516 4076 nronitiouern
545 3993 589 4073 et
618 3987 848 4073 doctrinam
876 3987 954 4073 hoc
984 3994 1122 4101 potest
1142 3990 1360 4075 iuteresse:
1391 3987 1656 4074 doctrinaest

242 4108 423 4208 ostensio
452 4121 523 4225 rei,
553 4149 656 4232 qnae
686 4119 810 4203 debet
838 4119 939 4236 fieri,
969 4125 1012 4205 et
1040 4148 1145 4232 quae
1173 4151 1256 4206 non
1284 4121 1408 4206 debet
1438 4119 1555 4220 fieri;
1584 4118 1659 4206 ad·

183 4347 192 4366 ,
239 4254 414 4338 monitio
446 4282 541 4339 vero
570 4257 635 4336 est
651 4251 854 4354 exoratio.
880 4257 928 4334 nt
951 4253 1025 4337 liat
1042 4252 1106 4337 vel
1138 4253 1325 4340 nonlfiat.
1366 4251 1490 4338 Nunc
1509 4251 1659 4336 iterum

240 4383 460 4467 videndum
490 4389 565 4486 est,
604 4413 686 4493 qna
726 4383 887 4468 ratione
922 4381 965 4471 S.
994 4384 1241 4471 Benedictus
1268 4413 1361 4470 cum
1391 4383 1497 4468 dixit
1517 4382 1659 4488 putria

78 4566 85 4582 ·
182 4553 190 4562 ·
239 4513 453 4624 praemisit
484 4513 562 4617 pii,
598 4544 690 4599 eum
730 4514 956 4621 suffecisset
990 4514 1140 4602 dixisse
1167 4520 1331 4599 tanturn
1355 4516 1522 4624 patris?
1576 4509 1659 4602 Sed

73 4675 80 4691 ·
182 4630 184 4636 ¹
238 4645 332 4729 ideo
376 4645 482 4729 dixit
513 4645 583 4750 pii
609 4651 778 4758 propter
805 4635 1168 4756 exaggerationem
1199 4646 1461 4758 paternitatis
1487 4647 1660 4730 allectus

202 4769 207 4778 ’
239 4771 282 4860 id
312 4781 386 4878 est,
415 4781 463 4860 ut
492 4779 740 4878 ostenderet,
768 4770 1014 4862 se‘niminm
1045 4783 1260 4888 paternum
1290 4803 1471 4865 amorem
1495 4775 1659 4861 habere.

242 4911 389 4995 Altero
428 4908 551 4994 modo
590 4908 694 4992 dixit
724 4911 795 5021 pii
821 4907 872 4991 ad
891 4896 1199 5018 ¹superationem
1234 4910 1415 5013 illorum,
1435 4971 1437 4976 -
1454 4907 1526 5018 qni
1564 4932 1659 4989 cru·

242 5040 353 5124 deles
390 5046 487 5124 sunt
514 5043 664 5151 patres,
703 5039 832 5122 veluti
860 5045 923 5126 est
951 5039 1154 5140 diabolus,
1189 5041 1241 5124 de
1276 5072 1359 5153 quo
1390 5039 1587 5126 Dominus
1615 5033 1660 5118 in

244 5167 471 5278 Evangelio
512 5167 636 5254 dicit:
702 5167 784 5254 Vos
822 5195 873 5253 ea
903 5176 1027 5276 patro
1066 5169 1226 5255 ‹liubolo
1264 5173 1375 5274 estis,
1409 5171 1507 5276 quic
1535 5195 1661 5276 opero

242 5299 331 5406 ejus
367 5302 506 5404 (crem
544 5298 678 5386 culte's.
734 5299 935 5385 Diabolus
979 5301 1105 5405 enim,
1146 5327 1382 5411 quanquam
1423 5299 1578 5385 blanda
1618 5301 1662 5383 et
