3960 5774
814 362 898 457 Cap.
923 359 1083 436 xxxxi
1301 443 1304 450 ,
1582 363 1662 450 449
1787 449 1796 460 1

253 589 521 674 Pentecosten
566 583 766 691 prandere
805 581 857 668 ad
892 587 1046 668 sextam
1086 589 1129 669 et
1157 583 1206 668 ad
1238 611 1445 691 vesperam
1476 609 1661 683 coenare,

252 746 340 804 cum
371 723 508 799 tamen
538 713 714 797 letaniae
743 713 941 815 venerint,
970 711 1333 799 debeutmonaehi
1360 713 1404 797 in
1432 712 1662 798 hisdiebus

245 849 428 957 jejunare
457 871 585 953 usque
614 843 666 927 ad
695 871 845 927 ιιοιιιιιιι
875 849 918 928 et
937 872 1058 929 oruue
1078 845 1294 954 jejunium,
1323 844 1432 953 qnod
1459 844 1659 930 indictum

250 978 370 1064 fuerit·
393 973 669 1084 abepiscopo,
694 973 845 1058 debent
863 976 986 1060 etiam
1002 975 1202 1084 jejunare,
1232 975 1328 1084 quia
1350 974 1492 1084 regula
1511 977 1659 1060 curioni

251 1138 333 1194 ιιοιι
363 1105 623 1192 contradicit.
683 1105 835 1190 Dicunt
872 1103 980 1189 euim
1021 1132 1223 1190 curiones:
1262 1104 1312 1190 si
1337 1107 1428 1212 quis
1458 1103 1660 1211 jejunium

162 1327 166 1334 ,
249 1239 440 1324 indictum
469 1235 675 1321 violaverit
704 1243 747 1320 et
775 1237 890 1346 reliq.

357 1369 569 1478 Sequitur:
616 1368 656 1449 A
698 1361 925 1450 Pentecoste
967 1373 1097 1450 arctam
1145 1373 1226 1451 tota
1274 1372 1423 1450 aestate
1471 1367 1510 1448 si
1553 1366 1665 1449 trebo-¹

196 1479 201 1488 ’
247 1529 311 1588 res
358 1525 549 1608 caprorum
587 1478 675 1580 Ιιιοιι
720 1497 864 1581 turbant
906 1495 1113 1598 recorrecti,
1164 1503 1235 1582 aut
1281 1496 1468 1580 arieneietos
1514 1495 1662 1580 caloris

248 1662 326 1718 reon
360 1629 599 1738 perturbat,
647 1634 793 1734 praesta
835 1634 871 1710 et
913 1635 1027 1711 secta
1067 1630 1177 1732 laria
1215 1628 1398 1736 jejunent
1443 1637 1565 1734 repere
1606 1631 1662 1713 od
1809 1695 1812 1702 ⁴

248 1789 407 1849 ιιοιιιιιιι.
465 1759 652 1866 Reliquis
679 1783 771 1843 ecre
799 1758 940 1844 riiebees
968 1758 1024 1842 ud
1043 1765 1197 1844 sestam
1222 1760 1465 1865 prandeant.
1498 1803 1547 1824 -
1578 1753 1661 1842 Loss

248 1896 319 1978 ton·
350 1917 539 1998 aurarum
569 1889 740 1992 dicitur,
780 1917 872 1974 cunr
902 1918 985 1973 uon
1015 1891 1058 1972 iu
1086 1892 1265 1976 claustra
1292 1889 1549 1988 monasterii,
1591 1891 1661 1973 sed
1786 1927 1791 1938 ·

248 2027 287 2107 in
318 2023 428 2131 agris
470 2020 661 2104 babomut
701 2026 774 2105 arat
813 2023 977 2146 doersum
1021 2027 1093 2104 aut
1129 2047 1299 2104 rrressem
1339 2031 1413 2105 ant
1453 2021 1592 2131 fruges
1619 2024 1663 2102 et

247 2153 359 2262 reliq.
421 2149 624 2236 Nienictas
656 2153 804 2238 entonis
832 2160 913 2250 est,
958 2180 1048 2237 cum
1086 2149 1320 2256 angustiam
1360 2149 1517 2234 lronriui
1547 2151 1659 2236 calor

248 2284 410 2392 ingerit.
471 2283 627 2386 erarta
668 2291 705 2366 et
741 2291 858 2368 secta
893 2283 1000 2388 lesio
1035 2281 1215 2388 jejeenent
1246 2305 1370 2388 respira
1405 2283 1461 2365 ud
1499 2306 1660 2366 ιιοιιιιιιι.

248 2415 358 2498 ilaec
388 2411 642 2497 consuetudo
670 2412 882 2521 jejunandi
912 2417 1062 2523 quarto
1090 2418 1132 2495 et
1160 2420 1275 2497 sextu
1303 2413 1403 2496 feria
1427 2417 1519 2496 orta
1547 2417 1609 2495 est
1636 2441 1661 2494 a

123 2559 125 2566 '
247 2543 398 2627 erraretis
425 2543 614 2628 Patribus
643 2573 803 2630 necnon
828 2543 951 2628 etiam
977 2543 1138 2654 judaica
1160 2543 1412 2628 cousuetudo
1435 2543 1525 2643 fuit,
1554 2545 1661 2626 sicut

248 2673 480 2782 pbamsaeus
511 2675 634 2760 dicite
664 2675 815 2780 Jejrmo
837 2675 900 2758 bis
918 2675 960 2758 ia
985 2674 1166 2771 sabbato,
1194 2673 1371 2758 aeaeae
1394 2673 1445 2757 do
1470 2675 1658 2776 onerarium,

114 2871 118 2882 .
248 2829 347 2908 qnae
368 2803 584 2908 possideo,
613 2805 704 2890 ideo
734 2809 775 2890 iu
805 2806 976 2889 salrbato
1006 2806 1088 2906 bis,
1119 2805 1215 2914 quia
1242 2810 1317 2888 aut
1345 2831 1427 2888 uon
1456 2806 1659 2889 coenabat
1714 2827 1720 2834 ·

248 2943 321 3017 aut
350 2962 432 3016 ιιιιιι
465 2937 703 3042 prandebat.
764 2938 883 3046 Apud
914 2937 1106 3044 antiquos
1135 2935 1244 3018 enim
1279 2932 1491 3019 dicebatur·
1525 2935 1658 3044 prima
1790 2976 1792 2982 s

158 3119 176 3149 .
247 3063 420 3166 sabbati,
449 3067 628 3150 seeundo
655 3068 815 3151 sabbati
845 3075 887 3153 et
917 3069 1072 3178 colique
1102 3094 1229 3176 usque
1253 3065 1298 3149 in
1322 3065 1537 3176 baptimam
1566 3068 1659 3149 sab·

249 3195 347 3296 bati,
376 3223 425 3279 ac
443 3223 517 3304 per
536 3195 614 3280 boe
638 3199 761 3284 etiam
787 3203 877 3282 tota
900 3197 1159 3282 hebdomada
1178 3197 1395 3280 sabbatum
1420 3196 1655 3298 vocabatur,

248 3332 288 3408 et
315 3327 408 3410 ideo
436 3326 506 3412 ille
535 3329 783 3437 pharisaeus,
814 3356 905 3412 cum
930 3329 1052 3414 dicits
1082 3329 1145 3412 bis
1167 3329 1312 3438 jejuno
1332 3327 1383 3445 ,in
1412 3327 1585 3410 sabbato
1607 3375 1654 3390 -
1757 3337 1759 3344 '

247 3459 358 3566 ιμιιιιὶ
390 3457 560 3543 diceret:
601 3458 758 3542 duobus
788 3458 929 3543 diebus
953 3457 1095 3570 jejuno
1125 3459 1166 3544 iu
1195 3457 1446 3570 septimana,
1487 3459 1564 3541 hoc
1594 3465 1655 3542 est

246 3595 392 3696 qumto
419 3595 461 3674 et
489 3593 605 3672 sexta
627 3589 741 3690 feria,
769 3589 963 3699 eoquod,
993 3590 1098 3675 sieut
1120 3589 1307 3691 diximus,
1332 3589 1439 3698 apud
1465 3589 1656 3699 antiquos

246 3720 472 3828 septimana
494 3719 708 3804 sabbatum
732 3722 968 3811 vocabatur.
1011 3720 1305 3806 Verumtamen
1334 3702 1418 3804 bon
1449 3726 1510 3803 est
1537 3718 1659 3803 intel·-

247 3850 468 3958 iigendmu,
499 3859 545 3935 ut
574 3851 688 3936 trullo
720 3853 841 3938 ruodo
869 3850 913 3936 ie
934 3851 1031 3960 ipsis
1052 3850 1192 3937 diebus
1209 3851 1334 3962 [ιιοιι]
1359 3852 1654 3950 manducasset,

202 4041 205 4050 .
246 3984 313 4066 sed
351 3981 476 4065 seurel
513 3982 556 4065 in
594 3981 694 4090 ipsis
722 3980 866 4065 diebus
903 3982 1202 4083 ruarrdueabat,
1233 3981 1259 4069 i.
1289 4010 1323 4066 e.
1353 3981 1387 4065 si
1416 3982 1653 4090 procidebat,

246 4139 328 4195 non
358 4113 572 4218 coenabat,
603 4122 645 4198 et
662 4115 697 4198 si
719 4115 930 4217 coenabat,
961 4141 1043 4198 ιιοιι
1071 4111 1319 4224 prandebam
1348 4117 1391 4194 et
1408 4113 1508 4197 illud
1530 4141 1654 4220 pran-

246 4241 371 4345 dium,
400 4242 509 4354 quod
539 4274 622 4329 nou
653 4245 905 4354 prandebat,
933 4245 1018 4330 sive
1046 4273 1242 4346 coenam,
1271 4269 1392 4352 quarn
1422 4270 1506 4334 uon
1536 4271 1653 4325 rnan·

88 4395 93 4403 ·
246 4371 440 4473 ducabat‚
470 4375 721 4487 pauperibus
744 4403 866 4461 causa
894 4405 1022 4462 variae
1052 4375 1209 4488 gloriae
1239 4374 1375 4461 dabat.
1434 4371 1539 4455 Nam
1569 4401 1651 4456 uon

48 4503 51 4513 ’
246 4503 432 4609 diximus,
465 4514 512 4589 ut
540 4506 655 4591 ιιιιΙΙο
685 4507 808 4591 modo
836 4508 877 4591 iu
908 4508 1005 4618 ipsis
1035 4506 1175 4592 diebus
1205 4507 1327 4614 [uon]
1359 4505 1653 4602 nrarrdaeusset,
1811 4570 1813 4576 .

245 4636 348 4748 quia·
367 4635 402 4720 si
430 4635 534 4721 nihil
554 4635 870 4741 snsuducasset,
901 4665 985 4722 ιιοιι
1015 4637 1192 4722 diceret:
1234 4635 1294 4718 bis
1319 4635 1460 4745 jejuno
1489 4634 1531 4716 iu
1561 4634 1653 4715 sab·

245 4764 355 4868 bato,
385 4767 455 4851 sed
484 4763 658 4852 diceret:
692 4770 793 4853 duas
824 4767 1022 4852 biduanas
1050 4765 1156 4853 facio
1185 4767 1227 4852 iu
1256 4764 1441 4864 sabbato,
1471 4764 1547 4848 boc
1578 4769 1654 4865 est,

247 4895 346 4980 nibil
375 4897 416 4981 in
448 4909 593 5016 quarta
631 4895 816 4985 etsexta
849 4901 1207 5002 feriomanduco,
1245 4897 1342 5005 quia
1380 4892 1650 4977 cottidianum

239 5026 439 5132 jejumum
464 5043 528 5114 est
544 5024 660 5133 illud,
688 5033 730 5114 in
751 5058 834 5140 quo
856 5030 981 5142 semei
1006 5028 1048 5113 iu
1073 5029 1139 5112 die
1160 5026 1398 5135 comeditur,
1426 5022 1651 5110 biduanum
1687 5095 1688 5098 ι

245 5181 352 5258 vero,
381 5185 473 5244 eum
502 5161 546 5243 in
575 5160 706 5247 altero
735 5161 801 5246 die
830 5165 991 5291 tantum
1016 5158 1256 5259 comeditur,
1286 5159 1327 5244 b.
1349 5183 1384 5242 e.
1412 5153 1508 5248 siin
1531 5151 1666 5240 tertia
1740 5181 1751 5200 ·

213 5389 219 5408 ⁸
310 5299 499 5366 ιιιιιιιιιιιι,
517 5303 666 5370 areauna
682 5305 797 5371 naon·
1232 5385 1236 5396 ,
1317 5291 1398 5423 ⁸29
