3930 5788
849 189 932 280 esp.
957 185 1077 263 uum.
1373 154 1392 244 s
1596 195 1677 280 593

264 404 448 506 Qualiter
479 430 578 512 ergo
607 404 695 489 eine
723 406 843 518 eulpa
867 407 1131 525 'corripientia
1159 411 1309 496 existat
1342 411 1430 519 ipra
1458 409 1674 518 correptio,
1728 463 1747 526 f

262 561 382 648 quam
421 531 612 644 corripit,
649 535 793 622 doctor
822 523 1121 648 mangones
1160 539 1514 625 mirificentissime
1555 539 1674 625 doeet

244 668 302 750 ¹in
330 664 436 748 libro
479 663 676 773 vigesimo
716 666 841 751 tertie
871 667 1090 754 Moralium
1128 670 1267 754 dicens
1295 669 1373 754 lune
1402 670 1547 756 innodo:
1584 668 1674 756 Noe

259 796 364 884 euim
391 797 489 902 qnia
524 793 680 900 infirmi
715 796 894 882 leontinae
930 823 1070 883 arentur
1099 863 1110 887 .
1140 863 1150 888 .
1182 861 1192 884 .
1223 864 1234 908 ,
1266 866 1275 889 .
1306 800 1674 908 ..iniquitaten
1804 823 1808 831 ·

259 925 430 1033 creperi.
444 925 481 1037 ¹)
1145 935 1147 942 '

370 1056 582 1168 Sequitur:
624 1059 939 1166 memineritque,
980 1059 1177 1145 ealnrnnm
1205 1065 1439 1168 unlneratum
1473 1085 1552 1144 eron
1580 1085 1671 1144 eorr-

258 1188 473 1276 terendnm.
515 1187 606 1274 Hoe
635 1187 833 1275 deremias
865 1191 1065 1302 propheta
1093 1192 1144 1276 de
1176 1189 1352 1276 Domino
1380 1191 1479 1275 lesu
1508 1190 1670 1275 Christo

258 1321 382 1440 dixit,
411 1319 471 1404 ait
512 1321 645 1405 enim:
689 1319 899 1406 caraman
933 1330 1167 1430 qrrassntnm
1204 1349 1284 1406 non
1322 1327 1512 1426 auerteret,
1542 1319 1670 1406 lineum
1784 1349 1812 1390 ·,
1934 1345 1935 1350 ‘

255 1449 465 1558 seinamma
509 1476 589 1538 nou
632 1455 845 1564 extirrynet.
910 1457 990 1542 Per
1031 1455 1232 1542 calamum
1277 1453 1383 1538 euim
1424 1453 1671 1563 intelligitur
1845 1467 1848 1476 '

258 1584 424 1669 omnino
454 1589 670 1698 peecatum
701 1587 932 1696 perlinam
963 1616 1058 1673 vere
1088 1589 1294 1699 fumigans
1323 1586 1460 1686 liniue,
1491 1587 1670 1697 quinon

257 1744 328 1826 per
357 1718 495 1802 omnia
523 1718 654 1802 mulne
684 1723 767 1820 est,
798 1718 895 1828 quin
919 1719 1009 1827 jem
1036 1719 1203 1829 quamlo
1226 1719 1363 1804 iunme
1393 1717 1478 1802 exit
1506 1711 1555 1802 de
1583 1717 1669 1820 illo,

48 1841 53 1878 ‘
160 1885 162 1892 ’
255 1854 351 1934 tune
379 1847 535 1959 aliquid
564 1849 663 1934 boni
691 1849 836 1948 habet;
865 1850 980 1961 quari
1011 1851 1178 1935 diceret:
1208 1855 1464 1962 peceatorem
1491 1877 1573 1935 nou
1597 1849 1667 1933 de·

254 1977 395 2090 spicit,
424 1979 493 2064 red
525 1980 575 2066 ad
608 1980 902 2092 poenitentiam
932 1981 1049 2067 illum
1087 1987 1264 2068 revocat.
1327 1978 1517 2066 Getarum
1546 2006 1668 2086 qnae·

44 2181 99 2221 ¹..
254 2114 378 2212 entus,
408 2109 435 2194 i.
466 2139 499 2196 e.
530 2139 612 2196 nou
642 2109 808 2222 penitus
837 2121 1006 2222 ruptus,
1034 2111 1103 2198 sed
1133 2112 1261 2197 llexrrs
1290 2116 1332 2196 et
1360 2112 1597 2198 incurvatus
1626 2117 1668 2194 et
1720 2153 1734 2175 -·

254 2239 363 2350 qnod
392 2246 530 2352 potest
566 2242 762 2354 reparari.
821 2241 886 2328 lta
914 2242 1021 2327 enim
1053 2247 1094 2326 et
1122 2271 1230 2328 nume
1259 2243 1362 2329 dicit
1391 2243 1436 2331 B.
1468 2243 1665 2330 Benediu·

253 2377 317 2457 tna
360 2370 560 2460 calumum
596 2380 833 2480 delassatum
857 2397 948 2458 *non
993 2373 1297 2482 contemnem,
1323 2377 1327 2386 ’
1350 2375 1377 2463 i.
1419 2402 1454 2460 e.
1496 2401 1577 2459 non
1612 2351 1663 2457 ¹in

252 2508 411 2588 tantum
453 2509 721 2616 persequatur
758 2501 874 2588 illnnr
912 2503 1146 2608 hominem,
1176 2505 1246 2616 qni
1276 2504 1392 2616 quael
1421 2504 1664 2590 naturaliter

250 2634 376 2720 habet
403 2633 504 2720 illud
531 2637 700 2737 vitium,
731 2641 777 2719 nt
805 2639 957 2748 pereat.
1015 2635 1110 2722 Non
1148 2637 1339 2741 dicimus,
1370 2643 1418 2721 nt
1444 2636 1559 2722 illum
1591 2637 1663 2722 ho·

250 2766 401 2851 minem
433 2796 508 2880 pro
537 2796 610 2853 suo
628 2769 729 2855 vitio
753 2796 837 2854 uon
866 2769 1054 2880 castiget,
1084 2768 1153 2852 eed
1183 2797 1266 2854 uon
1295 2769 1353 2854 ita
1382 2771 1546 2854 fortiter
1571 2797 1661 2880 per·

249 2903 452 3014 sequatur,
482 2901 745 3003 nantillam,
776 2899 846 3011 qni
877 2928 957 2985 non
990 2901 1104 3012 quusi
1135 2901 1378 2986 naturaliter
1406 2899 1531 2985 habet
1559 2901 1661 2984 illud

248 3029 414 3132 vitium,
444 3030 551 3117 sieut
574 3033 659 3144 jum
690 3032 889 3132 diximum
919 3038 962 3116 et
991 3031 1068 3118 hoe
1097 3042 1159 3118 eat
1188 3032 1297 3144 qnod
1331 3033 1571 3118 subsecutus
1602 3041 1663 3117 est

247 3161 410 3248 dieena:
467 3165 520 3249 Iu
550 3167 694 3273 decidua
722 3191 801 3250 rnen
842 3164 1039 3268 (licinum,
1066 3171 1110 3248 nt
1129 3163 1341 3270 peruritlnt
1368 3166 1521 3249 erectriri
1549 3163 1660 3269 vilia,

247 3295 318 3378 sed
355 3299 580 3402 praedentur·
620 3303 657 3380 et
685 3323 771 3380 mern
809 3297 976 3381 caritate
1003 3325 1051 3382 eu
1097 3301 1294 3402 arreptae,-
1334 3325 1383 3380 ae
1421 3295 1453 3378 si
1484 3295 1658 3380 diceret:

109 3437 113 3448 '
249 3426 345 3512 vitia
374 3427 564 3512 emendet
593 3437 636 3512 et
665 3456 748 3513 non
779 3428 950 3529 nutriat,
979 3428 1048 3512 aad
1079 3434 1216 3513 tannen
1246 3428 1470 3538 prudenter
1497 3457 1545 3512 ea
1572 3456 1658 3512 arrr-

246 3563 364 3668 putet
402 3565 444 3645 et
484 3588 575 3646 enm
617 3559 846 3646 dilectione.
906 3561 984 3645 Per
1024 3559 1102 3646 hoe
1141 3559 1251 3672 qnod
1282 3557 1403 3645 dieite
1444 3563 1487 3641 at
1513 3557 1659 3642 viderit

116 3751 121 3758 -
245 3689 382 3798 cecique
409 3691 623 3798 expedire,
652 3693 755 3778 sieut
773 3692 868 3800 jam
895 3691 1097 3796 dixirim,
1119 3693 1180 3756 '-
1210 3720 1257 3778 ae
1285 3691 1318 3776 ei
1347 3691 1523 3779 diceret:
1553 3692 1659 3777 sieut

245 3823 485 3932 cognoverit
526 3824 747 3938 unicuique
767 3907 769 3910 ,
788 3823 999 3936 expedire,
1038 3823 1066 3910 i.
1108 3853 1143 3910 e.
1187 3849 1414 3934 congruere
1455 3822 1519 3906 vel
1559 3851 1658 3907 eou-

245 3952 403 4056 renire3
443 3954 522 4040 lroe
551 3959 636 4040 eet:
667 3953 732 4040 eui
763 3953 969 4065 flagellum
1001 3954 1178 4066 expedit,
1209 3950 1653 4067 flagellunradhibeut,

246 4087 287 4165 et
314 4083 380 4169 eui
410 4111 494 4170 uon
524 4083 701 4196 expedit,
731 4113 814 4171 uon
841 4084 1051 4174 adhibeat.
1109 4083 1158 4174 V.
1178 4113 1240 4198 gr.
1270 4113 1363 4171 ecee
1384 4085 1465 4171 duo
1485 4083 1652 4168 luntreer
1790 4181 1791 4184 Ν
1840 4049 1844 4058 ¹

243 4213 366 4302 irtum
396 4244 524 4302 unum
553 4215 632 4302 nisi
661 4216 944 4330 flagellaveris,
975 4245 1058 4303 uon
1088 4215 1342 4317 emendabim
1380 4221 1481 4302 tune
1511 4213 1654 4324 flagel-

243 4347 368 4448 letur3
408 4348 485 4434 iate
520 4353 658 4433 antem
688 4350 721 4434 ri
751 4347 983 4459 flagellatur
1023 4347 1170 4454 fuerit,
1210 4377 1432 4460 numquam
1462 4347 1653 4432 emenda·

242 4477 375 4588 bitur,
415 4482 485 4566 sed
525 4481 659 4590 magia
697 4477 990 4580 deterioratum
1015 4486 1130 4594 tune
1159 4508 1243 4566 nou
1280 4479 1402 4566 debet
1441 4478 1650 4590 flagellum

240 4607 300 4694 illi
327 4611 528 4716 adhiberi,
557 4611 667 4699 sient
695 4609 795 4697 dieit
820 4639 929 4722 papa
958 4608 1200 4723 Gregorius:
1246 4608 1365 4710 Unde
1388 4637 1494 4696 tereus
1520 4612 1675 4696 nem·
1792 4686 1799 4704 ,

239 4745 317 4846 tar,
346 4741 453 4830 ulter
480 4744 663 4833 emetur.
1365 4761 1370 4771 '

241 4940 503 4962 m

257 5105 259 5109 v
327 5055 355 5142 ⁸)
377 5049 502 5124 ilerul.
525 5049 588 5127 lib.
612 5050 665 5126 28.
690 5048 727 5124 in
749 5071 827 5145 rap.
850 5049 903 5124 33.
928 5049 967 5124 Β.
990 5047 1069 5124 deb.
1113 5048 1268 5140 (iligna,
1296 5044 1390 5124 lema
1406 5048 1460 5125 76.
1482 5047 1548 5124 eel-
1571 5049 1649 5123 266.

238 5179 272 5232 n·
296 5161 495 5350 ididem..
512 5284 664 5353 nepomu
682 5285 807 5350 roger...
1157 5377 1162 5389 Ι
1394 5275 1465 5368 381
