4002 5792
72 229 81 391 t
429 251 432 264 .

925 209 1008 300 Cap.
1032 209 1137 314 ΗΝ.
1657 213 1736 298 603

325 429 569 529 reverantia,
599 427 626 516 i.
657 456 692 514 a.
728 453 821 512 cum
856 425 1012 514 trencin
1054 433 1096 514 at
1124 429 1271 514 tiruora
1302 429 1390 518 Dei.
1447 429 1563 528 Quod
1597 413 1736 511 andem
1790 497 1793 506 ,

326 561 426 648 dicit
449 556 551 642 reiicit
581 564 719 642 contro
747 553 984 642 nolrcutotenr
999 556 1155 643 eririndis
1177 563 1247 645 end
1262 559 1552 644 ordinationem
1565 557 1736 664 tircieus,

325 696 405 778 cluo
426 689 550 774 dixit:
584 687 724 772 Potest
752 715 838 770 asse
866 688 1055 774 voruntas
1083 691 1256 790 abbatis,
1286 689 1395 800 quod
1426 719 1508 776 non
1538 696 1601 772 est
1630 687 1738 770 oreli-

325 821 459 918 nnti03
488 847 529 906 v.
556 845 619 930 gr.
651 815 814 902 ordinat
842 817 981 919 abbas,
1013 847 1117 930 quae
1145 819 1213 930 agi
1243 819 1406 906 debent.
1465 819 1570 921 Quia
1597 817 1735 902 nullus

323 959 385 1038 ast
421 947 627 1050 mortalis,
656 948 726 1058 qui
763 947 820 1034 ric
863 949 993 1059 possit
1033 949 1204 1036 definire
1246 950 1382 1036 orrrnia
1419 949 1461 1034 iu
1498 948 1658 1062 periuris,
1690 953 1736 1031 ut

325 1069 585 1195 postmodum
625 1107 711 1163 non
751 1079 806 1164 sit
841 1077 967 1165 etiarn
1008 1081 1246 1181 necessitas,
1276 1079 1424 1176 iterum
1456 1079 1599 1163 arretina
1628 1077 1737 1162 ordi·

324 1210 468 1310 unudi;
504 1215 604 1294 tuuc
635 1205 704 1293 iila
734 1195 992 1320 praepositus
1019 1239 1102 1294 rron
1133 1212 1221 1318 agit
1250 1216 1393 1295 contra
1423 1208 1735 1307 ordinationem,

324 1370 416 1428 curu
447 1369 495 1424 aa
523 1337 716 1426 custodit.
776 1336 830 1423 lut
858 1338 1047 1425 aindliter
1076 1370 1158 1424 nou
1189 1341 1278 1450 ugit
1306 1345 1450 1427 contra
1480 1339 1735 1424 volturrtntenr

322 1467 495 1570 aulatis,
524 1467 558 1551 si
588 1467 629 1552 in
660 1465 750 1552 aliis
780 1467 923 1573 rebus,
954 1469 995 1554 in
1025 1470 1174 1581 quibus
1203 1500 1285 1556 reon
1316 1472 1453 1580 potnit
1480 1467 1606 1552 abbas
1635 1468 1737 1550 deti·
1854 1455 1858 1464 ’

322 1597 520 1682 nitiouaur
552 1625 718 1706 ponere,
747 1597 780 1682 si
810 1600 1066 1710 praepositus
1096 1601 1153 1684 ita
1183 1602 1254 1685 illa
1283 1607 1393 1706 ngat,
1425 1603 1548 1710 prout
1576 1595 1736 1680 abbatis

325 1728 580 1813 voluutatcm
610 1731 863 1838 cognoverit.
922 1731 1039 1830 Quod
1068 1739 1204 1816 autem
1234 1732 1354 1815 dicit:
1396 1731 1513 1838 preire,
1544 1733 1736 1834 peroratura
1780 1733 1783 1740 '

316 1858 529 1966 praelatos
556 1865 628 1958 cst,
658 1860 717 1942 ita
745 1887 834 1944 eum
863 1867 1014 1968 oportet
1044 1861 1209 1952 sollicite
1231 1867 1450 1970 praecepta
1478 1856 1640 1966 repulere
1667 1856 1733 1939 ot·

321 2017 506 2093 cernere,
535 1989 595 2074 ita
624 1989 894 2100 intelligitur,
925 1993 951 2080 i.
981 2022 1017 2082 e.
1046 1992 1088 2076 in
1118 1995 1210 2079 cibo
1239 1993 1305 2078 vel
1334 1997 1457 2102 potu,
1488 1991 1530 2075 in
1559 1987 1736 2089 silentio,

321 2120 384 2205 vel
415 2119 486 2206 ubi
517 2127 665 2234 potest,
695 2119 886 2208 videlieet
907 2123 949 2208 in
971 2123 1147 2210 lectione
1176 2134 1219 2211 at
1241 2123 1486 2224 obedientia,
1516 2119 1735 2204 seuctiani

322 2253 363 2337 iu
394 2249 561 2362 reliquis
590 2250 731 2336 canusia.
792 2253 909 2354 erod
939 2283 1035 2341 vero
1064 2255 1165 2341 dicit
1192 2258 1359 2342 vitiosus
1385 2259 1455 2338 ord
1477 2251 1645 2338 elatione
1667 2249 1736 2332 de·

322 2390 455 2490 ceptae
475 2427 528 2446 -
551 2381 720 2468 vitiosus
748 2385 903 2472 attinet
930 2385 982 2472 ud
1013 2387 1150 2472 cibum
1181 2389 1245 2474 vel
1269 2392 1428 2500 potum,
1458 2384 1576 2468 elatio
1597 2387 1733 2466 auteur

321 2515 473 2600 attinet
500 2513 553 2598 ad
583 2513 776 2601 vestitum
805 2523 848 2604 et
874 2519 926 2605 ad
957 2521 1235 2632 equitandum.
1293 2519 1545 2634 Gordenrptor
1573 2519 1735 2598 carretae

319 2643 479 2758 reputor
501 2644 654 2733 attinet
676 2647 727 2734 ad
749 2649 958 2736 sitentium
984 2651 1050 2736 vel
1074 2651 1290 2740 lectionem
1311 2657 1353 2738 at
1372 2655 1519 2751 cetera,
1550 2673 1654 2758 quaa
1672 2673 1735 2730 re·

318 2910 447 3020 reliq,
479 2913 583 2998 bene
603 2911 704 2998 dicit
726 2939 849 3022 aspare
864 2924 1016 3022 preater,
1038 2917 1135 3028 quia
1152 2919 1259 3004 sicut
1279 2917 1408 3028 rurujor
1426 2923 1488 3000 est
1505 2914 1734 3031 inhonore,

170 3041 174 3052 '
320 3040 377 3124 ita
398 3040 521 3126 etiarn
542 3047 677 3153 plures
700 3043 850 3128 habere
871 3047 994 3132 debet
1012 3048 1332 3155 admonitiones3
1364 3077 1400 3134 v.
1422 3076 1484 3158 gr.
1511 3043 1734 3131 rrrorraehus

319 3173 473 3257 duabus
487 3175 642 3259 vicibus
658 3175 808 3260 dicitnr
823 3177 987 3288 corripi,
1006 3169 1184 3287 decanus
1202 3181 1346 3281 tribus,
1367 3177 1621 3290 praepositus
1637 3203 1735 3282 qua·

321 3305 433 3390 tuor}
486 3303 601 3389 istud
619 3334 729 3407 vero,
758 3308 867 3418 qnod
894 3307 995 3392 dicit
1021 3313 1060 3393 si
1082 3339 1161 3395 reon
1188 3311 1468 3412 ererendunerit,
1498 3309 1735 3394 ‹aeilriteotur
1847 3343 1849 3348 ·

216 3517 220 3524 .
317 3438 353 3518 ei
374 3438 570 3542 correptio
589 3437 832 3544 discipliuae
854 3439 1054 3548 reperiaris
1078 3491 1127 3507 -
1143 3437 1257 3555 qdnsi
1277 3435 1453 3526 diceret:
1478 3441 1519 3528 Si
1540 3465 1611 3550 per
1635 3467 1734 3546 qua·

318 3573 411 3650 tuor
430 3568 536 3654 vices
553 3569 681 3654 tuerit
694 3571 928 3656 admonitus
944 3579 986 3659 et
1002 3603 1085 3660 non
1101 3603 1144 3658 se
1160 3576 1450 3677 emendaverit,
1470 3572 1643 3656 ducatur
1661 3595 1734 3678 per
1825 3615 1829 3622 ·

317 3699 480 3808 gradus,
511 3701 550 3785 h.
573 3730 606 3788 e.
632 3703 800 3813 publica
819 3705 1036 3817 correptio,
1062 3707 1442 3810 excommunicatio,
1471 3703 1611 3786 orientis
1623 3702 1733 3806 jeje·

317 3831 411 3930 aiis,
440 3833 474 3915 si
495 3833 646 3944 dignus
668 3839 743 3936 est,
773 3833 994 3946 flagellum,
1019 3837 1166 3924 deiude
1190 3841 1334 3941 oratio,
1358 3844 1499 3949 postea
1520 3834 1734 3943 dejiciatur

316 3961 365 4047 de
390 3964 532 4051 ordine
551 3969 872 4078 praepositurae,
901 3967 1124 4080 sicutipse
1153 3969 1193 4057 S.
1218 3970 1461 4056 Benedictus
1491 3967 1610 4052 dicit:
1640 3971 1733 4049 turre
1775 3995 1780 4010 ·

316 4099 529 4206 dejiciatur
557 4103 607 4187 de
636 4101 779 4188 ordine
800 4101 1132 4208 praepostero-ae,
1161 4103 1355 4206 etaltera,
1385 4104 1454 4209 qni
1482 4101 1630 4208 diprrus
1658 4107 1728 4201 est,

289 4237 358 4316 ,iu
386 4233 467 4318 loeo
495 4235 582 4341 ejas
610 4234 856 4344 sertropctnr.
904 4237 1051 4320 Postea
1079 4237 1320 4347 expellatur,
1351 4235 1456 4320 sicut
1484 4233 1571 4344 ipse
1594 4231 1634 4318 S.
1652 4229 1731 4313 Be·

317 4367 499 4452 nedictus
535 4365 655 4451 dicit:
701 4367 815 4474 Qreod
840 4365 880 4452 si
906 4375 944 4452 ct
968 4366 1108 4474 posteo
1147 4365 1191 4450 iu
1231 4367 1530 4475 eonprepatione
1567 4370 1609 4448 et
1645 4363 1730 4463 ret,
1832 4393 1857 4471 '.

315 4502 434 4582 etiarn
474 4501 525 4585 da
565 4501 809 4584 orooroatcrio
850 4496 1085 4604 expelletur.
1156 4497 1248 4582 Hoc
1286 4525 1405 4600 vero,
1456 4493 1563 4605 quod
1606 4493 1729 4577 dicit:
1844 4475 1856 4524 ”

321 4630 468 4736 t'opitet
496 4635 629 4714 turrreu
650 4629 790 4734 obbas,
817 4657 861 4715 se
883 4632 933 4716 de
956 4611 1138 4714 odoribus
1152 4629 1323 4736 judiciis
1342 4627 1429 4711 suis
1446 4625 1534 4710 Deo
1561 4625 1732 4713 reddere
1799 4725 1801 4730 ¹

314 4760 523 4866 rationem,
558 4768 601 4846 et
628 4761 715 4864 ret,
743 4759 1039 4846 attendendum
1068 4766 1143 4863 est,
1171 4759 1279 4870 quia,
1310 4757 1381 4844 nbi
1409 4755 1451 4845 S.
1483 4757 1729 4842 Benedictus

314 4889 361 4970 de
397 4893 402 4902 '
431 4985 438 5008 Ι
467 4891 542 4976 ‘rio
572 4891 673 4977 dicit
700 4892 837 4978 dando
865 4891 918 4976 ab
946 4890 1109 4993 abbate,
1145 4891 1219 5002 ipsi
1249 4889 1389 4976 abbati
1420 4885 1538 5000 quasi
1566 4887 1728 4972 frenum

315 5023 400 5104 mur
427 5041 460 5109 ’.,
506 5051 600 5110 cunr
639 5023 740 5110 dicit
777 5026 874 5132 onia
901 5023 946 5108 in
974 5021 1157 5110 anteritas
1175 5021 1348 5129 judiciis
1376 5021 1466 5106 anic
1494 5021 1728 5106 'redditurus

313 5159 372 5238 eat
402 5157 490 5244 Deo
530 5157 752 5262 rationem,
795 5155 900 5243 sicat
933 5153 976 5240 in
1015 5155 1093 5240 hoc
1122 5151 1355 5244 loco-dicit.
1412 5151 1727 5243 attenuant
1777 5253 1780 5262 ¹
1869 5141 1872 5146 ⁵

320 2776 418 2888 gula
446 2777 558 2864 dicit.
617 2780 735 2881 Quod
763 2785 901 2869 auteur
933 2781 1034 2868 dicit
1070 2783 1334 2871 neinroneotur
1364 2808 1484 2891 resonae
1525 2785 1665 2889 praeder
1697 2783 1737 2862 ct
1813 2851 1815 2858 .
1936 2823 1939 2830 .
