3974 5778
886 219 971 314 Cap.
996 221 1095 296 x111.
1617 233 1697 317 293

285 457 406 562 atque
438 442 738 531 observandum
769 442 820 526 de
848 440 919 524 illa
939 441 1146 544 lectione,
1177 471 1300 554 quam
1329 446 1563 532 memoriter
1598 446 1707 532 dicit

284 585 416 691 legere
445 577 497 663 de
527 575 741 685 Apostolo,
771 575 799 659 i.
828 599 863 656 e.
889 601 1049 686 semper
1070 572 1141 658 illa
1163 575 1300 677 lectio,
1328 605 1432 687 quae
1464 579 1700 666 memoriter
1753 605 1758 618 ·
1873 652 1877 658 ,

289 711 462 822 legitur,
506 708 557 792 de
587 704 790 818 Apostolo
819 703 942 788 debet
971 731 1075 824 esse,
1113 704 1198 812 sive
1225 707 1276 791 de
1305 709 1499 794 Adventu
1535 711 1699 794 sinodo
1752 723 1757 735 '

282 839 530 955 quotidianis
567 837 651 922 sire
692 835 745 920 de
771 835 1099 946 Quadragesima
1132 835 1217 920 sive
1259 835 1384 921 etiam
1427 839 1476 922 de
1505 841 1696 927 omnibus
1759 863 1762 870 ·

283 969 586 1072 festivitatibus,
615 965 739 1050 debet
767 991 853 1050 esse
882 965 1006 1052 lectio
1035 965 1086 1052 de
1114 968 1330 1078 Apostolo,
1360 971 1456 1080 quia
1483 971 1526 1054 in
1559 972 1696 1058 omni·
1864 977 1866 981 ’

281 1107 354 1190 bus
394 1129 516 1214 supra
557 1098 676 1185 dietis
716 1096 1047 1183 solemnitatibus
1077 1102 1142 1186 vel
1171 1099 1469 1188 festivitatibus
1499 1103 1548 1188 de
1578 1106 1693 1213 Apo·

279 1235 383 1321 stolo
412 1232 606 1317 lectiones
635 1232 809 1342 possunt
835 1228 1021 1338 reperiri.

391 1363 446 1448 ut
474 1363 553 1450 hoc
582 1361 824 1447 intuendum
852 1364 936 1463 est,
978 1361 1096 1472 quie,
1141 1361 1212 1446 ubi
1243 1361 1344 1446 dicit
1371 1360 1456 1448 sire
1485 1365 1694 1478 recitando
1861 1483 1862 1488 Ν
1925 1349 1960 1378 ⁹

278 1501 359 1583 sire
388 1495 586 1597 recitetur,
616 1519 777 1604 semper
805 1519 855 1576 ex
883 1492 1007 1577 eorde
1034 1493 1159 1580 debet
1187 1493 1424 1580 memoriter
1452 1493 1532 1579 dici
1566 1495 1691 1583 lectio

277 1633 384 1742 ipsa,
420 1626 505 1712 sive
542 1627 694 1712 habeat
728 1651 779 1710 ea
805 1622 935 1710 corde·
960 1622 1046 1708 sive
1084 1653 1182 1714 non.
1238 1624 1533 1712 Verumtamen
1556 1627 1692 1714 scien·

277 1763 370 1846 dum
399 1765 480 1860 est,
523 1759 619 1869 quia
656 1755 862 1843 dominica
905 1755 971 1840 die
1010 1783 1171 1868 semper
1211 1757 1358 1870 psalmi
1386 1785 1481 1844 eum
1510 1759 1690 1869 Alleluja

275 1891 365 1978 cani
395 1891 558 1978 debent.
615 1889 739 1975 Forte
770 1887 871 1974 dicit
899 1887 1066 1999 aliquis:
1097 1892 1231 1988 Quare
1260 1887 1361 1973 dieit
1380 1887 1422 1973 S.
1445 1888 1689 1976 Benedictus

274 2025 323 2108 de
350 2021 716 2134 quinquagesimo:
746 2045 834 2104 crete
862 2017 1043 2126 Alleluia
1073 2017 1184 2106 debet
1212 2019 1318 2122 cerri,
1349 2025 1391 2107 et
1419 2049 1505 2106 uon
1530 2022 1579 2105 de
1598 2021 1688 2110 aliis

274 2151 466 2264 psalmis?
523 2153 635 2238 Beue
664 2150 789 2250 dixit,
830 2148 929 2260 quia
966 2149 1330 2261 quinquagesimus
1369 2153 1605 2241 contrarius
1627 2163 1688 2238 est

274 2283 326 2369 ad
354 2284 553 2394 Alleluja,
593 2279 779 2390 eoquod
809 2280 1171 2391 quinquagesimus
1212 2279 1364 2366 attinet
1388 2282 1441 2366 ad
1471 2284 1687 2393 poeniten·

21 2355 30 2500 i
123 2518 137 2534 ·
273 2415 384 2516 tiam,
416 2413 456 2501 h.
486 2443 520 2498 e.
550 2411 602 2497 ad
632 2412 991 2516 lamentationem,
1033 2415 1076 2496 et
1101 2413 1282 2522 Allelnje
1310 2415 1491 2521 pertinet
1518 2415 1570 2498 ad
1601 2415 1685 2500 lae·

272 2543 428 2645 titiam,
470 2542 561 2630 ideo
600 2544 726 2646 dixit,
768 2547 811 2630 in
854 2539 1195 2653 quiuquagesimo
1233 2543 1465 2653 specialiter
1505 2544 1685 2654 Alleluja

41 2686 47 2736 ἕ
117 2733 122 2744 -
250 2675 518 2774 canendum
560 2704 653 2760 nam
693 2675 841 2784 reliqui
880 2701 1008 2784 paene
1049 2705 1190 2760 omnes
1228 2675 1468 2786 allelujatici
1505 2683 1602 2759 suut
1639 2681 1683 2761 et

272 2807 407 2891 nullus
434 2833 573 2890 eorum
601 2806 754 2890 attinet
782 2805 835 2891 ad
864 2805 1221 2908 lamentationem,
1257 2805 1350 2910 ideo
1378 2804 1609 2915 specialiter
1636 2806 1681 2889 in

270 2935 349 3021 illis
378 2965 471 3033 non
491 2936 596 3021 dixit
625 2937 813 3047 Alleluja,
842 2937 914 3021 sed
942 2964 1015 3050 per
1043 2937 1372 3023 subauditionem
1395 2935 1528 3020 uoluit
1555 2935 1680 3021 iutel-

270 3067 355 3177 ligi.
411 3067 465 3152 Et
493 3069 572 3153 hoe
600 3074 663 3152 est
689 3066 958 3169 intuendum,
988 3067 1104 3177 quie,
1143 3068 1178 3150 si
1206 3068 1251 3151 iu
1279 3067 1422 3151 diebus
1451 3066 1678 3171 dominicis,

270 3199 390 3282 etiam
430 3199 474 3282 in
514 3199 765 3310 quotidianis
806 3199 886 3283 diei
923 3203 1061 3309 potest
1087 3200 1267 3309 Alleluja
1305 3225 1398 3284 eum
1426 3197 1676 3308 antiphonis,
1769 3271 1772 3276 .

268 3329 323 3414 nil
364 3337 486 3415 nocet
526 3359 602 3416 neo
634 3329 887 3417 contrarium
918 3337 980 3416 est
1014 3332 1213 3442 regulae,
1244 3329 1279 3414 si
1309 3329 1433 3414 etiarn
1463 3329 1506 3412 in
1530 3319 1678 3414 ‘diebus
1832 3359 1833 3364 ‘

267 3461 477 3547 dominicis
512 3463 762 3574 antiphonas
801 3491 894 3548 cum
930 3462 1110 3574 Alleluja
1148 3461 1391 3548 carrtaveris.
1459 3458 1677 3547 Sciendum
1732 3487 1733 3490 ‘

266 3597 346 3695 est,
384 3595 480 3706 quia
508 3623 648 3681 versus
674 3621 766 3680 cum
795 3594 978 3705 Alleluja
1007 3593 1204 3698 dicimus,
1242 3622 1338 3678 nam
1375 3591 1677 3702 responsorium

266 3751 348 3812 uon
371 3725 459 3835 jam
487 3726 658 3814 dicimus
687 3753 781 3814 cum
813 3726 1002 3836 Alleluia.
1059 3723 1206 3811 Versus
1238 3725 1331 3811 ideo
1357 3723 1552 3827 dicimus,
1582 3724 1678 3836 quia
1772 3753 1779 3764 ¹

264 3884 348 3941 non
375 3863 440 3942 est
464 3885 704 3970 congruum,
734 3862 895 3943 caetera
915 3884 1008 3942 cum
1028 3852 1209 3966 Alleluje
1236 3855 1339 3959 cani,
1371 3882 1510 3941 versus
1537 3858 1677 3940 autem

39 4034 47 4120 i
225 4023 227 4029 ·
266 4015 371 4089 non3
413 3987 670 4101 responsoria
713 3986 805 4072 ideo
850 4017 935 4074 uon
978 3987 1162 4073 cauimus
1202 4015 1295 4074 cum
1337 3985 1539 4098 Alleluja,
1580 3985 1679 4097 quia

264 4119 801 4234 reguleprohibuitdiceus:
830 4121 1238 4232 responsoriaautem
1253 4147 1464 4233 uunquam
1478 4124 1708 4204 canantur
1789 4165 1790 4168 κ

215 4231 220 4241 ’
262 4280 355 4338 oum
384 4254 577 4365 Alleluja.
635 4236 875 4339 Notandum
906 4259 968 4339 est
1002 4255 1162 4356 numm,
1190 4252 1286 4366 quia
1315 4249 1559 4338 Benedictus
1587 4248 1676 4336 Do·

262 4383 396 4471 miuus
428 4385 543 4474 Deua
572 4383 710 4472 Israel
737 4415 823 4473 non
851 4386 975 4472 debet
1012 4385 1104 4470 cani
1133 4383 1446 4494 eumdlleluje,
1482 4380 1554 4467 sed
1581 4392 1675 4468 cum

261 4515 501 4628 antiphona,
530 4548 634 4631 quae
664 4517 844 4630 Alleluje
872 4518 1013 4606 habet.

750 4789 751 4794 Ν
832 4715 931 4825 Cep.
965 4713 1108 4804 XIII.

289 4833 553 5016 aurnuns
586 4901 827 4982 annuns
854 4901 1042 4982 ornans
1071 4897 1336 4982 urrunnu
1350 4879 1353 4886 ’
1367 4897 1638 4982 nomnen
1795 4857 1797 4860 ’

376 5049 536 5137 Privati
575 5050 734 5138 duobus
761 5049 895 5137 modis
929 5047 1245 5161 intelligunture
1287 5075 1372 5135 uuo
1406 5043 1516 5131 enim
1550 5040 1674 5127 modo

270 5175 516 5293 intelligitur
536 5181 741 5320 pricotrts,
772 5180 801 5272 i.
819 5211 853 5273 e.
882 5178 1098 5328 alienatus,
1124 5181 1257 5267 altero
1272 5206 1371 5266 vero
1390 5173 1513 5264 modo
1530 5198 1676 5316 seeun-
