3968 5774
27 287 34 302 ·
226 267 313 350 aaa
509 367 514 374 μ
626 217 632 228 ’
715 323 719 335 .
786 261 1093 356 coemunt
1182 279 1185 286 ·

226 487 270 570 et
296 481 522 572 attendunt
548 483 665 589 illud,
693 483 792 596 quia
820 483 924 584 dieit
951 509 1150 569 earnm
1176 457 1410 586 rilerrliurrr,
1452 481 1646 600 dieentea,

227 642 432 700 summum
471 613 681 699 silentium
721 645 830 721 ease,
859 617 930 700 ubi
972 643 1047 700 nee
1086 642 1239 726 magna
1276 641 1352 700 neo
1390 641 1517 725 parra
1554 641 1645 724 vox,

54 847 58 858 Ι
96 777 99 788 ’
229 733 299 829 rubi
329 774 405 831 nee
432 746 488 831 ub
516 747 707 832 omnibns
736 777 812 833 neo
838 779 864 832 a
890 748 1045 858 puueie,
1079 775 1156 832 nee
1182 745 1308 832 etiam
1335 745 1391 830 ub
1418 775 1505 866 uno
1530 743 1647 828 audi·

228 883 309 964 tur.
366 875 447 962 Sed
478 878 545 961 inti
575 877 720 963 dieunt
746 878 914 980 metim,
942 877 1014 986 qni
1042 875 1208 979 dicunt,
1239 874 1354 962 nullo
1382 874 1505 958 modo
1533 874 1644 982 loqui

227 1005 375 1090 debere
404 1035 480 1126 neo
508 1007 688 1117 priorem
718 1035 794 1092 nee
824 1007 1038 1094 minorem.
1069 1021 1074 1030 “

338 1137 562 1246 Sequiturr
601 1137 652 1222 Si
678 1137 778 1244 qnid
804 1145 939 1222 laurea
966 1145 1068 1240 epula
1091 1137 1230 1242 luerit,
1259 1137 1394 1220 sorritu
1419 1134 1645 1240 enjrraourn·

97 1269 122 1284 ”
226 1295 302 1374 que
329 1267 446 1374 sipnr'.
458 1268 598 1372 polian
619 1273 803 1374 petatur,
829 1293 953 1374 qnam
978 1291 1089 1369 eoem·
1116 1295 1166 1352 aa
1192 1266 1228 1351 ei
1255 1268 1413 1352 diceret
1438 1265 1530 1350 aliie
1558 1292 1646 1348 ver·
1683 1363 1686 1372 Ι

95 1411 98 1416 “
228 1400 312 1485 bier
346 1398 662 1509 dixi-superius,
691 1399 751 1485 ito
773 1399 949 1484 vicissim
969 1395 1048 1482 eibi
1064 1397 1212 1482 debere
1230 1397 1642 1496 annumerantes,

229 1536 276 1614 nt
305 1531 442 1616 nullus
470 1529 657 1642 indigeat
683 1539 823 1643 petere
850 1530 1034 1640 aliquid3
1062 1527 1134 1613 aed
1162 1527 1260 1638 qnia
1287 1557 1372 1616 nun
1399 1532 1539 1640 potest
1566 1527 1643 1611 hoo
1696 1585 1700 1592 -

229 1662 413 1746 mortalia
442 1663 661 1747 iufirmitas
692 1663 870 1772 pleniter
907 1689 1125 1772 peragere,
1153 1660 1246 1748 ideo
1286 1689 1397 1747 uuna
1428 1658 1580 1772 jubeo,
1609 1655 1644 1740 ui
1728 1760 1730 1764 .

228 1794 329 1905 quid
371 1800 508 1880 tumen
545 1823 648 1906 opus
685 1795 831 1898 fuerit,
860 1794 1000 1880 sonitu
1037 1795 1328 1905 eujusoumqne
1362 1791 1473 1904 sigui
1506 1789 1642 1902 potius

228 1929 408 2037 petatur,
435 1955 557 2038 qnam
587 1955 698 2014 none.

339 2058 554 2166 Sequitur:
608 2085 680 2145 rrae
708 2067 951 2167 praesumat
994 2058 1145 2166 uliquis
1180 2059 1238 2142 ibi
1273 2057 1325 2146 de
1360 2061 1455 2166 ipen
1482 2055 1645 2140 lectione

229 2195 301 2272 aut
338 2189 505 2273 aliunde
542 2193 761 2297 quidquam
801 2193 1027 2296 requirere,
1070 2220 1121 2277 ne
1159 2193 1277 2276 delur
1315 2191 1483 2275 arausio.
1539 2187 1642 2270 Cum

228 2321 330 2405 dicit
358 2347 409 2403 ne
435 2321 552 2404 delur
577 2322 745 2422 armaio,
772 2322 1098 2407 subaudiendum
1126 2319 1213 2407 esta
1242 2320 1452 2431 loquendi.

171 2557 174 2569 Ι
339 2449 554 2560 Sequitur:
583 2451 669 2534 nisi
690 2451 798 2556 sorte
817 2454 940 2558 prior
962 2477 1045 2558 pro
1071 2450 1351 2560 aedificatione
1376 2447 1543 2532 noluerit
1564 2447 1646 2532 uli·

121 2633 124 2640 ·
157 2645 160 2654 .
227 2577 327 2683 quid
353 2578 524 2664 breuiter
550 2582 695 2666 dicere.
727 2565 849 2667 ¹Non
877 2585 986 2666 enim
1019 2581 1166 2688 jubet,
1194 2587 1243 2666 ut
1283 2581 1405 2665 nimir
1444 2578 1556 2662 dieat
1592 2575 1643 2662 de

94 2775 131 2810 ,.
229 2708 429 2812 lectione,
459 2736 534 2794 nee
569 2711 693 2794 etiam
729 2739 911 2820 semper,
941 2713 1013 2797 sed
1051 2713 1231 2796 breviter
1267 2711 1392 2794 debet
1427 2709 1581 2808 dicere,
1608 2706 1642 2790 ei

228 2839 437 2921 invenitur
476 2838 520 2922 in
560 2840 665 2925 libro
706 2841 803 2926 talia
842 2842 1068 2926 occasionis
1104 2842 1230 2928 locus.
1288 2841 1381 2926 Hoe
1417 2838 1640 2924 uatauduru

156 2982 165 3000 '
228 2976 310 3070 est,
350 2969 383 3050 si
421 2970 528 3054 forte
569 2970 675 3054 mule
712 2971 817 3081 legit
855 2972 1004 3077 leotor,
1034 2973 1158 3058 debet
1191 2973 1320 3057 abbas
1351 2967 1643 3054 cumconsilio

159 3123 162 3130 ’
228 3099 403 3184 fratrum
432 3086 683 3185 corretitoere
702 3103 885 3205 fratrem,
914 3105 985 3214 qui
1008 3106 1141 3214 possit
1161 3101 1461 3212 reprehendere
1487 3107 1530 3184 et
1550 3127 1642 3184 eor·

228 3232 363 3340 rigere
386 3233 700 3336 rationabiliter,
728 3237 809 3320 isto
827 3235 974 3320 modor
1004 3235 1111 3321 Eone
1131 3234 1280 3318 iratres
1304 3232 1383 3316 mei
1406 3233 1520 3331 boni,
1547 3230 1642 3314 rolo

201 3367 299 3474 ‘per
328 3369 506 3448 restrum
536 3367 751 3450 ¹eonsilium
782 3367 935 3478 eligere
961 3367 1086 3451 talem
1112 3366 1295 3466 fratrem,
1324 3365 1395 3474 qui
1415 3363 1472 3448 ait
1499 3362 1644 3446 doetus

227 3501 273 3580 et
299 3497 432 3582 bonne
460 3504 503 3582 et
530 3500 661 3607 possit
689 3498 985 3610 reprehendere
1014 3499 1207 3583 lectorem
1236 3503 1422 3581 nostmm
1451 3495 1495 3578 in
1517 3493 1645 3578 relen-

68 3630 82 3688 ἵ
119 3665 121 3670 ·
231 3629 363 3731 torio,
394 3627 554 3720 necnon
583 3630 706 3714 etiam
735 3632 851 3734 rulo,
881 3638 930 3715 nt
957 3631 1097 3716 sedeat
1124 3659 1252 3740 prope
1281 3631 1478 3715 lectorem
1516 3636 1560 3712 et
1586 3627 1644 3710 eie

228 3755 503 3870 reprehendat
530 3762 648 3846 illum
676 3762 755 3846 isto
785 3762 928 3864 modo,
955 3765 983 3848 i.
1012 3793 1048 3849 e.
1087 3766 1222 3876 erigat
1250 3792 1293 3848 ee
1329 3767 1373 3845 et
1398 3761 1573 3872 aspiciat
1600 3759 1641 3842 iu

104 3943 108 3952 ·
227 3891 353 3995 libro,
381 3899 425 3976 et
466 3893 525 3978 sie
564 3894 838 4003 reprehendat
873 3895 992 3998 illum
1028 3895 1187 3983 leniter.
1248 3893 1403 3978 Deinde
1440 3893 1474 3976 si
1515 3891 1641 3976 abban

113 4010 118 4018 ’
226 4022 467 4130 cognoverit
494 4023 577 4108 tale
605 4025 900 4128 testimoninm,
928 4031 1003 4110 aut
1030 4030 1178 4110 innuat
1205 4027 1413 4122 lentorem,
1442 4027 1491 4107 nt
1516 4027 1644 4132 ponat

69 4129 75 4160 ⁸
229 4151 394 4260 rignum
433 4152 514 4254 ini,
544 4157 617 4235 aut
653 4163 785 4252 certe,
814 4157 847 4236 si
877 4161 1014 4263 potest
1040 4154 1293 4263 intelligere,
1321 4153 1425 4237 illud
1453 4153 1642 4236 testimo·

227 4281 340 4363 nium
368 4291 550 4390 exponat
577 4284 693 4372 inibi.
750 4283 859 4369 Nam
888 4313 969 4370 non
1000 4285 1258 4386 ruthenum,
1286 4291 1335 4370 ut
1363 4287 1491 4368 irater
1519 4283 1643 4390 longe

34 4511 41 4538 .
92 4453 101 4524 χ
229 4410 371 4536 redeat
398 4413 527 4498 etsie
556 4415 849 4524 reprehendat,
878 4416 1065 4525 eoquod
1094 4415 1217 4500 datur
1243 4417 1405 4500 ooeaeio
1433 4411 1642 4522 loquendi.

115 4545 122 4664 J
217 4541 285 4624 Et
314 4543 392 4630 hoo
419 4544 629 4628 sciendum
657 4551 735 4648 est,
763 4548 872 4656 quia,
901 4575 994 4630 eum
1017 4547 1145 4633 abban
1164 4549 1280 4632 toran
1292 4546 1494 4646 ambulat,
1521 4543 1645 4628 debet

226 4674 310 4784 legi
350 4673 402 4758 ad
444 4703 626 4760 mensam
664 4679 773 4784 ejus,
810 4684 1091 4762 verumtamen
1136 4679 1341 4780 breviter,
1378 4680 1405 4766 i.
1445 4706 1480 4763 e.
1518 4705 1643 4786 parva

228 4806 365 4911 lectio,
395 4835 478 4891 non
506 4810 614 4892 aient
642 4808 685 4892 in
714 4809 1120 4918 refectorissemper
1147 4838 1275 4919 usque
1303 4810 1504 4895 adfinem
1528 4837 1645 4892 meu·

47 4971 54 4990 ¹
120 4921 125 4929 ’
227 4965 316 5038 sae,
346 4937 417 5020 ned
447 4945 544 5022 ante
572 4939 698 5023 debet
725 4941 835 5025 liniri
863 4939 998 5026 leutio.
1055 4940 1099 5025 Si
1128 4967 1226 5026 rero
1254 4940 1402 5024 iratres
1430 4941 1474 5024 in
1504 4940 1644 5025 labore

227 5076 326 5178 eunt
353 5075 397 5152 et
424 5069 481 5154 ibi
511 5070 853 5179 manenthdebet
868 5153 872 5159 ,
889 5072 1066 5183 pleniter
1097 5073 1209 5158 'sieut
1242 5073 1289 5158 in
1315 5074 1535 5160 refectorio
1563 5071 1643 5156 illis

226 5200 309 5326 legi
338 5199 488 5303 leeti03
528 5203 563 5286 si
600 5211 738 5292 antem
780 5235 864 5294 non
901 5206 1026 5294 luerit
1058 5208 1305 5338 generalitas
1341 5216 1385 5294 et
1413 5235 1495 5293 nou
1526 5235 1644 5292 mau-
