4002 5792
19 67 36 206 s
154 99 172 210 ’,
283 114 367 204 on
447 151 450 157 -
814 41 1160 232 uum,

160 353 165 366 ·
283 264 439 420 tionem
481 330 569 445 ojus
605 319 808 444 respicere
843 329 1006 424 debeu'
1042 326 1088 414 Si
1123 334 1261 416 entem
1300 328 1411 416 bonu
1447 328 1505 414 sit
1540 293 1696 431 remei
1773 355 1779 364 ·

213 497 217 506 ·
283 466 501 578 cognoscis
527 465 691 566 certius,
723 489 808 549 non
835 489 923 547 esse
949 461 1207 546 voluntatem
1233 459 1409 562 obbatis,
1436 459 1554 544 nntlo
1572 458 1695 544 modo

283 596 407 682 debes
434 595 551 682 iilum
577 596 722 682 fucere
778 593 999 679 Sciendum
1027 602 1114 680 ests
1151 595 1186 680 si
1216 593 1393 706 quilibet
1418 591 1547 676 inter
1572 589 1697 674 fuerit

75 723 78 732 '
143 761 144 764 Ν
240 753 242 758 ·
286 727 432 812 missus
461 753 590 836 prope
616 727 662 811 iu
691 723 965 812 obedientium
996 729 1040 810 et
1068 725 1159 834 [ille
1185 726 1240 834 si]
1268 732 1364 835 pust
1384 719 1694 832 completorium

191 855 199 866 ’
282 854 409 940 fuerit
434 883 620 940 reversus
646 855 691 940 iu
719 855 810 967 ipso
828 855 897 939 die
922 858 997 939 unt
1018 855 1063 939 in
1090 839 1237 956 altero,
1261 855 1324 938 itu
1351 857 1505 951 tumen,
1534 855 1582 933 nt
1608 876 1693 932 non

282 985 338 1070 sit
374 983 434 1068 illi
469 1013 574 1096 opus
613 992 752 1096 petere
793 985 975 1088 venium,
1011 989 1150 1098 potest
1187 983 1357 1068 introire
1395 983 1439 1066 iu
1477 980 1693 1065 claustrum

285 1116 536 1226 monosterii,
566 1116 663 1225 qnia
690 1116 836 1226 regnis
863 1144 946 1200 nou
976 1115 1078 1200 dicit
1104 1116 1156 1199 de
1183 1113 1273 1216 tuli,
1302 1112 1373 1196 sed
1402 1112 1454 1197 de
1481 1110 1556 1195 illo
1584 1109 1695 1210 dicit,

11 1353 21 1362 ⁸
149 1287 154 1297 ·
235 1289 237 1294 ·
282 1245 355 1357 qui
384 1246 544 1330 veniunt
571 1247 696 1340 debet
724 1248 946 1359 postulare.
1003 1246 1073 1334 Sic
1108 1248 1219 1332 euim
1258 1243 1382 1329 dicit:
1424 1249 1461 1326 et
1487 1243 1532 1325 iu
1561 1239 1695 1324 eodem

281 1375 361 1480 die,
389 1402 466 1484 quo
492 1405 677 1464 reuersus
701 1380 840 1486 suerit,
862 1406 943 1486 per
961 1405 1099 1466 omnes
1116 1375 1334 1468 cuisouicus
1356 1375 1481 1478 dorus
1509 1379 1552 1456 et
1579 1372 1694 1482 reliq.

252 1497 253 1500 Ὺ
283 1511 336 1594 ud
364 1509 549 1595 counitus
568 1517 712 1618 petunt
740 1513 960 1597 orationem
979 1515 1151 1618 propter
1176 1534 1376 1596 excessus.

816 1731 918 1840 Gap.
937 1729 1165 1819 LXVIII.

311 1939 314 1946 ·
456 1913 504 1992 sl
532 1913 726 1992 FRATRI
757 1914 1107 1996 IMPOSSIBILIA
1131 1913 1522 1995 INJUNGAN'IUR.
1606 1997 1612 2034 Ι

290 2141 298 2156 ,
390 2061 632 2174 Cougrnum
667 2061 853 2147 ordinem
892 2063 1029 2147 teuuit
1056 2065 1101 2148 in
1128 2062 1208 2149 huc
1236 2064 1327 2149 loco
1357 2061 1404 2146 B.
1433 2060 1693 2162 Benedictus,

280 2193 390 2305 quin,
418 2198 640 2303 postquem
658 2192 764 2278 dixit
786 2192 838 2278 de
861 2194 1059 2280 frutribus
1081 2197 1125 2279 in
1150 2195 1258 2279 vium
1276 2192 1455 2295 directis,
1485 2195 1567 2303 [et]
1587 2211 1694 2276 nunc

28 2345 34 2354 '
180 2395 209 2438 Ι.
279 2323 515 2434 subjunxit:
543 2324 738 2436 sisrcdri
762 2325 1033 2430 impossibilia
1061 2327 1339 2434 iiijiuiyuutur,
1369 2353 1418 2408 eo
1446 2324 1556 2434 qnod
1586 2323 1692 2408 forto

278 2455 323 2541 in
352 2457 440 2566 ipse
467 2456 534 2560 via
561 2456 794 2566 contingit,
822 2449 871 2539 ut
898 2461 972 2540 unt
999 2456 1144 2567 gravio
1171 2457 1256 2541 sint
1292 2462 1367 2539 cut
1398 2461 1510 2540 certe
1539 2456 1691 2564 impos·

100 2641 103 2647 ,
217 2647 219 2652 ι
248 2597 252 2606 “
278 2587 439 2684 sibiliu3
471 2614 521 2671 uc
547 2613 623 2697 per
650 2583 730 2672 hoc
759 2585 1019 2698 intelligitur,
1049 2597 1209 2672 utnon
1239 2587 1372 2672 solnm
1402 2586 1435 2668 si
1463 2587 1690 2694 continget,

147 2769 155 2788 ι
279 2728 326 2800 ut
351 2715 395 2799 iu
426 2716 492 2799 viu
518 2716 664 2823 grevia
690 2720 765 2799 out
791 2715 1061 2827 impossibilia
1089 2719 1266 2820 inerint,
1294 2718 1443 2802 debent
1471 2716 1692 2800 monachus

100 2859 109 2876 '
276 2846 501 2957 suscipere,
531 2845 754 2930 sedetiam
784 2850 825 2931 in
855 2850 1046 2935 omnibns
1074 2851 1277 2961 imperiis,
1306 2878 1412 2960 quac
1438 2849 1691 2957 imperentur

102 3000 121 3063 ’.
226 2978 231 2987 ’
275 3010 301 3064 u
328 2978 479 3098 priose.
536 2977 611 3061 Ait
647 2979 780 3064 enim:
814 2979 864 3064 Si
890 2983 957 3067 cui
979 2982 1109 3087 fratri
1135 2981 1275 3090 utiquo
1298 2984 1406 3087 [orto
1437 2981 1584 3088 yrueia
1622 2983 1690 3062 out

168 3189 176 3200 .
275 3107 546 3214 inpossibilia
566 3109 845 3222 imfuuyuutur,
869 3112 1068 3218 succutiat
1093 3117 1253 3221 quidem
1263 3110 1449 3220 jacentis
1475 3110 1687 3215 imperiiuu

274 3267 364 3328 cum
391 3241 501 3326 oiuui
530 3241 835 3326 uiuissuetudiue
861 3249 901 3328 et
926 3243 1163 3330 obediendia.
1210 3247 1369 3330 Grooiu
1398 3243 1508 3327 enim
1538 3240 1689 3325 uttiuet

276 3374 328 3460 ud
367 3373 492 3474 dure,
522 3373 563 3460 h.
592 3401 627 3458 e.
658 3372 866 3476 difficilia,
894 3405 999 3486 quse
1027 3377 1095 3462 vix
1125 3380 1298 3488 possunt
1327 3375 1440 3478 fieri,
1471 3375 1512 3462 h.
1541 3406 1576 3460 e.
1606 3353 1689 3458 'uisi

170 3503 173 3512 ’
276 3535 370 3591 cum
398 3506 549 3616 grandi
578 3505 731 3593 lnbore.
773 3502 1052 3614 impossibilia
1076 3539 1173 3596 vero
1196 3510 1379 3594 attinent
1401 3511 1454 3593 cd
1474 3509 1558 3610 illu,
1587 3537 1691 3617 quoe

217 3691 218 3694 κ
276 3665 489 3744 nunquam
520 3645 696 3746 possunt
727 3641 828 3725 fieri.
886 3639 1001 3723 Inter
1028 3642 1283 3753 impossibiie
1312 3647 1355 3723 et
1383 3641 1552 3725 difficile
1583 3639 1690 3724 Beda

275 3767 470 3849 disceruit
500 3768 540 3850 in
566 3770 768 3880 cinugeiii
788 3769 919 3858 Murci
933 3774 966 3880 ¹)
995 3755 1265 3884 «inpositione,
1292 3773 1371 3858 hoc
1388 3771 1511 3854 niodo
1530 3771 1688 3854 dicens:

234 3899 393 4000 .'Quod
428 3899 535 3982 euim
576 3899 825 4004 inuiossibiie
866 3911 946 4006 est,
972 3907 1065 4008 fieri
1092 3903 1255 3987 onmiuo
1282 3930 1361 3985 sicu
1393 3909 1551 4007 potest,-
1587 3901 1690 4005 quod

273 4051 365 4108 vero
393 4025 574 4130 difficile,
601 4055 690 4112 cum
719 4027 855 4116 deutoro
875 4039 1031 4138 potesu
1066 4038 1197 4140 potest
1224 4032 1329 4130 cuim
1356 4030 1470 4136 fieri,
1499 4029 1573 4114 sed
1599 4053 1687 4113 cum
1773 4078 1776 4087 ·

126 4201 130 4208 .
272 4157 451 4237 uicesimo
487 4152 622 4240 latore
652 4158 825 4262 juumte
863 4161 943 4246 Dci
976 4164 1128 4271 qratia.
1208 4161 1262 4244 tlt
1302 4161 1406 4243 bene
1452 4159 1559 4243 dixit
1600 4184 1686 4244 utcu

160 4358 162 4361 ,
271 4290 381 4368 cnud
411 4287 736 4390 iiiuiisuctudiue,
767 4291 794 4376 i.
823 4321 860 4381 e.
896 4321 978 4377 nou
1008 4293 1141 4376 scium
1169 4320 1242 4376 ore
1269 4291 1404 4375 dicere
1432 4289 1571 4390 debet,
1584 4288 1618 4397 ²)
1644 4315 1687 4370 se

101 4451 107 4464 ν’
271 4416 382 4499 nolle
408 4426 482 4500 out
511 4446 594 4502 nou
623 4417 984 4532 posse'suscipere,
1014 4425 1084 4508 sed
1101 4425 1225 4508 etium
1249 4422 1293 4505 iu
1317 4421 1437 4505 vultu
1459 4449 1543 4505 nou
1567 4420 1688 4503 debet

158 4535 168 4624 s
273 4577 316 4632 se
335 4548 569 4660 siguificare
589 4553 789 4660 resistere,
819 4559 867 4639 ut
894 4556 1001 4639 sicut
1029 4555 1071 4639 in
1091 4583 1264 4664 corpore
1290 4552 1475 4636 ostendit
1503 4579 1689 4635 mansne-
1862 4577 1877 4637 ἰ

273 4680 472 4786 tudinem,
500 4683 559 4765 itu
586 4685 711 4768 etiem
741 4684 782 4768 in
809 4696 957 4774 moute.

359 4911 386 5058 ἰ)
408 4989 486 5060 cup.
510 4969 553 5042 X.
575 4989 609 5038 v.
631 4970 687 5042 27.

359 5090 388 5172 ²)
410 5080 624 5154 non'debet.
