4334 5750
532 203 595 308 ‚78
942 311 944 316 Ι
1173 197 1260 290 cna
1281 196 1313 274 1.

102 412 106 422 ι
225 435 230 444 ’
397 527 401 536 .
538 415 761 510 1111101111
789 416 947 526 &mibi
985 417 1218 530 1111οπ08111
1243 419 1336 528 quis
1364 415 1541 528 priorem
1570 447 1690 504 suum
1719 421 1785 506 vel
1810 451 1952 532 quen·

540 547 660 646 tibet,
697 572 820 655 quem
850 545 962 630 videt
997 545 1247 648 studiosum,
1286 547 1494 656 quomodo
1532 549 1593 632 itti
1633 553 1816 636 nascitur
1841 579 1952 635 com·

540 676 725 788 punctio,
751 679 827 760 aut
848 675 1056 786 quomodo
1084 676 1355 778 sinodicam,
1384 686 1459 760 aut
1485 679 1597 788 qunti
1625 679 1750 764 modo
1777 683 1840 766 ost
1866 685 1949 765 nn

295 885 297 892 .
426 901 429 906 ,
538 809 712 894 devotus
741 805 785 890 in
813 805 990 889 lectione
1016 813 1091 890 aut
1117 805 1380 909 iactatione,
1407 807 1450 890 iu
1478 795 1714 894 obedientia
1740 816 1784 895 et
1809 814 1952 896 ceteris

431 1035 435 1044 ¹
541 941 605 1024 bis
627 939 848 1044 similibus3
872 943 946 1022 aut
969 937 1004 1020 si
1025 939 1295 1046 impugnatur
1317 937 1582 1046 cogitatione,
1611 939 1789 1047 qualiter
1808 943 1975 1044 delient!

429 1151 434 1160 ,
540 1070 600 1152 1111
630 1049 829 1169 resistcre,
859 1076 934 1154 out
961 1069 996 1152 si
1026 1068 1134 1152 forte
1163 1069 1313 1150 boumn
1341 1067 1636 1176 cogitationem
1668 1069 1815 1175 habet,
1853 1103 1952 1182 qua·

475 1296 482 1307 ⁸
543 1202 636 1286 liter
664 1200 812 1284 debeat
839 1226 1089 1308 cognoscere
1121 1198 1255 1299 illam,
1294 1204 1431 1282 utrum
1460 1199 1583 1281 finem
1622 1199 1773 1284 laabeat
1800 1203 1950 1287 bouum

541 1361 595 1414 an
625 1335 737 1416 uon?
774 1329 851 1414 ille
877 1329 984 1413 aiter
1012 1329 1120 1412 dicet
1137 1329 1211 1430 illi,
1240 1331 1275 1414 si
1297 1329 1408 1412 uidet
1429 1357 1517 1412 eam
1536 1329 1829 1438 deceptricem:
1858 1333 1952 1418 Nati

532 1463 775 1565 consentire
803 1462 876 1558 1111,
906 1461 1003 1568 quia
1032 1459 1140 1544 inuata
1168 1466 1243 1560 est,
1272 1465 1316 1543 et
1344 1459 1511 1568 reliqua.
1571 1459 1740 1544 Necnon
1766 1463 1877 1546 videt
1897 1467 1951 1548 ibi

545 1592 800 1675 enitueratunu
839 1593 1007 1676 tratrem
1043 1620 1069 1674 a
1096 1591 1286 1690 diabolo,
1327 1595 1370 1672 et
1407 1591 1552 1672 iterum
1584 1589 1696 1674 uidet
1722 1593 1839 1676 ittam
1868 1597 1954 1678 eiu·

542 1725 701 1803 centeni
732 1718 939 1804 diabolum
969 1727 1012 1802 et
1049 1729 1184 1803 octeni
1223 1719 1470 1828 hujusmodi.
1528 1718 1634 1802 Nam
1664 1721 1723 1804 sic
1748 1723 1955 1830 couatiugit

543 1848 628 1947 illi,
665 1847 737 1955 qui
766 1846 957 1932 indoctus
983 1850 1071 1932 exit
1096 1851 1147 1931 de
1172 1847 1262 1932 acie
1290 1855 1540 1942 castrorunuz
1582 1847 1695 1930 uadit
1722 1859 1865 1932 conti-n
1895 1853 1955 1934 in·

427 2019 435 2034 ·
546 1975 745 2090 visibilem
773 1975 982 2060 inimicum
1023 2005 1208 2088 pugnare
1235 1985 1280 2061 et
1307 1977 1426 2085 perit,
1454 1975 1560 2058 sicut
1585 1975 1738 2084 legitur
1767 1981 1808 2062 iu
1839 1981 1951 2062 tibris

544 2105 775 2214 gentilium.
833 2105 1047 2190 Venerunt
1076 2105 1214 2191 hostes
1243 2113 1388 2191 contra
1416 2107 1623 2214 (piandum
1663 2107 1871 2191 civitatem
1912 2119 1954 2192 et

545 2265 628 2320 uon
658 2241 850 2344 poteraut
879 2265 953 2345 por
991 2237 1274 2321 tortitudinem
1310 2236 1423 2320 iilam
1461 2234 1671 2317 ciuitatem
1711 2263 1876 2345 capere,
1914 2247 1954 2322 nt

543 2395 636 2450 cuin
652 2367 861 2467 uidissent,
884 2395 968 2450 nou
993 2397 1109 2476 posse
1131 2370 1363 2476 [inicu'alere
1376 2365 1570 2448 adsensus
1594 2365 1721 2466 iliani,
1744 2369 1954 2454 dixerunt:

546 2497 653 2603 Quid
694 2522 795 2600 opus
829 2505 909 2598 ost,
947 2503 990 2578 at
1028 2505 1143 2582 taneta
1179 2495 1390 2581 eietattitado
1420 2497 1605 2602 pupuet?
1644 2496 1779 2581 Esent
1806 2527 1957 2582 attense

395 2657 399 2664 ’
543 2635 695 2714 uostris
723 2626 920 2710 uticenses
946 2628 1157 2734 stupidam
1184 2635 1381 2713 certamen
1407 2635 1547 2710 contra
1574 2655 1695 2710 oetium
1723 2630 1775 2713 de
1800 2635 1956 2733 nestris,

543 2768 579 2844 et
610 2767 729 2866 post,
767 2757 838 2864 qui
877 2758 1037 2857 vicerit,
1079 2756 1193 2842 itlius
1225 2785 1332 2864 pars
1371 2761 1427 2840 sit
1453 2759 1612 2842 uictrix.
1670 2757 1723 2840 Et
1758 2789 1850 2844 cum
1879 2762 1957 2844 buc

542 2883 802 2994 studuissent,
843 2889 944 2976 exiit
980 2918 1085 2972 unus
1124 2891 1259 2972 uninus
1297 2896 1443 2974 cautus
1481 2890 1533 2973 dc
1568 2890 1758 2990 civitate,
1797 2900 1842 2972 et
1869 2901 1957 2974 erut

544 3053 646 3133 paonis
677 3024 784 3106 inter
806 3023 1016 3107 ciuitatem
1040 3019 1275 3112 ethosteun.
1336 3022 1492 3106 Deinde
1517 3024 1684 3106 veniens
1709 3023 1751 3104 in
1781 3023 1955 3105 titatium

544 3160 711 3266 pontein
743 3155 927 3239 obviavit
955 3153 1037 3255 1111,
1078 3157 1370 3262 contraquam
1413 3155 1859 3263 singulare'certuiuen
1887 3153 1957 3234 de-

545 3287 690 3368 buerat
728 3284 854 3384 inire,
899 3283 1085 3390 dixitque
1128 3281 1218 3382 itte,
1262 3285 1333 3392 qui
1379 3293 1526 3368 contra
1567 3285 1710 3366 urbem
1752 3281 1960 3366 vestiebat:

340 3405 343 3414 ’
486 3473 490 3482 ·
546 3413 696 3496 (tondeo
723 3439 838 3516 quem
866 3409 1014 3495 uadis?
1053 3412 1282 3519 Respondit
1309 3413 1416 3495 alter
1444 3413 1606 3496 diceus:
1654 3413 1803 3494 (bute-a
1831 3417 1880 3509 u,
1921 3419 1960 3490 nt

542 3551 668 3626 tecam
694 3542 826 3625 ineam
841 3549 1052 3642 eertcuuan,
1078 3540 1180 3623 siud
1201 3539 1380 3629 dixistis.
1426 3541 1656 3654 Respondit
1678 3541 1785 3624 atter
1805 3541 1960 3622 diceus:

425 3659 427 3664 ’
555 3671 737 3758 Vestram
759 3670 961 3778 plautum
986 3672 1081 3773 luit,
1111 3677 1155 3752 nt
1182 3696 1287 3753 tanaus
1306 3671 1418 3754 sotus
1434 3673 1562 3754 cuin-t
1579 3669 1631 3754 dc
1646 3671 1805 3754 ciuitate
1825 3677 1960 3752 contra

544 3831 630 3908 otac3
656 3813 700 3887 tu
727 3830 799 3887 cnr
826 3829 914 3887 cum
943 3800 1083 3886 uentus
1112 3802 1254 3885 uenisti
1266 3803 1291 3886 ‚⁹
1346 3799 1460 3903 Vide,
1486 3806 1628 3906 petundi
1656 3809 1694 3885 tc
1719 3807 1936 3906 sentiuntur
1946 3803 1964 3880 ·.'

422 3940 427 3951 '
544 3936 620 4019 llic
655 3963 751 4020 vero
780 3935 970 4019 incantus
995 3960 1088 4016 cuin
1112 3934 1357 4042 respexisset
1392 3936 1516 4034 retro,
1544 3932 1613 4015 iiic
1639 3934 1747 4018 atter
1767 3934 1959 4044 percussit

543 4095 637 4152 cuna
674 4071 718 4151 et
754 4065 918 4150 occidit.
976 4063 1082 4148 Vide
1121 4064 1265 4164 sinodo,
1314 4065 1410 4173 quia
1451 4065 1528 4148 iste
1566 4067 1756 4150 incautus
1795 4065 1960 4149 nesciuit

543 4199 711 4310 ingenia
741 4197 942 4304 bellandi,
979 4198 1072 4281 ideo
1100 4197 1235 4308 periit.
1292 4193 1358 4281 Ita
1386 4201 1430 4280 et
1457 4198 1703 4295 unouunchus3
1743 4197 1960 4282 monachus

544 4335 651 4418 euim
690 4332 805 4442 quasi
839 4359 933 4416 cuni
969 4329 1112 4414 multis
1151 4333 1312 4440 pugnat
1348 4337 1493 4413 cosdra
1528 4329 1760 4431 diabolum,
1801 4357 1892 4414 cum
1921 4331 1958 4410 iu

543 4463 793 4573 munasterio
821 4467 966 4547 contra
995 4453 1213 4545 diabolum
1241 4465 1425 4571 pugnut3
1465 4490 1560 4545 cuna
1588 4489 1684 4545 vero
1713 4463 1756 4545 in
1784 4489 1957 4546 ereuunu

490 4671 499 4696 ,
544 4601 670 4700 vadit,
701 4597 817 4708 quasi
846 4595 897 4680 ad
927 4593 1136 4704 singulare
1163 4601 1369 4678 certamen
1400 4593 1540 4702 pergit
1559 4597 1706 4678 contra
1734 4592 1959 4678 diabolum:

542 4731 691 4815 deinde
719 4729 754 4812 si
797 4727 1102 4832 minnsonutus
1133 4723 1258 4807 tuerit
1297 4730 1339 4806 et
1376 4723 1497 4808 fortis
1531 4729 1575 4808 et
1613 4753 1695 4811 non
1724 4725 1962 4834 cognouerit

544 4861 712 4946 insidias
736 4857 890 4942 diaboti
910 4859 1054 4941 sedens
1069 4857 1112 4938 in
1137 4855 1400 4958 monasterio,
1424 4885 1517 4941 cum
1532 4857 1575 4939 in
1600 4883 1782 4943 crunnum
1798 4855 1958 4964 fugerit,
2054 4863 2057 4866 ’

455 5013 459 5022 ’
544 4990 804 5099 superabitur
830 5019 856 5072 a
883 4987 1063 5086 diabolo,
1092 4987 1189 5097 quia
1218 4987 1349 5071 multa
1366 4989 1533 5097 ingenis
1552 4995 1598 5072 et·
1627 4987 1797 5072 iusidias
1825 4987 1959 5070 habet.

545 5124 650 5208 Nunc
692 5124 798 5204 sicat
841 5119 993 5228 tegitur
1037 5119 1076 5200 in
1118 5117 1408 5201 «collationibus
1450 5125 1637 5228 patruni,
1684 5147 1833 5228 uuagua
1878 5125 1961 5198 eunt
