3968 5774
179 230 294 318 *484
707 257 712 272 ·
785 227 873 328 (lap.
894 231 1059 312 XXXIX.

210 448 388 552 catillo,
414 449 513 560 qnia
539 451 713 564 angelus
741 453 914 540 minoris
941 454 1159 565 dignitatis
1187 455 1230 540 in
1258 455 1390 560 coelo,
1416 484 1502 567 quo
1529 483 1626 544 con·

210 579 333 682 sistit
361 581 494 692 major
519 588 584 668 'est
609 581 696 684 illo,
725 582 920 695 quoniam
947 585 1064 686 aliud
1089 593 1174 690 eat,
1204 588 1249 672 in
1277 587 1366 673 acie
1392 587 1628 695 consistere,

210 710 322 798 alind
358 716 443 815 ost,
468 712 558 823 jam
586 713 720 800 victor
756 716 951 823 existere,
986 721 1030 802 ct
1055 717 1190 826 alind,
1217 745 1339 804 carne
1366 719 1560 832 gravari,
1585 726 1627 806 et

209 841 335 952 uliud,
361 844 517 955 absque
543 844 810 958 gravitudine
836 875 937 937 esso.
1644 830 1651 866 ⁸
1693 859 1703 870 “

321 965 475 1086 Incipit
507 971 679 1065 traditio
722 979 933 1088 cujusdam
974 981 1161 1094 magistri
1201 983 1342 1094 graeci
1369 984 1626 1092 grammatici

211 1105 262 1190 de
289 1108 526 1193 accentibus
553 1137 797 1220 graccorum
826 1110 1041 1197 nominum
1075 1114 1333 1224 aliquorum,
1360 1115 1399 1206 i.¹
1418 1143 1454 1220 e.
1483 1115 1556 1198 nbi
1583 1125 1625 1200 et
1703 1163 1706 1168 ·
1734 1131 1739 1142 '

211 1265 331 1348 quem
353 1345 355 1352 y
380 1243 594 1326 accentum
643 1242 795 1328 babere
844 1244 1022 1330 debeant
1072 1243 1172 1328 baec
1218 1246 1387 1335 nomina
1430 1246 1629 1360 subjecta.

209 1369 405 1482 Siziginm
434 1372 478 1455 iu
522 1371 613 1482 »gi«
645 1371 752 1457 dixit
789 1403 876 1460 esse
910 1381 1126 1460 accentum
1167 1435 1304 1464 ....
1344 1378 1443 1487 quie
1477 1405 1627 1486 excep·

209 1503 297 1586 tiva
324 1509 435 1591 snut.
608 1511 610 1518 '
1386 1486 1402 1516 ⁰

322 1629 384 1714 Ex
409 1630 516 1717 libro
539 1633 673 1750 primo
690 1633 923 1719 Cassiodori
948 1635 1176 1745 capitulum
1201 1634 1629 1745 quintumdecimum,

209 1762 288 1846 sub
328 1789 408 1870 quse
447 1763 608 1848 cautela
645 1763 774 1874 relegi
813 1762 963 1848 debeat
1003 1766 1190 1849 coelestin
1230 1767 1468 1852 auctoritas.
1548 1763 1627 1850 l'os

208 1892 347 2000 igitur,
375 1893 445 1998 qui
472 1893 706 1978 divinarum
735 1957 746 1979 .
776 1960 787 1983 .
817 1961 828 1982 .
857 1957 879 1996 ,Α
893 1895 1127 2000 lorciuntur
1153 1895 1444 2006 (vestiunturl')
1457 1897 1501 2005 ¹).

744 2113 845 2222 Cup.
873 2111 1097 2204 XXXIX.

608 2279 676 2374 nn
701 2297 951 2377 massona
980 2296 1227 2385 omosonl.
1371 2259 1382 2279 ’

203 2537 207 2544 ,
326 2441 524 2551 Sufficcuc
541 2444 743 2529 uelimus
758 2447 815 2530 ud
831 2447 1082 2554 resectimlem
1096 2445 1373 2551 coadidiouum
1389 2451 1474 2529 lom
1493 2453 1629 2530 mutue

211 2598 331 2678 quoru
351 2599 482 2659 leonae
506 2577 690 2660 occasibus
715 2576 922 2662 succesibus
943 2579 1150 2662 occludam
1165 2575 1444 2684 pulloculoaiu
1461 2575 1630 2682 proptor

216 2704 467 2791 diversoum
485 2706 756 2814 infimitates,
784 2715 827 2794 ut
839 2709 946 2816 lorlc
961 2708 1032 2815 qui
1046 2735 1097 2792 eu
1115 2735 1194 2794 usco
1210 2735 1292 2792 uon
1306 2708 1484 2814 potumi
1501 2709 1632 2815 cdere,

150 2933 158 2952 ·
212 2863 263 2932 ec
291 2834 374 2922 olio
393 2825 619 2945 'aestuatum
675 2838 725 2924 ln
763 2840 843 2926 boc
879 2839 970 2925 loco
1005 2840 1247 2932 notandum¹
1271 2847 1357 2945 est,
1385 2840 1508 2951 qnia,
1535 2869 1628 2926 cum

210 2972 312 3056 dicit
340 2970 407 3058 Dc
434 2999 625 3059 ricemere
652 2975 843 3074 cilonem,
871 3000 958 3057 non
979 2978 1142 3056 tantum
1174 2971 1279 3056 dicit
1310 3000 1385 3082 pro
1421 3001 1630 3058 mensura·

210 3092 326 3187 tione
352 3103 552 3207 ciborum,
580 3106 653 3190 sed
680 3107 807 3192 etiam
834 3135 913 3216 pro
940 3132 1114 3188 numero
1140 3105 1343 3192 ciborum.
1387 3101 1496 3188 Sunt
1517 3103 1629 3187 enim

105 3321 107 3328 ,
209 3233 363 3328 unultuc
389 3236 582 3344 regulae,
623 3265 728 3346 quae
756 3235 914 3319 habent
940 3234 1113 3334 roscensis,
1153 3234 1260 3319 aliae
1294 3232 1450 3319 habent
1477 3235 1626 3318 sucum·

38 3355 40 3362 ’
209 3363 303 3464 bum
329 3361 401 3448 sed
429 3364 574 3448 melius
600 3372 664 3449 est
691 3365 908 3470 sumasne,
935 3392 1058 3474 quum
1076 3365 1242 3469 vilermis,
1270 3393 1320 3448 eo
1342 3363 1452 3472 qnod
1474 3366 1627 3447 occlusi·

154 3483 158 3492 ’
209 3494 283 3578 bus
321 3496 483 3580 adtinet
520 3498 572 3582 ad
602 3499 825 3608 jugitatem
853 3495 1071 3605 temporis,
1111 3494 1263 3578 noelasis
1291 3492 1468 3582 veroud
1493 3495 1625 3576 iuter·
1659 3525 1668 3536 ·

159 3615 166 3748 J
211 3627 362 3713 sallum
386 3627 596 3736 temporis,
624 3627 805 3738 eoquod
828 3632 965 3738 potest
989 3653 1071 3710 nna
1085 3623 1172 3708 sice
1191 3622 1382 3708 omnibns
1398 3623 1548 3707 mensis
1567 3626 1626 3706 ita

203 3749 332 3888 ¹ogere
360 3767 435 3843 out
476 3759 569 3870 plus
601 3769 676 3844 aut
692 3818 696 3828 -
711 3759 860 3846 miuus.
916 3755 1096 3862 Reseclio
1123 3754 1344 3840 cottidiano
1373 3757 1483 3841 sarie
1510 3754 1632 3838 intel·

58 3877 60 3882 ⁵
195 3891 380 4002 'ligitnn
420 3891 492 3976 alii
522 3899 640 3996 snut,
669 3893 742 4002 qni
773 3891 1040 4002 intelligunt,
1069 3895 1141 3992 ut,
1169 3888 1277 3972 siunt
1304 3886 1348 3970 in
1375 3887 1521 3973 diebus
1548 3887 1632 3998 pri·

62 4033 65 4040 ’
140 4103 148 4158 Ι,
211 4024 338 4129 nutis,
366 4025 426 4108 itu
453 4025 579 4109 etiam
619 4027 663 4111 in
691 4024 944 4111 solemnibus
983 4032 1027 4111 ct
1062 4024 1106 4108 in
1136 4019 1293 4104 Pascha
1328 4019 1584 4131 intelligunt,
1595 4021 1631 4129 ²)

40 4160 51 4180 ‘
199 4159 235 4246 .i.
264 4185 300 4242 e.
337 4166 386 4241 nt
425 4156 507 4241 duo
547 4157 821 4267 pulmentaria
860 4163 978 4243 cocta
1015 4157 1192 4242 debeant
1229 4181 1317 4238 esse
1355 4153 1399 4236 in
1438 4153 1631 4240 solemni·
1692 4249 1694 4254 ,

208 4283 318 4394 bns,¹
346 4289 453 4376 aiunt
479 4288 522 4373 in
551 4289 695 4377 diebus
735 4291 928 4402 privatis,
976 4294 1147 4402 propter
1173 4285 1301 4390 illud,
1340 4285 1452 4397 quod
1492 4291 1632 4394 putres

207 4421 340 4508 nostri
380 4422 424 4506 in
466 4424 638 4534 privatis
678 4423 823 4520 diebus
863 4422 1171 4509 manducabunt
1213 4420 1266 4507 ad
1308 4448 1462 4506 nouam
1505 4427 1549 4504 et
1585 4419 1629 4504 in

206 4554 458 4640 solemnibus
476 4555 530 4639 ud
546 4562 716 4659 sextum,
744 4556 863 4640 etita
883 4561 1049 4643 tantum
1066 4553 1375 4640 munducabunt
1394 4553 1449 4638 ad
1468 4558 1628 4638 matam

175 4685 249 4770 set
278 4678 423 4788 sctum,
454 4692 501 4770 nt
530 4716 611 4771 uon
640 4687 732 4796 plus
754 4717 878 4796 qnam
899 4687 943 4772 in
963 4688 1106 4774 diebus
1134 4687 1307 4795 privatis
1334 4685 1632 4770 manducarent

297 5002 326 5086 ¹)
347 4993 393 5068 ci.
417 4993 555 5082 iligna.
588 4997 675 5062 tum.
705 4993 759 5066 10.
789 4993 857 5066 col.
892 4997 987 5067 1126.
1010 5018 1086 5083 usq.
1114 4993 1161 5064 ud
1198 4995 1293 5064 1131.
1320 4991 1382 5082 (de
1402 4987 1630 5060 institutione
1795 5031 1798 5036 ,

99 5137 102 5144 ·
207 5103 319 5176 divin.
341 5103 494 5175 litterar.
518 5123 598 5190 cap.
624 5102 691 5194 15.)

296 5219 325 5306 ¹)
347 5212 557 5302 intelligunt
577 5213 636 5306 (1),
658 5212 886 5302 intelligitur.
930 5213 1016 5288 cod.
1039 5213 1181 5286 Diviou.
1204 5235 1248 5284 ex
1271 5213 1424 5302 marma,
1479 5257 1485 5264 ·
