4334 5750
516 277 572 365 64
1052 275 1336 370 ·P¹⁰¹⁰s³¹·

386 544 390 552 ·
516 499 651 584 miuus
678 496 871 598 haberet:
897 499 970 585 sed
993 497 1091 612 quia
1116 499 1282 584 recessit
1310 527 1336 584 a
1358 498 1565 608 dignitate
1579 500 1797 584 creationis
1824 529 1929 597 suae.

515 657 626 718 nuuc
653 629 707 714 ad
734 629 907 716 eandem
931 629 1178 736 bonitatem,
1217 658 1341 740 quarn
1369 635 1493 715 autea
1519 631 1609 716 siue
1636 629 1777 718 labore
1805 632 1929 716 habe·

496 765 601 903 phut,
628 763 719 847 siue
745 761 886 846 labore
912 790 999 847 uon
1027 762 1139 846 vaiet
1165 752 1419 850 ascendere.)
1452 761 1580 848 Forte
1608 761 1655 850 B.
1683 761 1928 850 Benedictus

513 892 756 1002 simpliciter
782 894 997 1000 utriusque
1025 893 1265 1001 qualitatem
1290 893 1547 976 sutntautiae
1568 893 1736 978 nomine
1763 899 1929 978 :saturae

514 1023 840 1132 comprehendit.
909 1021 966 1106 Et
1004 1018 1109 1104 bene
1147 1022 1273 1106 dixit:
1316 1049 1501 1130 ropcrurrs
1540 1021 1786 1123 Douriuum,
1834 1025 1928 1133 quia

515 1153 624 1263 quod
653 1153 811 1236 uueritis
838 1180 923 1237 nou
953 1151 1134 1237 ualemus
1162 1151 1371 1254 obtinere,
1409 1153 1647 1262 frequenter
1674 1155 1926 1238 orationibus

414 1342 420 1356 ·
466 1293 469 1300 '
516 1281 764 1369 obtinemus.
819 1279 877 1364 Et
903 1279 983 1364 hoc
1011 1280 1418 1366 animaduertendum
1439 1289 1503 1366 est
1525 1285 1663 1384 etiam,
1693 1283 1803 1391 quod
1832 1284 1929 1366 dicit

369 1401 374 1412 ⁸
518 1441 650 1500 omre.
706 1410 903 1496 Ostendit
930 1410 1054 1511 enim,
1082 1415 1179 1520 quia
1197 1442 1260 1514 eu,
1288 1441 1394 1522 quae
1416 1411 1629 1512 trahemus,
1660 1443 1741 1498 nou
1765 1443 1792 1496 a
1812 1413 1927 1498 uobis

387 1587 392 1600 ·
425 1665 428 1670 Δ
516 1547 729 1650 habemus,
753 1545 824 1628 sed
841 1574 867 1630 a
885 1543 1076 1646 Domino,
1100 1573 1220 1654 quem
1246 1545 1517 1656 praecipimur
1539 1571 1667 1630 orare.
1709 1545 1927 1654 Propterea

520 1679 625 1764 dixi:
654 1677 786 1786 :erupis
815 1676 922 1775 uitio,
951 1701 1071 1782 qurum
1100 1685 1282 1776 erecturus,
1311 1685 1480 1788 propter
1507 1676 1623 1777 illud,
1651 1677 1761 1786 quod
1782 1675 1927 1760 Paulus

405 1907 410 1916 q
517 1812 638 1896 dicit:
672 1807 863 1924 'Erremus
886 1806 968 1912 tilii
995 1808 1096 1898 irrue.
1154 1808 1252 1892 ideo
1279 1809 1402 1896 dixit:
1445 1811 1533 1893 irae
1556 1805 1658 1912 filii,
1702 1811 1799 1918 quia
1826 1809 1926 1892 adeo

372 1929 377 1942 ⁸
518 1947 666 2026 natura
695 1941 840 2025 vitiata
868 1948 943 2040 est,
971 1949 1018 2022 ut
1046 1941 1090 2022 in
1120 1945 1311 2024 :sertorum
1341 1950 1567 2026 uerteretur
1595 1941 1697 2024 illud
1729 1942 1884 2024 ritiuru.

626 2072 842 2182 Sequitur:
872 2077 909 2155 ct
935 2072 975 2156 si
999 2071 1199 2180 tirpicutes
1223 2073 1428 2182 pcleeuuoc
1448 2101 1605 2180 procum·
1632 2075 1690 2156 ud
1709 2074 1833 2156 citum
1861 2100 1925 2156 ro·

319 2276 323 2283 .
422 2281 424 2286 ,
519 2209 652 2294 irrrrurs
676 2207 887 2312 peruenire
906 2213 1159 2312 perpetuom,
1187 2207 1284 2290 :term
1303 2205 1435 2292 ortium
1460 2213 1588 2310 ecerat,
1610 2214 1646 2290 ct
1671 2207 1714 2289 iu
1738 2204 1810 2289 dec
1837 2231 1923 2290 cor·

510 2367 615 2448 porc
640 2365 802 2441 sernum,
840 2345 878 2424 ct
905 2340 1002 2424 leuce
1027 2343 1163 2424 oruuio
1193 2365 1275 2444 per
1301 2337 1406 2424 dum
1431 2341 1535 2422 trecis
1562 2343 1683 2422 eitun:
1713 2345 1828 2422 esseut
1853 2339 1927 2421 im·

508 2473 636 2586 plere,
674 2469 916 2556 currendam
943 2479 981 2556 ct
1007 2471 1207 2580 opeudmu
1236 2485 1294 2554 est
1322 2455 1451 2571 inodo,
1490 2474 1596 2578 quod
1623 2471 1665 2554 iu
1689 2478 1923 2576 perpetmou

514 2603 630 2688 uobis
657 2603 855 2706 emmone.
915 2601 1156 2686 Perseverat
1192 2601 1327 2684 adimo
1357 2601 1407 2688 B.
1437 2603 1683 2686 Benedictus
1719 2605 1762 2686 iu
1792 2603 1924 2685 inten-

516 2735 631 2818 tione
659 2731 959 2817 exhortationis
986 2761 1096 2832 suue,
1126 2758 1208 2839 qua
1224 2738 1417 2842 coeperat
1440 2729 1662 2832 exhortari,
1689 2734 1760 2816 sed
1789 2739 1924 2816 trrrreu

372 2885 375 2892 '
515 2864 597 2986 aiio
635 2890 784 2972 genere
824 2861 1044 2948 locutionis
1078 2861 1284 2970 loquitur,
1327 2889 1377 2943 eo
1405 2863 1515 2970 quod
1545 2862 1658 2970 prius
1687 2863 1925 2947 exhortatus

350 3057 356 3070 .
516 3000 580 3076 est
600 3021 729 3087 orare.
758 2993 904 3098 uasat
928 2992 1136 3102 possibile,
1164 2991 1274 3098 quod
1299 2989 1550 3100 impossibile
1577 2998 1654 3096 est,
1681 3021 1729 3078 uc
1757 2993 1790 3076 si
1819 2994 1926 3077 dice·

520 3131 582 3208 ret
607 3123 864 3208 auditoribus
891 3123 994 3208 suis:
1018 3125 1105 3232 jum
1134 3123 1231 3231 quia
1256 3122 1507 3231 cognovistis
1536 3151 1690 3232 puerum
1714 3124 1924 3232 gehennae

157 3232 164 3246 ’
243 3249 248 3260 ’
311 3239 315 3246 ’
361 3267 365 3277 ·
517 3265 560 3340 et
588 3255 780 3364 coepistis
808 3255 952 3366 ingere
980 3253 1086 3338 illus.
1122 3251 1368 3336 currendum
1396 3261 1439 3334 et
1466 3255 1671 3362 agendum
1701 3263 1765 3337 est
1792 3253 1924 3356 prodo.

512 3386 539 3472 i.
568 3413 603 3470 e.
640 3412 734 3469 curu
778 3411 901 3468 cursu
945 3391 987 3468 et
1027 3385 1290 3468 festinatione
1328 3383 1533 3492 agendum
1570 3395 1644 3470 est.
1702 3385 1758 3469 E:
1794 3385 1923 3468 reddit

513 3547 693 3619 causam,
733 3517 831 3625 quid
859 3515 1065 3624 agendum
1095 3517 1162 3607 sit.
1203 3543 1294 3598 cunr
1326 3515 1445 3600 dicit:
1488 3521 1594 3622 quod
1620 3521 1921 3623 inperpetuum

511 3651 627 3735 :rodis
647 3647 848 3754 expediat,
878 3649 904 3732 i.
924 3677 959 3734 c.
980 3647 1122 3758 prosit.
1167 3645 1222 3730 E:
1245 3646 1381 3730 reddit
1399 3651 1522 3732 etiarn
1546 3677 1724 3748 causam,
1746 3649 1921 3760 qnando,

512 3811 604 3868 cum
633 3781 761 3868 dicit:
799 3781 897 3866 dum
925 3780 1056 3865 adleuc
1082 3787 1212 3880 cucco!
1251 3784 1288 3862 et
1316 3781 1359 3862 iu
1388 3780 1460 3864 doc
1487 3806 1653 3886 carpsere
1679 3807 1832 3869 secururs.
1875 3781 1919 3860 lu

511 3916 589 4000 hoc
616 3914 726 4000 enin:
755 3913 861 4013 loco
891 3940 985 3996 curu
1012 3912 1136 3998 dicit:
1173 3914 1270 3995 rem
1297 3912 1430 3996 residue
1457 3919 1574 3998 :ucat
1601 3917 1683 3998 et'
1666 3942 1708 3997 :u
1739 3913 1812 3997 uec
1838 3937 1921 3996 cor·-

502 4074 607 4154 porc
634 4070 786 4144 :erraras
823 4043 1026 4146 ostendit,
1066 4043 1162 4154 ‹prriu
1190 4049 1353 4154 tompus
1381 4043 1609 4154 praesentis
1638 4045 1746 4128 vitre
1772 4043 1920 4156 agendi

438 4179 574 4262 est
610 4177 765 4260 bonum
804 4178 847 4258 et
875 4173 1115 4282 poeniteudi
1144 4173 1311 4278 malurn,
1340 4180 1383 4256 et
1421 4187 1515 4283 post
1552 4176 1775 4259 terminum
1817 4179 1922 4260 vitas

455 4401 461 4410 ,
508 4312 671 4455 tempus
707 4309 771 4387 est
808 4302 1029 4414 recipiendi
1059 4309 1222 4388 tuntum
1260 4332 1336 4415 pro
1376 4304 1496 4388 bouis
1533 4305 1618 4388 sive
1646 4305 1777 4410 ruatis,
1821 4331 1921 4434 querc

511 4436 724 4544 gessimus.
1502 4451 1507 4461 ·

618 4562 833 4675 Sequitur:
868 4565 1152 4651 terestitucuda
1175 4571 1234 4652 cst
1259 4591 1354 4676 erpo
1381 4595 1408 4650 o
1431 4565 1548 4650 :rodis
1569 4565 1763 4652 dorniuici
1787 4565 1918 4652 asdod:

506 4697 675 4782 seruitii.
733 4691 886 4780 lstud
886 4697 995 4779 enim
1032 4723 1127 4806 erpo
1163 4698 1215 4782 ud
1255 4700 1506 4808 superiorem
1540 4727 1704 4782 sensum
1746 4700 1919 4794 attinet,

506 4827 692 4939 superius
721 4825 831 4912 euim
860 4827 990 4916 dixit:
1033 4833 1129 4915 darm
1168 4831 1301 4915 addere
1327 4838 1454 4931 occat,
1494 4837 1531 4914 ct
1567 4831 1612 4914 iu
1647 4831 1721 4918 doc
1760 4855 1922 4936 corpore

388 5003 390 5008 v
505 4985 660 5067 suenus,
688 4959 931 5046 mainerdum
959 4969 997 5044 ct
1024 4963 1225 5070 «pendam
1252 4969 1313 5046 est
1339 4961 1469 5066 :uodq
1496 4963 1603 5070 quod
1619 4961 1663 5046 iu
1683 4970 1920 5070 perpetuum

504 5093 622 5177 :rodis
647 5093 848 5200 expediat,
877 5099 920 5177 et
948 5121 1059 5177 :runc
1086 5093 1210 5178 dicit:
1259 5092 1545 5181 Constituendo
1571 5101 1631 5178 cst
1658 5119 1754 5204 erpo
1782 5091 1917 5180 scdulo

357 5235 363 5246 '
418 5249 421 5254 ·
505 5225 698 5310 ‹torruiuiei
725 5224 906 5328 seruitii,
948 5254 995 5308 ue.
1024 5225 1058 5308 si
1087 5225 1265 5310 diceret:
1309 5254 1410 5335 ergo
1439 5225 1472 5306 si
1504 5227 1562 5310 ita
1589 5229 1663 5326 cst,
1694 5225 1720 5312 i.
1751 5255 1787 5312 e.
1818 5223 1919 5306 siin
