3956 5774
309 195 392 284 258
460 137 534 171 ”
671 306 673 310 ψ
907 194 1111 292 naun

141 447 184 499 .=
306 439 388 502 aon
433 413 633 542 armeus
673 441 797 527 super
837 425 1028 512 anama
1087 418 1193 522 oua
1220 419 1270 506 n.
1300 350 1571 528 manaan,
1614 419 1720 510 sicut

225 567 231 576 “
307 547 494 652 diximus,
522 548 752 662 inceptem
780 550 977 665 gradibus
1005 551 1148 648 docuit
1174 551 1413 642 interiorem
1440 552 1649 639 hominem
1674 560 1719 639 et
1779 601 1781 604 Α

304 680 350 766 in
378 685 526 790 octavo
554 681 667 768 misit
677 684 926 770 exteriorem
950 683 1003 770 ad
1021 684 1251 770 communis
1270 685 1509 772 monasterii
1527 685 1715 797 regulam

156 858 159 864 ·
304 817 379 900 ant
415 817 619 926 majorum
657 817 865 928 exempla,
902 844 1011 903 nunc
1047 817 1094 902 in
1132 816 1214 903 isto
1249 847 1364 926 nono
1401 816 1533 930 gradu
1571 816 1717 928 incipit

304 944 451 1033 docere
477 948 814 1060 compositionem
842 948 1055 1035 exterioris
1083 949 1262 1036 hominis
1290 952 1344 1037 ab
1360 950 1443 1036 isio
1464 977 1575 1034 nono
1590 975 1736 1060 nsque

215 1079 217 1084 ’
303 1077 347 1162 ἰιι
375 1078 634 1170 undecimum
662 1080 849 1192 gradum.
889 1079 985 1168 dum
1004 1081 1048 1166 in
1077 1083 1321 1168 duodecimo
1344 1089 1564 1191 utrumque
1582 1079 1714 1186 docet,

301 1211 329 1301 i.
357 1240 393 1299 e.
422 1212 659 1298 interiorem
689 1215 732 1298 et
760 1215 1025 1322 exteriorem,
1053 1216 1150 1328 quia
1180 1212 1299 1298 dicit:
1331 1240 1416 1298 non
1433 1214 1566 1300 solnm
1592 1213 1715 1299 corde

301 1343 372 1429 sed
401 1345 525 1432 etiam
553 1373 737 1458 corpore.
786 1345 912 1432 Forte
939 1345 1041 1433 dicit
1068 1345 1237 1458 aliquis:
1266 1345 1402 1446 Quare
1430 1347 1543 1458 prins
1573 1346 1714 1431 docuit
1781 1424 1783 1427 ,

299 1476 537 1564 interiorem
566 1482 609 1567 it
636 1479 900 1592 postmodnm
938 1479 1209 1588 exteriorem,
1249 1505 1344 1565 cnm
1382 1485 1525 1592 aptum
1559 1478 1713 1582 fuisset,

301 1612 350 1695 ut
383 1610 563 1698 exterior
601 1612 727 1700 homo
764 1614 876 1726 prins
905 1613 1120 1701 doceretur
1155 1621 1198 1701 et
1226 1613 1490 1726 postmodnm
1527 1612 1710 1714 interior}
1768 1613 1770 1618 ’

300 1771 350 1830 eo
387 1745 498 1856 qnod
537 1748 670 1861 major
709 1751 771 1833 est
810 1745 983 1833 interior
1021 1776 1144 1859 quarn
1184 1747 1374 1835 exterior.
1431 1745 1508 1831 (lui
1542 1772 1713 1857 respon·

299 1877 478 1964 dendum
507 1886 595 1968 est:
642 1883 898 1992 Quicmquam
923 1882 1018 1968 lroe
1056 1890 1163 1970 esset
1190 1888 1357 1994 aptum,
1398 1886 1538 1967 tumen
1576 1879 1725 1990 aptius-

297 2010 391 2114 fuit,
420 2014 526 2100 sicut
554 2013 664 2117 iecit,
694 2044 743 2101 eo
771 2018 883 2130 quod
911 2017 1126 2104 exterioris
1154 2017 1334 2104 hominis
1354 2013 1599 2126 compositio
1621 2014 1709 2098 sine
1762 2035 1768 2050 ·

295 2144 503 2234 interioris
544 2148 733 2237 doctrina
772 2149 832 2236 nil
875 2151 1007 2238 valet:
1046 2181 1143 2238 nom
1180 2181 1255 2265 per
1294 2148 1500 2237 interioris
1534 2147 1711 2235 hominis

296 2280 527 2370 doctrinam
564 2283 743 2372 exterior
781 2291 922 2372 uroster
957 2285 1083 2379 homo
1111 2287 1387 2400 componitur.
1443 2283 1710 2395 Summopere

171 2421 175 2430 '
250 2460 251 2464 Ν
294 2415 404 2522 enim
432 2417 840 2504 animadvertendum
867 2425 943 2524 est,
972 2451 1100 2532 quare
1122 2423 1171 2509 B.
1196 2421 1443 2508 Benedictus
1462 2419 1574 2541 dicat
1597 2447 1705 2503 nunc

174 2630 181 2652 ,
293 2576 419 2660 usquc
442 2551 498 2638 nd
514 2553 867 2661 irrtcrropatioucm
884 2578 964 2639 riou
984 2553 1181 2662 toquentur.
1224 2555 1268 2639 Si
1285 2553 1407 2656 enim,
1432 2553 1554 2638 sicuti
1576 2557 1708 2652 sonat,

293 2684 352 2771 ita
382 2684 651 2798 intelligatur,
680 2684 844 2769 ridetur
871 2685 1040 2771 difficile
1068 2716 1168 2792 esse,
1198 2716 1246 2810 eo
1274 2687 1387 2799 quod
1415 2714 1490 2771 nec
1509 2685 1603 2790 luit,
1632 2711 1705 2770 uec

132 2833 160 2875 '·
202 2911 211 2928 ‚
273 2822 377 2922 est,
417 2847 494 2905 nec
520 2817 622 2921 erit,
661 2818 733 2929 qni
760 2817 891 2929 possit
930 2817 1009 2904 hoe
1049 2819 1290 2926 observare,
1320 2827 1369 2906 ut
1405 2825 1567 2904 tantum
1611 2821 1709 2900 tnnc
1878 2892 1883 2917 ‚

205 2991 222 3060 .‘
291 2949 436 3038 fuisset
462 2951 638 3055 locutus,
667 2975 762 3034 curn
791 2951 1071 3062 interrogatus
1099 2951 1257 3057 fuisset,
1292 2952 1469 3039 maxime
1498 2979 1590 3037 cum
1619 2949 1706 3059 ipse

268 3083 476 3194 superins
504 3083 633 3170 dicat:
666 3081 720 3216 Si,
744 3077 826 3194 quc
852 3084 1096 3193 requirendo
1122 3094 1218 3171 scrut
1245 3114 1273 3172 o
1294 3087 1449 3192 priore,
1479 3109 1567 3168 crem
1596 3083 1706 3168 orrrrri

290 3215 513 3303 leuanditutc
540 3223 578 3303 et
604 3217 846 3325 sardjcctiorre
871 3219 1117 3306 reverentiae
1143 3219 1417 3326 requirantur.
1473 3217 1529 3304 lit
1557 3217 1707 3303 iterum

135 3393 139 3401 ·
288 3349 339 3432 in
371 3349 519 3459 quinto
554 3350 687 3460 gradu
734 3351 981 3437 humilitatis
1017 3352 1141 3438 dicit:
1187 3351 1228 3436 si
1273 3378 1411 3440 orrrrrcs
1448 3351 1743 3460 capitatione

288 3478 424 3594 orclas
459 3483 574 3568 cordi
610 3507 684 3568 suo
720 3485 976 3571 circuientes
1014 3483 1075 3571 oct
1114 3485 1227 3571 ariolo
1254 3513 1282 3571 o
1309 3509 1354 3570 sc
1380 3483 1573 3572 absconse
1600 3510 1704 3571 com·

287 3615 416 3718 otissa
440 3641 528 3722 per
565 3613 758 3704 irrorritcm
795 3618 1085 3726 consessionem
1122 3618 1261 3706 obtati
1294 3644 1368 3704 suo
1396 3647 1477 3706 uon
1505 3617 1702 3706 celaverit.

137 3801 138 3804 κ
287 3747 396 3836 Nom
435 3749 598 3836 ridetur
636 3749 715 3836 sibi
751 3781 838 3840 esse
866 3755 1096 3840 contrarius
1124 3753 1213 3866 ipse
1240 3751 1283 3844 S.
1314 3753 1576 3858 Benedictus,
1605 3780 1702 3838 cum

286 3884 330 3968 in
358 3869 439 3969 isto
468 3911 580 3970 nono
608 3885 739 4001 gradu
768 3886 880 3992 dicit,
911 3891 957 3974 ut
985 3886 1194 4001 usquead
1222 3886 1591 4001 interrogationem
1620 3913 1704 3972 nou

285 4021 491 4131 loquatur,
522 4025 565 4104 et
590 4021 777 4132 snperius
807 4021 920 4125 dicit,
950 4020 1058 4108 sicut
1080 4021 1169 4134 jum
1197 4018 1459 4126 dictumest,
1488 4028 1538 4108 ut
1560 4025 1700 4108 neces·

134 4193 140 4206 ·
284 4156 391 4239 sama
435 4153 498 4238 sui
534 4151 718 4264 corporis
755 4154 980 4240 monachus
1010 4157 1207 4266 ‘requirat
1244 4157 1333 4239 sine
1372 4155 1703 4266 interrogatione
1765 4165 1767 4170 ’

21 4357 28 4366 .
284 4286 457 4398 prioris,
500 4290 542 4399 et
580 4285 730 4369 iterum
770 4285 1066 4372 confessionem
1110 4291 1372 4398 peccatorum
1409 4316 1578 4373 suornm
1620 4287 1704 4371 rive
1874 4349 1876 4354 -
1961 4297 1962 4304 ‘

20 4465 23 4472 ·
113 4532 116 4538 ,
282 4418 583 4528 cogitationum
624 4416 726 4500 dicit
761 4414 989 4512 faciendam
1028 4446 1116 4504 esse
1152 4419 1310 4508 abbati.
1367 4417 1466 4506 Non
1500 4425 1564 4505 est
1606 4434 1737 4504 corr-¹

229 4669 234 4680 .
281 4549 455 4654 trarins,
494 4547 567 4658 sed
601 4546 825 4633 discretum
867 4549 1078 4637 doctorem
1114 4553 1311 4663 requirit3
1349 4551 1549 4638 discretus
1593 4551 1703 4637 enim

281 4682 427 4768 doctor
466 4679 668 4792 intelligit
703 4681 749 4764 in
777 4679 856 4766 hoc
885 4682 999 4788 loco,
1035 4682 1155 4793 qnia,
1191 4684 1299 4770 sicut
1334 4682 1545 4794 compellit
1572 4682 1739 4794 prior,'

282 4844 374 4900 cum
404 4819 448 4900 te
475 4814 719 4922 interrogat,
748 4819 797 4898 nt
818 4809 1013 4924 loquaris,
1044 4813 1103 4898 ita
1127 4815 1250 4901 etiam
1268 4823 1311 4902 te
1333 4816 1545 4927 compellit
1562 4843 1701 4900 neces·

121 4973 124 4978 ·
279 4949 402 5053 sitas,
441 4952 490 5032 nt
528 4946 628 5031 velis
668 4947 775 5034 nolis
815 4944 1099 5032 necessitatem
1138 4949 1253 5032 tuam
1281 4948 1477 5060 loquaris,
1536 4949 1598 5033 Ac
1630 4973 1703 5058 per
1874 5011 1875 5016 a

279 5081 378 5185 hoc,
421 5108 514 5167 cum
567 5067 670 5165 dicit
710 5081 806 5166 Nou
847 5076 1034 5186 loquutur
1075 5104 1200 5186 usquc
1238 5079 1295 5164 ad
1333 5081 1704 5194 iuterropctioucm,

130 5289 133 5296 .
276 5215 603 5304 subuculieudnm
654 5218 717 5298 est
757 5214 908 5299 etiam:
958 5240 1088 5322 usque
1126 5213 1178 5296 ud
1229 5214 1544 5322 necessitatem,
1588 5209 1702 5323 quasi
