3960 5774
773 161 859 256 cap.
883 156 1082 237 xxxxur.
1226 160 1230 171 ·
1435 143 1440 156 '
1553 169 1628 254 lm

228 389 364 468 tamen
392 379 545 466 debent
573 381 614 464 iu
640 379 880 467 dormitorio
907 411 954 468 aa
984 411 1074 468 cum
1104 385 1259 471 lumine
1286 413 1455 470 ueeeuso
1479 386 1635 486 decani,

230 514 334 598 siout
362 512 535 596 diximus
564 513 749 622 superius
776 513 827 596 de
853 511 1136 615 circatoribus,
1165 523 1208 600 et
1236 517 1375 628 pigros
1402 525 1444 602 et
1470 545 1635 602 somno·
1755 619 1759 629 Ι

228 647 359 730 lentos
388 643 578 728 exaitare.
1496 721 1499 728 ,

337 773 551 882 Sequitur:
593 772 771 858 Diu-ruis
800 780 930 857 aretem
958 773 1070 857 leeris
1108 775 1178 880 qui
1216 775 1272 858 ad
1300 804 1401 882 opus
1429 777 1511 860 Dei
1539 786 1637 882 post
1699 825 1700 828 κ

228 930 382 989 rcrsmn
411 907 447 987 el
481 901 664 987 Gloriam
687 904 818 1008 prirui
839 903 1016 1009 psalmi,
1046 905 1114 1008 qui
1146 916 1242 1010 post
1279 934 1435 993 uersum
1473 911 1632 1010 «licitur,
1684 925 1686 930 ’
1723 951 1726 958 ’

228 1035 454 1134 acerureril,
485 1035 578 1141 lepe,
607 1061 686 1138 qnia
714 1033 1054 1140 supradiximus,
1076 1035 1127 1148 ¹iu
1150 1035 1395 1138 ultiraostrl,
1425 1065 1495 1122 nee
1514 1067 1635 1146 prue-
1662 1125 1664 1130 ,

227 1171 357 1249 sternat
397 1165 547 1249 sociari
590 1163 706 1250 elima
740 1161 1004 1270 psallentium
1047 1192 1171 1272 usqrre
1209 1167 1265 1251 ud
1305 1169 1632 1276 satisfactionem,

226 1299 308 1382 nisi
331 1299 436 1402 torte
458 1296 584 1380 allus
608 1297 809 1380 licentiam
830 1295 985 1377 dederit
1002 1297 1269 1400 permissione
1290 1324 1379 1400 srru,
1408 1302 1464 1384 itu
1486 1308 1632 1402 turinen,
1718 1353 1726 1390 κ,
1817 1348 1822 1358 ·

226 1438 269 1512 ul
295 1426 526 1530 satisfaciat
553 1451 646 1508 reus
675 1451 724 1508 err
752 1426 834 1511 lroe.
885 1426 1001 1523 ttuod
1033 1453 1129 1510 vero
1158 1426 1276 1512 elicit:
1307 1425 1485 1514 Dimuis
1504 1438 1634 1514 inertem
1709 1415 1712 1423 ’

227 1559 336 1642 lieris
364 1557 433 1662 qui
455 1559 511 1641 ad
533 1581 632 1661 opus
655 1555 729 1639 Dei
752 1563 845 1660 post
867 1583 1026 1640 uersum
1054 1563 1090 1640 el
1113 1557 1296 1643 Gloriam
1321 1561 1449 1664 praru
1466 1561 1630 1664 psalrni,

226 1692 293 1797 qai
326 1694 423 1794 post
463 1713 620 1772 uersum
661 1687 832 1789 dicitnr,
866 1691 1101 1789 armararii,
1138 1688 1190 1773 ud
1231 1689 1428 1798 primum,
1458 1693 1632 1792 tertiam,

229 1825 407 1920 sextius,
437 1846 586 1902 rrouum
618 1818 768 1902 (lebant
796 1817 951 1902 dicere:
991 1819 1106 1904 Deris
1142 1818 1187 1902 in·
1222 1819 1467 1922 adjutorium
1506 1812 1633 1907 rnennr
1729 1865 1730 1870 Ν

225 1947 418 2044 intende,¹
437 1945 611 2032 llomino
650 1947 706 2032 uel
745 1947 1021 2052 urljrroandunr
1058 1974 1120 2033 mc
1152 1947 1395 2054 tertiumsi
1435 1951 1631 2053 Gloriam,

226 2077 371 2162 deiude
409 2077 629 2186 hymnum,
660 2083 754 2186 pust
791 2077 1003 2187 hymnam
1031 2077 1255 2189 pissimum,
1286 2077 1313 2160 u
1356 2107 1390 2165 o.
1432 2079 1501 2188 qui
1537 2092 1633 2166 aute

227 2208 406 2292 Gloriam
430 2207 545 2291 istius
566 2207 725 2316 psalmi,
755 2209 825 2318 qui
848 2217 942 2320 post
961 2209 1159 2319 lryumanr
1182 2207 1343 2310 dieitur,
1372 2207 1631 2319 intelligitur,
1714 2273 1716 2279 ,

225 2338 341 2422 sicuti
370 2343 432 2420 est
460 2335 511 2426 ad
542 2335 732 2420 tertium:
762 2341 831 2423 rlrl
850 2340 1070 2423 Dorici-unm
1099 2365 1187 2424 euru
1207 2337 1426 2422 lrllmlurer
1452 2345 1494 2457 et
1516 2339 1632 2450 reliq.

226 2467 289 2551 Ad
325 2495 559 2577 vesperam:
602 2466 627 2553 i.
659 2498 693 2552 e.
735 2469 777 2551 iu
811 2471 953 2579 primis
982 2468 1096 2556 Ileus
1135 2471 1179 2553 iu
1220 2469 1468 2574 adjutoiium
1503 2497 1632 2558 rrrmrm

131 2673 154 2691 .,
224 2601 385 2683 intende
408 2603 455 2692 et,
471 2599 607 2709 reliq.;
638 2602 783 2685 deiude
806 2602 992 2709 psalmos,
1022 2599 1142 2684 sieuti
1167 2606 1229 2682 est
1252 2598 1296 2682 in
1319 2598 1385 2682 die
1405 2599 1631 2684 elauriuieo:
1654 2691 1656 2694 ,

229 2729 351 2813 Dixit
379 2727 582 2814 Dominus
612 2731 789 2816 Domino
817 2754 902 2818 mm
930 2739 1006 2818 ete.
1025 2738 1078 2837 et
1098 2735 1210 2832 turre,
1241 2731 1309 2838 qui
1334 2735 1430 2814 unte
1451 2731 1631 2816 Gloriam

225 2859 509 2944 istiusl'snlmi
531 2861 676 2946 »Dlait
695 2861 897 2946 Dorrrinus
927 2861 1101 2971 Domino
1129 2886 1236 2943 erico«
1271 2865 1347 2944 ete.
1379 2889 1460 2944 uon
1491 2889 1630 2944 oeeur·
1725 2873 1726 2876 ‘

225 2987 335 3091 uerit,
363 2989 614 3100 intelligitur
645 2992 694 3074 de
723 2992 832 3075 illius
862 2991 1006 3100 psalmi
1032 2991 1185 3076 Gloria.
1229 2989 1466 3074 Satisfaatio
1495 3000 1631 3075 rudem

224 3120 380 3202 duobus
422 3120 553 3206 modis
592 3120 858 3230 intelligitum
898 3127 971 3205 aut
1007 3119 1116 3204 errim
1158 3119 1281 3219 dixit,
1311 3117 1631 3205 satisfactionem

223 3247 332 3332 illum
365 3277 472 3348 esse,
503 3279 583 3358 qua
612 3261 695 3334 stat
723 3253 765 3334 iu
796 3251 961 3350 ultimo,
992 3257 1065 3333 eat
1093 3253 1202 3332 eerte
1231 3247 1356 3346 dixit,
1386 3252 1633 3336 satisfactio·

223 3405 313 3461 uem
348 3378 460 3462 illum
504 3408 610 3480 esse,
640 3407 720 3487 qua
757 3385 986 3488 prostratus
1020 3379 1143 3463 debet
1172 3381 1332 3487 jacere,
1362 3407 1453 3463 eum
1485 3381 1632 3464 iratres

224 3533 355 3616 gerrae
385 3507 570 3596 lieetuut.
630 3509 911 3608 (innodantem
942 3509 1042 3594 elicit
1069 3510 1129 3594 ita
1157 3515 1301 3610 lernaea,
1330 3513 1372 3592 ut
1402 3511 1632 3614 satisfaciat
1676 3569 1678 3574 -

220 3663 312 3720 reus
346 3665 396 3722 er
423 3639 515 3741 lroe,
547 3641 604 3724 ita
644 3639 913 3748 intelligitur:
948 3668 984 3728 v.
1013 3667 1075 3750 gr.
1116 3639 1150 3723 si
1180 3646 1326 3725 cautor
1355 3645 1435 3740 est,
1477 3645 1520 3722 et
1540 3663 1630 3752 spro

221 3769 460 3854 necessitate
485 3798 568 3854 uon
589 3770 813 3855 dimittitur
834 3765 918 3856 illie
947 3797 1129 3856 seorsum
1158 3775 1268 3854 stare
1298 3776 1466 3879 propter
1490 3797 1630 3862 rreoes·
1685 3843 1687 3850 ,

219 3900 393 4002 uitatem,
424 3901 548 3984 debet
573 3903 632 3987 ire
661 3901 705 3984 iu
734 3901 861 3986 choro
886 3901 1084 3986 inuueute
1105 3901 1252 4010 priore,
1281 3900 1351 3984 sed
1377 3909 1627 4002 tamencum

218 4033 448 4142 eomlrletur
487 4061 590 4142 opus
634 4030 730 4131 Dei,
759 4031 882 4116 debet
918 4035 1175 4138 satistireere,
1205 4033 1232 4122 i.
1261 4062 1297 4120 e.
1337 4032 1396 4146 ire
1435 4031 1475 4116 iu
1514 4033 1627 4116 illum

218 4160 352 4246 laeum
380 4171 423 4249 et
451 4164 508 4248 ibi
538 4163 787 4255 satisfacere.

326 4293 543 4404 Sequitur:
595 4296 665 4380 Ad
707 4323 889 4382 inmersum
933 4302 1064 4382 aedem
1110 4285 1180 4405 qui
1220 4304 1313 4382 onte
1352 4323 1509 4382 versura
1549 4320 1628 4380 nou
1719 4301 1722 4308 ’

221 4431 453 4536 aeernrerit,
482 4437 525 4514 nl
564 4429 687 4517 sinrnl
713 4456 865 4539 ornnes
896 4429 1035 4516 dieunt
1069 4455 1227 4516 uersam
1262 4435 1299 4512 et
1325 4435 1447 4512 ›orenl
1485 4433 1520 4510 et
1555 4429 1629 4512 sul
1742 4443 1773 4500 f

218 4585 295 4646 rum
323 4587 459 4648 onenes
487 4563 678 4649 accedant
706 4565 763 4649 ael
789 4587 982 4664 rrrerrsam,
1011 4563 1081 4670 qni
1105 4587 1181 4666 per
1206 4559 1484 4670 ineprinnuuu
1512 4582 1629 4642 suam

217 4690 286 4775 orit
322 4695 460 4779 uilium
500 4721 579 4779 aon
619 4695 852 4793 redemerit,
895 4719 1019 4800 resque
1054 4695 1112 4778 ad
1146 4693 1362 4777 secundam
1397 4689 1519 4788 alcun
1547 4715 1629 4794 pro
1675 4721 1677 4724 ·

213 4821 284 4906 lroe
320 4823 576 4931 corripiatur.
649 4823 702 4908 tlt
740 4825 816 4908 hoa
858 4825 1067 4909 sciendum
1104 4829 1187 4927 est,
1225 4823 1320 4932 quia
1359 4821 1410 4904 ad
1448 4847 1628 4904 mensam

216 4953 467 5060 meliorest,
496 4961 544 5042 ut
572 4956 664 5058 ille,
695 4955 789 5066 qui,
818 4955 1025 5066 quamuis*
1045 4981 1129 5039 uon
1165 4979 1240 5064 pro
1269 4951 1525 5063 negligentia
1552 4979 1627 5035 nee
1752 5047 1754 5050 ,

215 5087 334 5192 uitio,
365 5117 448 5174 uon
480 5086 617 5199 potnit
644 5091 742 5172 ente
772 5115 931 5172 versum
960 5109 1193 5188 oaeurrere,
1223 5109 1272 5167 eo
1301 5082 1431 5194 qaod,
1461 5111 1567 5168 eum·
1585 5083 1626 5168 in
