<?xml version="1.0" encoding="UTF-8"?>
<!DOCTYPE html PUBLIC "-//W3C//DTD XHTML 1.0 Transitional//EN"
    "http://www.w3.org/TR/xhtml1/DTD/xhtml1-transitional.dtd">
<html xmlns="http://www.w3.org/1999/xhtml" xml:lang="en" lang="en">
 <head>
  <title>
</title>
<meta http-equiv="Content-Type" content="text/html;charset=utf-8" />
  <meta name='ocr-system' content='tesseract 3.04.00' />
  <meta name='ocr-capabilities' content='ocr_page ocr_carea ocr_par ocr_line ocrx_word'/>
</head>
<body>
  <div class='ocr_page' id='page_1' title='image "./vitaetregulassp01benegoog_0168.png"; bbox 0 0 4334 5750; ppageno 0'>
   <div class='ocr_carea' id='block_1_1' title="bbox 999 229 1781 359">
    <p class='ocr_par' dir='ltr' id='par_1_1' title="bbox 999 229 1781 359">
     <span class='ocr_line' id='line_1_1' title="bbox 999 229 1781 359; baseline -0.005 -57"><span class='ocrx_word' id='word_1_1' title='bbox 999 229 1083 322; x_wconf 81' lang='lat' dir='ltr'><strong>Cap.</strong></span> <span class='ocrx_word' id='word_1_2' title='bbox 1112 229 1170 301; x_wconf 80' lang='lat' dir='ltr'><strong>IV.</strong></span> <span class='ocrx_word' id='word_1_3' title='bbox 1297 345 1303 359; x_wconf 27' lang='grc' dir='ltr'>ι</span> <span class='ocrx_word' id='word_1_4' title='bbox 1703 239 1781 322; x_wconf 73' lang='grc'><strong>139</strong></span> 
     </span>
    </p>
   </div>
   <div class='ocr_carea' id='block_1_2' title="bbox 366 438 1863 942">
    <p class='ocr_par' dir='ltr' id='par_1_2' title="bbox 366 438 1863 942">
     <span class='ocr_line' id='line_1_2' title="bbox 374 438 1780 566; baseline -0.002 -27"><span class='ocrx_word' id='word_1_5' title='bbox 374 461 422 542; x_wconf 88' lang='lat' dir='ltr'><strong>de</strong></span> <span class='ocrx_word' id='word_1_6' title='bbox 452 453 670 566; x_wconf 73' lang='lat' dir='ltr'><strong>garreribns</strong></span> <span class='ocrx_word' id='word_1_7' title='bbox 699 438 992 534; x_wconf 68' lang='lat' dir='ltr'><strong>mouetur-&#39;um</strong></span> <span class='ocrx_word' id='word_1_8' title='bbox 1019 449 1197 560; x_wconf 82' lang='lat' dir='ltr'><strong>scripsit.</strong></span> <span class='ocrx_word' id='word_1_9' title='bbox 1258 451 1414 534; x_wconf 87' lang='lat' dir='ltr'><strong>Deinde</strong></span> <span class='ocrx_word' id='word_1_10' title='bbox 1441 454 1556 564; x_wconf 85' lang='lat' dir='ltr'><strong>quasi</strong></span> <span class='ocrx_word' id='word_1_11' title='bbox 1587 453 1780 538; x_wconf 76' lang='lat' dir='ltr'><strong>fabricam</strong></span> 
     </span>
     <span class='ocr_line' id='line_1_3' title="bbox 366 579 1863 682; baseline -0.002 -11"><span class='ocrx_word' id='word_1_12' title='bbox 366 581 603 682; x_wconf 79' lang='lat' dir='ltr'><strong>collocavit,</strong></span> <span class='ocrx_word' id='word_1_13' title='bbox 649 609 740 666; x_wconf 88' lang='lat' dir='ltr'><strong>cum</strong></span> <span class='ocrx_word' id='word_1_14' title='bbox 771 579 954 662; x_wconf 77' lang='lat' dir='ltr'><strong>ordinem</strong></span> <span class='ocrx_word' id='word_1_15' title='bbox 997 581 1302 666; x_wconf 75' lang='lat' dir='ltr'><strong>coenobitarum</strong></span> <span class='ocrx_word' id='word_1_16' title='bbox 1344 581 1519 670; x_wconf 88' lang='lat' dir='ltr'><strong>seribere</strong></span> <span class='ocrx_word' id='word_1_17' title='bbox 1548 582 1779 678; x_wconf 75' lang='lat' dir='ltr'><strong>coustituit:</strong></span> <span class='ocrx_word' id='word_1_18' title='bbox 1861 597 1863 605; x_wconf 87' lang='lat'>&#39;</span> 
     </span>
     <span class='ocr_line' id='line_1_4' title="bbox 371 709 1782 824; baseline -0.002 -23"><span class='ocrx_word' id='word_1_19' title='bbox 371 718 411 803; x_wconf 92' lang='lat' dir='ltr'><strong>iu</strong></span> <span class='ocrx_word' id='word_1_20' title='bbox 444 715 519 798; x_wconf 87' lang='lat' dir='ltr'><strong>bac</strong></span> <span class='ocrx_word' id='word_1_21' title='bbox 548 714 700 824; x_wconf 89' lang='lat' dir='ltr'><strong>quippe</strong></span> <span class='ocrx_word' id='word_1_22' title='bbox 731 711 885 794; x_wconf 78' lang='lat' dir='ltr'><strong>fabrica</strong></span> <span class='ocrx_word' id='word_1_23' title='bbox 913 711 1028 820; x_wconf 86' lang='lat' dir='ltr'><strong>quasi</strong></span> <span class='ocrx_word' id='word_1_24' title='bbox 1059 716 1184 822; x_wconf 87' lang='lat' dir='ltr'><strong>capnt</strong></span> <span class='ocrx_word' id='word_1_25' title='bbox 1209 709 1438 814; x_wconf 85' lang='lat' dir='ltr'><strong>constitnit,</strong></span> <span class='ocrx_word' id='word_1_26' title='bbox 1478 713 1575 824; x_wconf 91' lang='lat' dir='ltr'><strong>quia</strong></span> <span class='ocrx_word' id='word_1_27' title='bbox 1602 714 1782 822; x_wconf 83' lang='lat' dir='ltr'><strong>‹descrip-</strong></span> 
     </span>
     <span class='ocr_line' id='line_1_5' title="bbox 372 838 1781 942; baseline -0.004 -12"><span class='ocrx_word' id='word_1_28' title='bbox 372 855 485 931; x_wconf 80' lang='lat' dir='ltr'>turus</span> <span class='ocrx_word' id='word_1_29' title='bbox 515 847 605 926; x_wconf 89' lang='lat' dir='ltr'><strong>erat</strong></span> <span class='ocrx_word' id='word_1_30' title='bbox 646 838 848 936; x_wconf 84' lang='lat' dir='ltr'><strong>rnerubra,</strong></span> <span class='ocrx_word' id='word_1_31' title='bbox 891 869 983 923; x_wconf 92' lang='lat' dir='ltr'><strong>cum</strong></span> <span class='ocrx_word' id='word_1_32' title='bbox 1026 841 1218 926; x_wconf 82' lang='lat' dir='ltr'>abbatem</span> <span class='ocrx_word' id='word_1_33' title='bbox 1260 841 1466 926; x_wconf 85' lang='lat' dir='ltr'><strong>ordinarit</strong></span> <span class='ocrx_word' id='word_1_34' title='bbox 1494 849 1536 928; x_wconf 90' lang='lat' dir='ltr'><strong>et</strong></span> <span class='ocrx_word' id='word_1_35' title='bbox 1576 844 1781 942; x_wconf 84' lang='lat' dir='ltr'><strong>instruxit,</strong></span> 
     </span>
    </p>
   </div>
   <div class='ocr_carea' id='block_1_3' title="bbox 246 971 1781 1086">
    <p class='ocr_par' dir='ltr' id='par_1_3' title="bbox 246 971 1781 1086">
     <span class='ocr_line' id='line_1_6' title="bbox 246 971 1781 1086; baseline 0.001 -29"><span class='ocrx_word' id='word_1_36' title='bbox 246 1051 249 1057; x_wconf 78' lang='grc'><strong><em>,</em></strong></span> <span class='ocrx_word' id='word_1_37' title='bbox 368 982 392 1064; x_wconf 86' lang='lat' dir='ltr'><strong>i.</strong></span> <span class='ocrx_word' id='word_1_38' title='bbox 409 1008 443 1065; x_wconf 90' lang='lat' dir='ltr'><strong>e.</strong></span> <span class='ocrx_word' id='word_1_39' title='bbox 467 973 643 1086; x_wconf 79' lang='lat' dir='ltr'>qualiter</span> <span class='ocrx_word' id='word_1_40' title='bbox 666 971 815 1056; x_wconf 88' lang='lat' dir='ltr'><strong>debeat</strong></span> <span class='ocrx_word' id='word_1_41' title='bbox 830 1000 916 1058; x_wconf 82' lang='lat' dir='ltr'><strong>csse</strong></span> <span class='ocrx_word' id='word_1_42' title='bbox 941 973 982 1055; x_wconf 92' lang='lat' dir='ltr'><strong>in</strong></span> <span class='ocrx_word' id='word_1_43' title='bbox 1006 971 1082 1078; x_wconf 83' lang='lat' dir='ltr'><strong>bis,</strong></span> <span class='ocrx_word' id='word_1_44' title='bbox 1111 1000 1215 1082; x_wconf 90' lang='lat' dir='ltr'><strong>quae</strong></span> <span class='ocrx_word' id='word_1_45' title='bbox 1236 971 1348 1056; x_wconf 85' lang='lat' dir='ltr'><strong>inae</strong></span> <span class='ocrx_word' id='word_1_46' title='bbox 1363 973 1427 1056; x_wconf 87' lang='lat' dir='ltr'><strong>rel</strong></span> <span class='ocrx_word' id='word_1_47' title='bbox 1447 975 1499 1059; x_wconf 88' lang='lat' dir='ltr'><strong>ud</strong></span> <span class='ocrx_word' id='word_1_48' title='bbox 1520 1004 1563 1060; x_wconf 88' lang='lat' dir='ltr'><strong>se</strong></span> <span class='ocrx_word' id='word_1_49' title='bbox 1586 975 1781 1069; x_wconf 73' lang='lat' dir='ltr'><strong>attinent,</strong></span> 
     </span>
    </p>
   </div>
   <div class='ocr_carea' id='block_1_4' title="bbox 366 1102 1783 1611">
    <p class='ocr_par' dir='ltr' id='par_1_4' title="bbox 366 1102 1783 1611">
     <span class='ocr_line' id='line_1_7' title="bbox 368 1102 1783 1220; baseline -0.004 -26"><span class='ocrx_word' id='word_1_50' title='bbox 368 1117 408 1194; x_wconf 90' lang='lat' dir='ltr'><strong>et</strong></span> <span class='ocrx_word' id='word_1_51' title='bbox 436 1105 694 1220; x_wconf 88' lang='lat' dir='ltr'><strong>postmodum</strong></span> <span class='ocrx_word' id='word_1_52' title='bbox 743 1131 833 1188; x_wconf 88' lang='lat' dir='ltr'><strong>enm</strong></span> <span class='ocrx_word' id='word_1_53' title='bbox 873 1102 1088 1204; x_wconf 86' lang='lat' dir='ltr'><strong>iustruxit,</strong></span> <span class='ocrx_word' id='word_1_54' title='bbox 1131 1102 1308 1213; x_wconf 84' lang='lat' dir='ltr'><strong>qualiter</strong></span> <span class='ocrx_word' id='word_1_55' title='bbox 1346 1103 1494 1190; x_wconf 79' lang='lat' dir='ltr'><strong>(debeat</strong></span> <span class='ocrx_word' id='word_1_56' title='bbox 1533 1135 1619 1192; x_wconf 85' lang='lat' dir='ltr'><strong>esse</strong></span> <span class='ocrx_word' id='word_1_57' title='bbox 1639 1107 1690 1220; x_wconf 86' lang='lat' dir='ltr'><strong>in</strong></span> <span class='ocrx_word' id='word_1_58' title='bbox 1719 1105 1783 1190; x_wconf 88' lang='lat' dir='ltr'><strong>bis</strong></span> 
     </span>
     <span class='ocr_line' id='line_1_8' title="bbox 369 1232 1781 1348; baseline -0.004 -23"><span class='ocrx_word' id='word_1_59' title='bbox 369 1242 501 1341; x_wconf 88' lang='lat' dir='ltr'><strong>rebus,</strong></span> <span class='ocrx_word' id='word_1_60' title='bbox 531 1265 636 1348; x_wconf 91' lang='lat' dir='ltr'><strong>quae</strong></span> <span class='ocrx_word' id='word_1_61' title='bbox 665 1244 780 1328; x_wconf 79' lang='lat' dir='ltr'><strong>extra</strong></span> <span class='ocrx_word' id='word_1_62' title='bbox 809 1265 851 1319; x_wconf 82' lang='lat' dir='ltr'><strong>ae</strong></span> <span class='ocrx_word' id='word_1_63' title='bbox 880 1238 990 1320; x_wconf 83' lang='lat' dir='ltr'><strong>surrt.</strong></span> <span class='ocrx_word' id='word_1_64' title='bbox 1047 1232 1265 1319; x_wconf 83' lang='lat' dir='ltr'><strong>Sciendum</strong></span> <span class='ocrx_word' id='word_1_65' title='bbox 1291 1241 1355 1319; x_wconf 84' lang='lat' dir='ltr'><strong>est</strong></span> <span class='ocrx_word' id='word_1_66' title='bbox 1382 1237 1503 1339; x_wconf 85' lang='lat' dir='ltr'><strong>eninr,</strong></span> <span class='ocrx_word' id='word_1_67' title='bbox 1534 1236 1630 1347; x_wconf 91' lang='lat' dir='ltr'><strong>quia</strong></span> <span class='ocrx_word' id='word_1_68' title='bbox 1658 1237 1781 1330; x_wconf 82' lang='lat' dir='ltr'><strong>istud,</strong></span> 
     </span>
     <span class='ocr_line' id='line_1_9' title="bbox 367 1359 1783 1482; baseline -0.004 -28"><span class='ocrx_word' id='word_1_69' title='bbox 367 1369 475 1482; x_wconf 86' lang='lat' dir='ltr'><strong>qnod</strong></span> <span class='ocrx_word' id='word_1_70' title='bbox 507 1365 623 1453; x_wconf 91' lang='lat' dir='ltr'><strong>dicit:</strong></span> <span class='ocrx_word' id='word_1_71' title='bbox 665 1375 774 1472; x_wconf 58' lang='lat' dir='ltr'><strong>{gerno</strong></span> <span class='ocrx_word' id='word_1_72' title='bbox 803 1373 897 1451; x_wconf 83' lang='lat' dir='ltr'><strong>snut</strong></span> <span class='ocrx_word' id='word_1_73' title='bbox 925 1359 1192 1480; x_wconf 82' lang='lat' dir='ltr'><strong>iustrrur&#39;rculo</strong></span> <span class='ocrx_word' id='word_1_74' title='bbox 1222 1363 1413 1452; x_wconf 83' lang='lat' dir='ltr'><strong>teucrum</strong></span> <span class='ocrx_word' id='word_1_75' title='bbox 1440 1395 1614 1475; x_wconf 81' lang='lat' dir='ltr'><strong>operum,</strong></span> <span class='ocrx_word' id='word_1_76' title='bbox 1644 1372 1783 1478; x_wconf 87' lang='lat' dir='ltr'><strong>potest</strong></span> 
     </span>
     <span class='ocr_line' id='line_1_10' title="bbox 366 1497 1780 1611; baseline -0.006 -23"><span class='ocrx_word' id='word_1_77' title='bbox 366 1499 661 1610; x_wconf 80' lang='lat' dir='ltr'><strong>interrogando</strong></span> <span class='ocrx_word' id='word_1_78' title='bbox 690 1499 877 1611; x_wconf 82' lang='lat' dir='ltr'><strong>proferri,</strong></span> <span class='ocrx_word' id='word_1_79' title='bbox 901 1497 927 1583; x_wconf 88' lang='lat' dir='ltr'><strong>i.</strong></span> <span class='ocrx_word' id='word_1_80' title='bbox 946 1525 1003 1585; x_wconf 82' lang='lat' dir='ltr'><strong>a:</strong></span> <span class='ocrx_word' id='word_1_81' title='bbox 1034 1497 1148 1596; x_wconf 83' lang='lat' dir='ltr'><strong>Quae</strong></span> <span class='ocrx_word' id='word_1_82' title='bbox 1167 1503 1264 1581; x_wconf 86' lang='lat' dir='ltr'><strong>snut</strong></span> <span class='ocrx_word' id='word_1_83' title='bbox 1282 1497 1558 1594; x_wconf 85' lang='lat' dir='ltr'><strong>iustrumenta</strong></span> <span class='ocrx_word' id='word_1_84' title='bbox 1580 1499 1780 1584; x_wconf 87' lang='lat' dir='ltr'><strong>bonorum</strong></span> 
     </span>
    </p>
   </div>
   <div class='ocr_carea' id='block_1_5' title="bbox 308 1619 1936 1746">
    <p class='ocr_par' dir='ltr' id='par_1_5' title="bbox 308 1619 1936 1746">
     <span class='ocr_line' id='line_1_11' title="bbox 308 1619 1936 1746; baseline -0.004 -28"><span class='ocrx_word' id='word_1_85' title='bbox 308 1651 310 1656; x_wconf 78' lang='grc'><strong>’</strong></span> <span class='ocrx_word' id='word_1_86' title='bbox 367 1635 561 1746; x_wconf 83' lang='lat' dir='ltr'><strong>operum?</strong></span> <span class='ocrx_word' id='word_1_87' title='bbox 590 1631 762 1742; x_wconf 84' lang='lat' dir='ltr'><strong>etquari</strong></span> <span class='ocrx_word' id='word_1_88' title='bbox 788 1627 1328 1741; x_wconf 84' lang='lat' dir='ltr'><strong>respondendosubjunxit:</strong></span> <span class='ocrx_word' id='word_1_89' title='bbox 1354 1629 1557 1735; x_wconf 74' lang='lat' dir='ltr'><strong>Inprimis</strong></span> <span class='ocrx_word' id='word_1_90' title='bbox 1577 1630 1783 1715; x_wconf 83' lang='lat' dir='ltr'><strong>domiuum</strong></span> <span class='ocrx_word' id='word_1_91' title='bbox 1879 1651 1882 1656; x_wconf 82' lang='grc'><strong>’</strong></span> <span class='ocrx_word' id='word_1_92' title='bbox 1923 1619 1936 1720; x_wconf 68' lang='grc'><strong>’,</strong></span> 
     </span>
    </p>
   </div>
   <div class='ocr_carea' id='block_1_6' title="bbox 247 1759 1907 2660">
    <p class='ocr_par' dir='ltr' id='par_1_6' title="bbox 366 1759 1863 2002">
     <span class='ocr_line' id='line_1_12' title="bbox 366 1759 1863 1874; baseline -0.003 -24"><span class='ocrx_word' id='word_1_93' title='bbox 366 1761 497 1850; x_wconf 76' lang='lat' dir='ltr'><strong>Decem</strong></span> <span class='ocrx_word' id='word_1_94' title='bbox 526 1759 706 1874; x_wconf 82' lang='lat' dir='ltr'><strong>dilipcrc.</strong></span> <span class='ocrx_word' id='word_1_95' title='bbox 768 1763 908 1848; x_wconf 87' lang='lat' dir='ltr'><strong>Potest</strong></span> <span class='ocrx_word' id='word_1_96' title='bbox 936 1760 1061 1844; x_wconf 87' lang='lat' dir='ltr'><strong>etiam</strong></span> <span class='ocrx_word' id='word_1_97' title='bbox 1090 1759 1310 1846; x_wconf 87' lang='lat' dir='ltr'><strong>iudicando</strong></span> <span class='ocrx_word' id='word_1_98' title='bbox 1338 1761 1512 1872; x_wconf 86' lang='lat' dir='ltr'><strong>proferri</strong></span> <span class='ocrx_word' id='word_1_99' title='bbox 1539 1761 1618 1849; x_wconf 90' lang='lat' dir='ltr'><strong>boc</strong></span> <span class='ocrx_word' id='word_1_100' title='bbox 1646 1761 1780 1862; x_wconf 83' lang='lat' dir='ltr'><strong>uredo,</strong></span> <span class='ocrx_word' id='word_1_101' title='bbox 1858 1773 1863 1784; x_wconf 86' lang='lat'>&#39;</span> 
     </span>
     <span class='ocr_line' id='line_1_13' title="bbox 369 1883 1796 2002; baseline -0.004 -22"><span class='ocrx_word' id='word_1_102' title='bbox 369 1895 394 1980; x_wconf 92' lang='lat' dir='ltr'><strong>i.</strong></span> <span class='ocrx_word' id='word_1_103' title='bbox 411 1925 443 1977; x_wconf 90' lang='lat' dir='ltr'><strong>e.</strong></span> <span class='ocrx_word' id='word_1_104' title='bbox 455 1923 474 1978; x_wconf 78' lang='lat' dir='ltr'><strong>r·</strong></span> <span class='ocrx_word' id='word_1_105' title='bbox 497 1901 713 2002; x_wconf 87' lang='lat' dir='ltr'><strong>quaesunt</strong></span> <span class='ocrx_word' id='word_1_106' title='bbox 731 1894 1006 1978; x_wconf 85' lang='lat' dir='ltr'><strong>iustrumenta</strong></span> <span class='ocrx_word' id='word_1_107' title='bbox 1022 1892 1225 1977; x_wconf 91' lang='lat' dir='ltr'><strong>bonorum</strong></span> <span class='ocrx_word' id='word_1_108' title='bbox 1247 1919 1426 2002; x_wconf 88' lang='lat' dir='ltr'><strong>operum,</strong></span> <span class='ocrx_word' id='word_1_109' title='bbox 1456 1883 1796 1978; x_wconf 79' lang='lat' dir='ltr'><strong>subandiendum&#39;</strong></span> 
     </span>
    </p>

    <p class='ocr_par' dir='ltr' id='par_1_7' title="bbox 247 2007 1907 2660">
     <span class='ocr_line' id='line_1_14' title="bbox 366 2007 1907 2134; baseline -0.003 -24"><span class='ocrx_word' id='word_1_110' title='bbox 366 2032 448 2110; x_wconf 87' lang='lat' dir='ltr'><strong>est:</strong></span> <span class='ocrx_word' id='word_1_111' title='bbox 475 2024 656 2108; x_wconf 87' lang='lat' dir='ltr'><strong>dicamus</strong></span> <span class='ocrx_word' id='word_1_112' title='bbox 671 2023 734 2108; x_wconf 87' lang='lat' dir='ltr'><strong>vet</strong></span> <span class='ocrx_word' id='word_1_113' title='bbox 756 2023 971 2108; x_wconf 89' lang='lat' dir='ltr'><strong>dicendum</strong></span> <span class='ocrx_word' id='word_1_114' title='bbox 996 2029 1069 2110; x_wconf 90' lang='lat' dir='ltr'><strong>est.</strong></span> <span class='ocrx_word' id='word_1_115' title='bbox 1131 2021 1410 2107; x_wconf 84' lang='lat' dir='ltr'><strong>instrumenta</strong></span> <span class='ocrx_word' id='word_1_116' title='bbox 1428 2029 1526 2108; x_wconf 88' lang='lat' dir='ltr'><strong>sunt</strong></span> <span class='ocrx_word' id='word_1_117' title='bbox 1544 2052 1606 2124; x_wconf 89' lang='lat' dir='ltr'><strong>ea,</strong></span> <span class='ocrx_word' id='word_1_118' title='bbox 1633 2023 1782 2134; x_wconf 87' lang='lat' dir='ltr'><strong>quibus</strong></span> <span class='ocrx_word' id='word_1_119' title='bbox 1868 2007 1907 2074; x_wconf 57' lang='lat'><strong>·&#39;</strong></span> 
     </span>
     <span class='ocr_line' id='line_1_15' title="bbox 247 2151 1783 2268; baseline -0.002 -27"><span class='ocrx_word' id='word_1_120' title='bbox 247 2181 250 2186; x_wconf 83' lang='lat'>·</span> <span class='ocrx_word' id='word_1_121' title='bbox 366 2156 531 2268; x_wconf 82' lang='lat' dir='ltr'><strong>aliquod</strong></span> <span class='ocrx_word' id='word_1_122' title='bbox 563 2183 666 2264; x_wconf 90' lang='lat' dir='ltr'><strong>opus</strong></span> <span class='ocrx_word' id='word_1_123' title='bbox 689 2156 913 2266; x_wconf 81' lang='lat' dir='ltr'><strong>peragitur,</strong></span> <span class='ocrx_word' id='word_1_124' title='bbox 943 2155 1059 2239; x_wconf 88' lang='lat' dir='ltr'><strong>verbi</strong></span> <span class='ocrx_word' id='word_1_125' title='bbox 1089 2151 1222 2266; x_wconf 80' lang='lat' dir='ltr'><strong>gratia</strong></span> <span class='ocrx_word' id='word_1_126' title='bbox 1254 2153 1359 2238; x_wconf 83' lang='lat' dir='ltr'><strong>fabri</strong></span> <span class='ocrx_word' id='word_1_127' title='bbox 1386 2154 1663 2241; x_wconf 89' lang='lat' dir='ltr'><strong>iustrumenta</strong></span> <span class='ocrx_word' id='word_1_128' title='bbox 1685 2161 1783 2240; x_wconf 89' lang='lat' dir='ltr'><strong>suut</strong></span> 
     </span>
     <span class='ocr_line' id='line_1_16' title="bbox 370 2285 1783 2399; baseline -0.001 -27"><span class='ocrx_word' id='word_1_129' title='bbox 370 2289 557 2392; x_wconf 83' lang='lat' dir='ltr'><strong>mallens,</strong></span> <span class='ocrx_word' id='word_1_130' title='bbox 597 2285 734 2387; x_wconf 89' lang='lat' dir='ltr'><strong>incus,</strong></span> <span class='ocrx_word' id='word_1_131' title='bbox 776 2286 972 2399; x_wconf 85' lang='lat' dir='ltr'><strong>forcipes,</strong></span> <span class='ocrx_word' id='word_1_132' title='bbox 1015 2286 1143 2388; x_wconf 81' lang='lat' dir='ltr'><strong>follis,</strong></span> <span class='ocrx_word' id='word_1_133' title='bbox 1180 2291 1293 2386; x_wconf 88' lang='lat' dir='ltr'><strong>rota,</strong></span> <span class='ocrx_word' id='word_1_134' title='bbox 1316 2285 1553 2395; x_wconf 47' lang='lat' dir='ltr'><strong>roseium)</strong></span> <span class='ocrx_word' id='word_1_135' title='bbox 1595 2287 1710 2372; x_wconf 83' lang='lat' dir='ltr'><strong>iocus</strong></span> <span class='ocrx_word' id='word_1_136' title='bbox 1741 2293 1783 2370; x_wconf 85' lang='lat' dir='ltr'><strong>et</strong></span> 
     </span>
     <span class='ocr_line' id='line_1_17' title="bbox 367 2415 1781 2534; baseline 0.001 -33"><span class='ocrx_word' id='word_1_137' title='bbox 367 2418 536 2528; x_wconf 89' lang='lat' dir='ltr'><strong>reliqua.</strong></span> <span class='ocrx_word' id='word_1_138' title='bbox 600 2415 655 2530; x_wconf 75' lang='lat' dir='ltr'><strong>Et</strong></span> <span class='ocrx_word' id='word_1_139' title='bbox 692 2418 842 2501; x_wconf 86' lang='lat' dir='ltr'><strong>iterum</strong></span> <span class='ocrx_word' id='word_1_140' title='bbox 883 2419 1032 2532; x_wconf 87' lang='lat' dir='ltr'><strong>medici</strong></span> <span class='ocrx_word' id='word_1_141' title='bbox 1071 2419 1347 2503; x_wconf 86' lang='lat' dir='ltr'><strong>iustrumenta</strong></span> <span class='ocrx_word' id='word_1_142' title='bbox 1385 2422 1484 2534; x_wconf 84' lang='lat' dir='ltr'><strong>sunt</strong></span> <span class='ocrx_word' id='word_1_143' title='bbox 1523 2417 1781 2524; x_wconf 69' lang='lat' dir='ltr'><strong>deotharium,</strong></span> 
     </span>
     <span class='ocr_line' id='line_1_18' title="bbox 368 2547 1783 2660; baseline 0.002 -31"><span class='ocrx_word' id='word_1_144' title='bbox 368 2548 644 2660; x_wconf 77' lang='lat' dir='ltr'><strong>pigmentum,</strong></span> <span class='ocrx_word' id='word_1_145' title='bbox 683 2549 948 2654; x_wconf 82' lang='lat' dir='ltr'><strong>ferramenta,</strong></span> <span class='ocrx_word' id='word_1_146' title='bbox 987 2550 1137 2660; x_wconf 85' lang='lat' dir='ltr'><strong>quibus</strong></span> <span class='ocrx_word' id='word_1_147' title='bbox 1166 2547 1331 2646; x_wconf 89' lang='lat' dir='ltr'><strong>incidit,</strong></span> <span class='ocrx_word' id='word_1_148' title='bbox 1369 2547 1580 2634; x_wconf 86' lang='lat' dir='ltr'><strong>herbarius</strong></span> <span class='ocrx_word' id='word_1_149' title='bbox 1608 2549 1713 2634; x_wconf 89' lang='lat' dir='ltr'><strong>liber</strong></span> <span class='ocrx_word' id='word_1_150' title='bbox 1741 2561 1783 2633; x_wconf 87' lang='lat' dir='ltr'><strong>ct</strong></span> 
     </span>
    </p>
   </div>
   <div class='ocr_carea' id='block_1_7' title="bbox 286 2671 1984 2922">
    <p class='ocr_par' dir='ltr' id='par_1_8' title="bbox 286 2671 1984 2922">
     <span class='ocr_line' id='line_1_19' title="bbox 286 2671 1984 2792; baseline -0.005 -22"><span class='ocrx_word' id='word_1_151' title='bbox 286 2757 291 2770; x_wconf 91' lang='lat'><em>.</em></span> <span class='ocrx_word' id='word_1_152' title='bbox 367 2680 522 2791; x_wconf 88' lang='lat' dir='ltr'><strong>reliqna</strong></span> <span class='ocrx_word' id='word_1_153' title='bbox 561 2679 624 2764; x_wconf 87' lang='lat' dir='ltr'><strong>lris</strong></span> <span class='ocrx_word' id='word_1_154' title='bbox 666 2680 835 2781; x_wconf 86' lang='lat' dir='ltr'><strong>similia,</strong></span> <span class='ocrx_word' id='word_1_155' title='bbox 881 2682 1029 2792; x_wconf 87' lang='lat' dir='ltr'><strong>quibus</strong></span> <span class='ocrx_word' id='word_1_156' title='bbox 1067 2679 1318 2764; x_wconf 85' lang='lat' dir='ltr'><strong>medicamen</strong></span> <span class='ocrx_word' id='word_1_157' title='bbox 1343 2679 1538 2764; x_wconf 79' lang='lat' dir='ltr'><strong>&#39;medicus</strong></span> <span class='ocrx_word' id='word_1_158' title='bbox 1574 2684 1779 2789; x_wconf 84' lang='lat' dir='ltr'><strong>operatur.</strong></span> <span class='ocrx_word' id='word_1_159' title='bbox 1922 2681 1925 2718; x_wconf 80' lang='lat'><strong>²</strong></span> <span class='ocrx_word' id='word_1_160' title='bbox 1977 2671 1984 2686; x_wconf 80' lang='lat'>&#39;</span> 
     </span>
     <span class='ocr_line' id='line_1_20' title="bbox 367 2801 1908 2922; baseline -0.001 -27"><span class='ocrx_word' id='word_1_161' title='bbox 367 2810 587 2919; x_wconf 62' lang='lat' dir='ltr'><strong>scriptoris</strong></span> <span class='ocrx_word' id='word_1_162' title='bbox 616 2819 752 2895; x_wconf 89' lang='lat' dir='ltr'><strong>autem</strong></span> <span class='ocrx_word' id='word_1_163' title='bbox 783 2811 1057 2896; x_wconf 87' lang='lat' dir='ltr'><strong>iustrumenta</strong></span> <span class='ocrx_word' id='word_1_164' title='bbox 1086 2801 1190 2895; x_wconf 85' lang='lat' dir='ltr'><strong>¹snut</strong></span> <span class='ocrx_word' id='word_1_165' title='bbox 1218 2838 1375 2920; x_wconf 87' lang='lat' dir='ltr'><strong>penna,</strong></span> <span class='ocrx_word' id='word_1_166' title='bbox 1414 2809 1612 2913; x_wconf 81' lang='lat' dir='ltr'><strong>calamus,</strong></span> <span class='ocrx_word' id='word_1_167' title='bbox 1654 2841 1781 2896; x_wconf 84' lang='lat' dir='ltr'><strong>scam·</strong></span> <span class='ocrx_word' id='word_1_168' title='bbox 1904 2911 1908 2922; x_wconf 31' lang='grc' dir='ltr'>Ι</span> 
     </span>
    </p>
   </div>
   <div class='ocr_carea' id='block_1_8' title="bbox 369 2932 1827 3054">
    <p class='ocr_par' dir='ltr' id='par_1_9' title="bbox 369 2932 1827 3054">
     <span class='ocr_line' id='line_1_21' title="bbox 369 2932 1827 3054; baseline 0.003 -32"><span class='ocrx_word' id='word_1_169' title='bbox 369 2932 532 3042; x_wconf 79' lang='lat' dir='ltr'><strong>nolimu,</strong></span> <span class='ocrx_word' id='word_1_170' title='bbox 562 2941 783 3041; x_wconf 85' lang='lat' dir='ltr'><strong>rasorium,</strong></span> <span class='ocrx_word' id='word_1_171' title='bbox 813 2969 983 3053; x_wconf 90' lang='lat' dir='ltr'><strong>pumex,</strong></span> <span class='ocrx_word' id='word_1_172' title='bbox 1014 2970 1264 3054; x_wconf 73' lang='lat' dir='ltr'><strong>pergamena</strong></span> <span class='ocrx_word' id='word_1_173' title='bbox 1292 2947 1334 3024; x_wconf 90' lang='lat' dir='ltr'><strong>et</strong></span> <span class='ocrx_word' id='word_1_174' title='bbox 1361 2947 1497 3026; x_wconf 87' lang='lat' dir='ltr'><strong>cetera</strong></span> <span class='ocrx_word' id='word_1_175' title='bbox 1527 2941 1591 3025; x_wconf 87' lang='lat' dir='ltr'><strong>bis</strong></span> <span class='ocrx_word' id='word_1_176' title='bbox 1618 2941 1780 3041; x_wconf 83' lang='lat' dir='ltr'><strong>airnilia,</strong></span> <span class='ocrx_word' id='word_1_177' title='bbox 1825 2963 1827 2968; x_wconf 85' lang='grc'><strong><em>·</em></strong></span> 
     </span>
    </p>
   </div>
   <div class='ocr_carea' id='block_1_9' title="bbox 367 3072 1975 3182">
    <p class='ocr_par' dir='ltr' id='par_1_10' title="bbox 367 3072 1975 3182">
     <span class='ocr_line' id='line_1_22' title="bbox 367 3072 1975 3182; baseline -0.004 -28"><span class='ocrx_word' id='word_1_178' title='bbox 367 3073 513 3182; x_wconf 83' lang='lat' dir='ltr'><strong>quibua</strong></span> <span class='ocrx_word' id='word_1_179' title='bbox 545 3074 647 3156; x_wconf 86' lang='lat' dir='ltr'><strong>liber</strong></span> <span class='ocrx_word' id='word_1_180' title='bbox 673 3073 863 3161; x_wconf 83' lang='lat' dir='ltr'><strong>ct&#39;ticitur.</strong></span> <span class='ocrx_word' id='word_1_181' title='bbox 922 3073 987 3158; x_wconf 88' lang='lat' dir='ltr'><strong>ltu</strong></span> <span class='ocrx_word' id='word_1_182' title='bbox 1016 3074 1292 3158; x_wconf 86' lang='lat' dir='ltr'><strong>iustrumenta</strong></span> <span class='ocrx_word' id='word_1_183' title='bbox 1324 3079 1422 3157; x_wconf 89' lang='lat' dir='ltr'><strong>suut</strong></span> <span class='ocrx_word' id='word_1_184' title='bbox 1449 3072 1555 3157; x_wconf 84' lang='lat' dir='ltr'><strong>servi</strong></span> <span class='ocrx_word' id='word_1_185' title='bbox 1584 3072 1659 3157; x_wconf 87' lang='lat' dir='ltr'><strong>Dei</strong></span> <span class='ocrx_word' id='word_1_186' title='bbox 1689 3101 1781 3156; x_wconf 86' lang='lat' dir='ltr'><strong>orn-</strong></span> <span class='ocrx_word' id='word_1_187' title='bbox 1922 3121 1925 3130; x_wconf 78' lang='lat'><em>‚</em></span> <span class='ocrx_word' id='word_1_188' title='bbox 1971 3077 1975 3084; x_wconf 86' lang='lat'>&#39;</span> 
     </span>
    </p>
   </div>
   <div class='ocr_carea' id='block_1_10' title="bbox 367 3202 1781 3450">
    <p class='ocr_par' dir='ltr' id='par_1_11' title="bbox 367 3202 1781 3450">
     <span class='ocr_line' id='line_1_23' title="bbox 367 3202 1781 3314; baseline 0 -28"><span class='ocrx_word' id='word_1_189' title='bbox 367 3204 519 3305; x_wconf 83' lang='lat' dir='ltr'><strong>tiones,</strong></span> <span class='ocrx_word' id='word_1_190' title='bbox 555 3203 735 3313; x_wconf 85' lang='lat' dir='ltr'><strong>jejunia,</strong></span> <span class='ocrx_word' id='word_1_191' title='bbox 778 3205 1003 3306; x_wconf 86' lang='lat' dir='ltr'><strong>nuditates,</strong></span> <span class='ocrx_word' id='word_1_192' title='bbox 1045 3202 1281 3288; x_wconf 81' lang='lat' dir='ltr'><strong>obedientia</strong></span> <span class='ocrx_word' id='word_1_193' title='bbox 1314 3205 1537 3314; x_wconf 80' lang='lat' dir='ltr'><strong>corporalia</strong></span> <span class='ocrx_word' id='word_1_194' title='bbox 1577 3209 1620 3290; x_wconf 85' lang='lat' dir='ltr'><strong>at</strong></span> <span class='ocrx_word' id='word_1_195' title='bbox 1648 3211 1781 3288; x_wconf 87' lang='lat' dir='ltr'><strong>cetera</strong></span> 
     </span>
     <span class='ocr_line' id='line_1_24' title="bbox 369 3333 1781 3450; baseline 0.001 -35"><span class='ocrx_word' id='word_1_196' title='bbox 369 3335 429 3417; x_wconf 85' lang='lat' dir='ltr'><strong>tris</strong></span> <span class='ocrx_word' id='word_1_197' title='bbox 457 3333 616 3422; x_wconf 88' lang='lat' dir='ltr'><strong>similia.</strong></span> <span class='ocrx_word' id='word_1_198' title='bbox 677 3333 732 3419; x_wconf 75' lang='lat' dir='ltr'><strong>ltu</strong></span> <span class='ocrx_word' id='word_1_199' title='bbox 761 3335 868 3419; x_wconf 85' lang='lat' dir='ltr'><strong>sicut</strong></span> <span class='ocrx_word' id='word_1_200' title='bbox 895 3337 1009 3420; x_wconf 85' lang='lat' dir='ltr'><strong>faber</strong></span> <span class='ocrx_word' id='word_1_201' title='bbox 1039 3335 1102 3421; x_wconf 89' lang='lat' dir='ltr'><strong>bis</strong></span> <span class='ocrx_word' id='word_1_202' title='bbox 1131 3335 1349 3450; x_wconf 85' lang='lat' dir='ltr'><strong>praedictis</strong></span> <span class='ocrx_word' id='word_1_203' title='bbox 1377 3335 1661 3420; x_wconf 83' lang='lat' dir='ltr'><strong>instrumentis</strong></span> <span class='ocrx_word' id='word_1_204' title='bbox 1689 3362 1781 3442; x_wconf 90' lang='lat' dir='ltr'><strong>per·</strong></span> 
     </span>
    </p>
   </div>
   <div class='ocr_carea' id='block_1_11' title="bbox 370 3463 1905 3575">
    <p class='ocr_par' dir='ltr' id='par_1_12' title="bbox 370 3463 1905 3575">
     <span class='ocr_line' id='line_1_25' title="bbox 370 3463 1905 3575; baseline -0.001 -29"><span class='ocrx_word' id='word_1_205' title='bbox 370 3464 453 3549; x_wconf 85' lang='lat' dir='ltr'><strong>ticit</strong></span> <span class='ocrx_word' id='word_1_206' title='bbox 481 3495 596 3575; x_wconf 86' lang='lat' dir='ltr'><strong>opus,</strong></span> <span class='ocrx_word' id='word_1_207' title='bbox 628 3467 653 3550; x_wconf 86' lang='lat' dir='ltr'><strong>i.</strong></span> <span class='ocrx_word' id='word_1_208' title='bbox 683 3497 716 3551; x_wconf 88' lang='lat' dir='ltr'><strong>e.</strong></span> <span class='ocrx_word' id='word_1_209' title='bbox 748 3465 935 3575; x_wconf 79' lang='lat' dir='ltr'><strong>spatham</strong></span> <span class='ocrx_word' id='word_1_210' title='bbox 966 3474 1039 3552; x_wconf 90' lang='lat' dir='ltr'><strong>uut</strong></span> <span class='ocrx_word' id='word_1_211' title='bbox 1067 3468 1269 3568; x_wconf 89' lang='lat' dir='ltr'><strong>lanceam,</strong></span> <span class='ocrx_word' id='word_1_212' title='bbox 1308 3471 1351 3550; x_wconf 86' lang='lat' dir='ltr'><strong>et</strong></span> <span class='ocrx_word' id='word_1_213' title='bbox 1377 3466 1484 3552; x_wconf 87' lang='lat' dir='ltr'><strong>sicut</strong></span> <span class='ocrx_word' id='word_1_214' title='bbox 1512 3465 1689 3551; x_wconf 85' lang='lat' dir='ltr'><strong>medicus</strong></span> <span class='ocrx_word' id='word_1_215' title='bbox 1719 3463 1781 3548; x_wconf 90' lang='lat' dir='ltr'><strong>bis</strong></span> <span class='ocrx_word' id='word_1_216' title='bbox 1902 3467 1905 3474; x_wconf 86' lang='lat'>&#39;</span> 
     </span>
    </p>
   </div>
   <div class='ocr_carea' id='block_1_12' title="bbox 366 3593 1781 3708">
    <p class='ocr_par' dir='ltr' id='par_1_13' title="bbox 366 3593 1781 3708">
     <span class='ocr_line' id='line_1_26' title="bbox 366 3593 1781 3708; baseline 0.001 -34"><span class='ocrx_word' id='word_1_217' title='bbox 366 3595 446 3678; x_wconf 82' lang='lat' dir='ltr'><strong>uuis</strong></span> <span class='ocrx_word' id='word_1_218' title='bbox 475 3595 695 3705; x_wconf 84' lang='lat' dir='ltr'><strong>praedietis</strong></span> <span class='ocrx_word' id='word_1_219' title='bbox 724 3597 1006 3682; x_wconf 85' lang='lat' dir='ltr'><strong>instrumentis</strong></span> <span class='ocrx_word' id='word_1_220' title='bbox 1044 3597 1207 3708; x_wconf 74' lang='lat' dir='ltr'><strong>peragit</strong></span> <span class='ocrx_word' id='word_1_221' title='bbox 1243 3596 1485 3701; x_wconf 77' lang='lat' dir='ltr'><strong>seruitutem,</strong></span> <span class='ocrx_word' id='word_1_222' title='bbox 1528 3603 1569 3680; x_wconf 88' lang='lat' dir='ltr'><strong>nt</strong></span> <span class='ocrx_word' id='word_1_223' title='bbox 1605 3593 1781 3706; x_wconf 88' lang='lat' dir='ltr'><strong>scriptur</strong></span> 
     </span>
    </p>
   </div>
   <div class='ocr_carea' id='block_1_13' title="bbox 367 3723 1940 3838">
    <p class='ocr_par' dir='ltr' id='par_1_14' title="bbox 367 3723 1940 3838">
     <span class='ocr_line' id='line_1_27' title="bbox 367 3723 1940 3838; baseline -0.006 -30"><span class='ocrx_word' id='word_1_224' title='bbox 367 3724 530 3826; x_wconf 84' lang='lat' dir='ltr'><strong>tibrum,</strong></span> <span class='ocrx_word' id='word_1_225' title='bbox 562 3727 620 3810; x_wconf 89' lang='lat' dir='ltr'><strong>ita</strong></span> <span class='ocrx_word' id='word_1_226' title='bbox 649 3755 788 3811; x_wconf 81' lang='lat' dir='ltr'><strong>servus</strong></span> <span class='ocrx_word' id='word_1_227' title='bbox 820 3727 895 3811; x_wconf 80' lang='lat' dir='ltr'><strong>noi</strong></span> <span class='ocrx_word' id='word_1_228' title='bbox 925 3729 1086 3836; x_wconf 85' lang='lat' dir='ltr'><strong>perticit</strong></span> <span class='ocrx_word' id='word_1_229' title='bbox 1114 3757 1162 3812; x_wconf 90' lang='lat' dir='ltr'><strong>ea</strong></span> <span class='ocrx_word' id='word_1_230' title='bbox 1191 3755 1328 3838; x_wconf 87' lang='lat' dir='ltr'><strong>opera,</strong></span> <span class='ocrx_word' id='word_1_231' title='bbox 1358 3727 1385 3812; x_wconf 90' lang='lat' dir='ltr'><strong>i.</strong></span> <span class='ocrx_word' id='word_1_232' title='bbox 1414 3755 1449 3810; x_wconf 90' lang='lat' dir='ltr'><strong>e.</strong></span> <span class='ocrx_word' id='word_1_233' title='bbox 1480 3723 1623 3827; x_wconf 85' lang='lat' dir='ltr'><strong>tidem,</strong></span> <span class='ocrx_word' id='word_1_234' title='bbox 1653 3753 1779 3834; x_wconf 79' lang='lat' dir='ltr'><strong>spem,</strong></span> <span class='ocrx_word' id='word_1_235' title='bbox 1936 3787 1940 3798; x_wconf 93' lang='lat'><em>.</em></span> 
     </span>
    </p>
   </div>
   <div class='ocr_carea' id='block_1_14' title="bbox 365 3853 1877 4501">
    <p class='ocr_par' dir='ltr' id='par_1_15' title="bbox 365 3853 1877 4501">
     <span class='ocr_line' id='line_1_28' title="bbox 366 3853 1778 3966; baseline -0.002 -28"><span class='ocrx_word' id='word_1_236' title='bbox 366 3858 578 3941; x_wconf 88' lang='lat' dir='ltr'><strong>caritatem</strong></span> <span class='ocrx_word' id='word_1_237' title='bbox 627 3865 669 3942; x_wconf 89' lang='lat' dir='ltr'><strong>et</strong></span> <span class='ocrx_word' id='word_1_238' title='bbox 713 3867 849 3945; x_wconf 89' lang='lat' dir='ltr'><strong>cetera</strong></span> <span class='ocrx_word' id='word_1_239' title='bbox 896 3859 960 3942; x_wconf 86' lang='lat' dir='ltr'><strong>bia</strong></span> <span class='ocrx_word' id='word_1_240' title='bbox 999 3859 1167 3960; x_wconf 86' lang='lat' dir='ltr'><strong>similia,</strong></span> <span class='ocrx_word' id='word_1_241' title='bbox 1209 3857 1250 3942; x_wconf 92' lang='lat' dir='ltr'><strong>in</strong></span> <span class='ocrx_word' id='word_1_242' title='bbox 1302 3857 1451 3966; x_wconf 85' lang='lat' dir='ltr'><strong>quibua</strong></span> <span class='ocrx_word' id='word_1_243' title='bbox 1490 3854 1664 3939; x_wconf 83' lang='lat' dir='ltr'><strong>seruitus</strong></span> <span class='ocrx_word' id='word_1_244' title='bbox 1708 3853 1778 3936; x_wconf 74' lang='lat' dir='ltr'><strong>noi</strong></span> 
     </span>
     <span class='ocr_line' id='line_1_29' title="bbox 367 3977 1877 4096; baseline -0.004 -27"><span class='ocrx_word' id='word_1_245' title='bbox 367 3987 673 4096; x_wconf 87' lang='lat' dir='ltr'><strong>comprobatur.</strong></span> <span class='ocrx_word' id='word_1_246' title='bbox 697 4023 704 4049; x_wconf 63' lang='lat'>⁴</span> <span class='ocrx_word' id='word_1_247' title='bbox 731 3989 787 4074; x_wconf 75' lang='lat' dir='ltr'><strong>Et</strong></span> <span class='ocrx_word' id='word_1_248' title='bbox 815 3990 923 4075; x_wconf 83' lang='lat' dir='ltr'><strong>sicut</strong></span> <span class='ocrx_word' id='word_1_249' title='bbox 952 3996 1016 4075; x_wconf 85' lang='lat' dir='ltr'><strong>cst</strong></span> <span class='ocrx_word' id='word_1_250' title='bbox 1042 3989 1227 4090; x_wconf 85' lang='lat' dir='ltr'><strong>stultum,</strong></span> <span class='ocrx_word' id='word_1_251' title='bbox 1259 3996 1306 4074; x_wconf 91' lang='lat' dir='ltr'><strong>ut</strong></span> <span class='ocrx_word' id='word_1_252' title='bbox 1328 3987 1442 4073; x_wconf 84' lang='lat' dir='ltr'><strong>inber</strong></span> <span class='ocrx_word' id='word_1_253' title='bbox 1470 3985 1561 4072; x_wconf 86' lang='lat' dir='ltr'><strong>ideo</strong></span> <span class='ocrx_word' id='word_1_254' title='bbox 1590 3990 1782 4095; x_wconf 85' lang='lat' dir='ltr'><strong>operetur</strong></span> <span class='ocrx_word' id='word_1_255' title='bbox 1873 3977 1877 3984; x_wconf 82' lang='grc'><strong>’</strong></span> 
     </span>
     <span class='ocr_line' id='line_1_30' title="bbox 367 4115 1778 4232; baseline -0.002 -32"><span class='ocrx_word' id='word_1_256' title='bbox 367 4145 481 4227; x_wconf 89' lang='lat' dir='ltr'><strong>opus,</strong></span> <span class='ocrx_word' id='word_1_257' title='bbox 510 4117 537 4204; x_wconf 88' lang='lat' dir='ltr'><strong>i.</strong></span> <span class='ocrx_word' id='word_1_258' title='bbox 567 4149 601 4203; x_wconf 90' lang='lat' dir='ltr'><strong>e.</strong></span> <span class='ocrx_word' id='word_1_259' title='bbox 631 4120 834 4232; x_wconf 85' lang='lat' dir='ltr'><strong>spatham,</strong></span> <span class='ocrx_word' id='word_1_260' title='bbox 865 4127 912 4204; x_wconf 92' lang='lat' dir='ltr'><strong>ut</strong></span> <span class='ocrx_word' id='word_1_261' title='bbox 941 4121 1092 4205; x_wconf 84' lang='lat' dir='ltr'><strong>lrabeat</strong></span> <span class='ocrx_word' id='word_1_262' title='bbox 1119 4121 1414 4219; x_wconf 84' lang='lat' dir='ltr'><strong>iustrumenta,</strong></span> <span class='ocrx_word' id='word_1_263' title='bbox 1455 4120 1481 4204; x_wconf 90' lang='lat' dir='ltr'><strong>i.</strong></span> <span class='ocrx_word' id='word_1_264' title='bbox 1511 4147 1546 4204; x_wconf 89' lang='lat' dir='ltr'><strong>e.</strong></span> <span class='ocrx_word' id='word_1_265' title='bbox 1577 4115 1778 4213; x_wconf 85' lang='lat' dir='ltr'><strong>ornilenm,</strong></span> 
     </span>
     <span class='ocr_line' id='line_1_31' title="bbox 366 4237 1778 4350; baseline -0.004 -20"><span class='ocrx_word' id='word_1_266' title='bbox 366 4237 554 4334; x_wconf 88' lang='lat' dir='ltr'><strong>incudem</strong></span> <span class='ocrx_word' id='word_1_267' title='bbox 585 4259 626 4336; x_wconf 88' lang='lat' dir='ltr'><strong>et</strong></span> <span class='ocrx_word' id='word_1_268' title='bbox 654 4257 836 4350; x_wconf 87' lang='lat' dir='ltr'><strong>caetera;</strong></span> <span class='ocrx_word' id='word_1_269' title='bbox 875 4241 941 4336; x_wconf 74' lang='lat' dir='ltr'><strong>itu¹</strong></span> <span class='ocrx_word' id='word_1_270' title='bbox 964 4252 1088 4336; x_wconf 89' lang='lat' dir='ltr'><strong>etiam</strong></span> <span class='ocrx_word' id='word_1_271' title='bbox 1128 4257 1190 4335; x_wconf 86' lang='lat' dir='ltr'><strong>est</strong></span> <span class='ocrx_word' id='word_1_272' title='bbox 1228 4251 1421 4350; x_wconf 86' lang='lat' dir='ltr'><strong>stultum,</strong></span> <span class='ocrx_word' id='word_1_273' title='bbox 1461 4247 1495 4334; x_wconf 90' lang='lat' dir='ltr'><strong>si</strong></span> <span class='ocrx_word' id='word_1_274' title='bbox 1535 4275 1674 4332; x_wconf 84' lang='lat' dir='ltr'><strong>servus</strong></span> <span class='ocrx_word' id='word_1_275' title='bbox 1707 4243 1778 4328; x_wconf 79' lang='lat' dir='ltr'><strong>bei</strong></span> 
     </span>
     <span class='ocr_line' id='line_1_32' title="bbox 365 4375 1873 4501; baseline -0.006 -38"><span class='ocrx_word' id='word_1_276' title='bbox 365 4379 456 4467; x_wconf 86' lang='lat' dir='ltr'><strong>ideo</strong></span> <span class='ocrx_word' id='word_1_277' title='bbox 485 4391 677 4501; x_wconf 84' lang='lat' dir='ltr'><strong>operetur</strong></span> <span class='ocrx_word' id='word_1_278' title='bbox 707 4375 839 4482; x_wconf 83' lang='lat' dir='ltr'><strong>tidem,</strong></span> <span class='ocrx_word' id='word_1_279' title='bbox 869 4411 996 4494; x_wconf 86' lang='lat' dir='ltr'><strong>spem,</strong></span> <span class='ocrx_word' id='word_1_280' title='bbox 1025 4385 1239 4468; x_wconf 85' lang='lat' dir='ltr'><strong>caritatem</strong></span> <span class='ocrx_word' id='word_1_281' title='bbox 1268 4387 1312 4466; x_wconf 90' lang='lat' dir='ltr'><strong>et</strong></span> <span class='ocrx_word' id='word_1_282' title='bbox 1339 4385 1500 4466; x_wconf 85' lang='lat' dir='ltr'><strong>caetera</strong></span> <span class='ocrx_word' id='word_1_283' title='bbox 1527 4379 1590 4463; x_wconf 86' lang='lat' dir='ltr'><strong>lris</strong></span> <span class='ocrx_word' id='word_1_284' title='bbox 1617 4375 1778 4472; x_wconf 85' lang='lat' dir='ltr'><strong>sinrilia,</strong></span> <span class='ocrx_word' id='word_1_285' title='bbox 1871 4451 1873 4454; x_wconf 85' lang='grc'>,</span> 
     </span>
    </p>
   </div>
   <div class='ocr_carea' id='block_1_15' title="bbox 367 4508 1962 4628">
    <p class='ocr_par' dir='ltr' id='par_1_16' title="bbox 367 4508 1962 4628">
     <span class='ocr_line' id='line_1_33' title="bbox 367 4508 1962 4628; baseline -0.01 -33"><span class='ocrx_word' id='word_1_286' title='bbox 367 4521 413 4628; x_wconf 85' lang='lat' dir='ltr'><strong>ut</strong></span> <span class='ocrx_word' id='word_1_287' title='bbox 441 4514 589 4600; x_wconf 85' lang='lat' dir='ltr'><strong>babeat</strong></span> <span class='ocrx_word' id='word_1_288' title='bbox 615 4514 891 4600; x_wconf 88' lang='lat' dir='ltr'><strong>iustrmueuta</strong></span> <span class='ocrx_word' id='word_1_289' title='bbox 917 4513 1017 4598; x_wconf 83' lang='lat' dir='ltr'><strong>artis</strong></span> <span class='ocrx_word' id='word_1_290' title='bbox 1046 4511 1264 4623; x_wconf 87' lang='lat' dir='ltr'><strong>spiritatis,</strong></span> <span class='ocrx_word' id='word_1_291' title='bbox 1293 4513 1319 4602; x_wconf 89' lang='lat' dir='ltr'><strong>i.</strong></span> <span class='ocrx_word' id='word_1_292' title='bbox 1349 4545 1383 4599; x_wconf 91' lang='lat' dir='ltr'><strong>e.</strong></span> <span class='ocrx_word' id='word_1_293' title='bbox 1409 4511 1631 4621; x_wconf 87' lang='lat' dir='ltr'><strong>jejunium,</strong></span> <span class='ocrx_word' id='word_1_294' title='bbox 1662 4508 1790 4592; x_wconf 65' lang='lat' dir='ltr'><strong>mult·</strong></span> <span class='ocrx_word' id='word_1_295' title='bbox 1834 4531 1836 4534; x_wconf 86' lang='lat'>·</span> <span class='ocrx_word' id='word_1_296' title='bbox 1959 4527 1962 4536; x_wconf 63' lang='lat'>¹</span> 
     </span>
    </p>
   </div>
   <div class='ocr_carea' id='block_1_16' title="bbox 339 4637 1910 5046">
    <p class='ocr_par' dir='ltr' id='par_1_17' title="bbox 339 4637 1910 5046">
     <span class='ocr_line' id='line_1_34' title="bbox 342 4637 1910 4766; baseline -0.006 -37"><span class='ocrx_word' id='word_1_297' title='bbox 342 4637 471 4766; x_wconf 74' lang='lat' dir='ltr'><strong>¹tate&#39;s</strong></span> <span class='ocrx_word' id='word_1_298' title='bbox 501 4653 543 4731; x_wconf 89' lang='lat' dir='ltr'><strong>et</strong></span> <span class='ocrx_word' id='word_1_299' title='bbox 572 4647 688 4757; x_wconf 86' lang='lat' dir='ltr'><strong>reliq.</strong></span> <span class='ocrx_word' id='word_1_300' title='bbox 747 4645 842 4730; x_wconf 92' lang='lat' dir='ltr'><strong>Nou</strong></span> <span class='ocrx_word' id='word_1_301' title='bbox 867 4644 977 4728; x_wconf 89' lang='lat' dir='ltr'><strong>euim</strong></span> <span class='ocrx_word' id='word_1_302' title='bbox 999 4644 1122 4729; x_wconf 88' lang='lat' dir='ltr'><strong>debet</strong></span> <span class='ocrx_word' id='word_1_303' title='bbox 1145 4645 1235 4755; x_wconf 82' lang='lat' dir='ltr'><strong>quia</strong></span> <span class='ocrx_word' id='word_1_304' title='bbox 1251 4644 1412 4754; x_wconf 86' lang='lat' dir='ltr'><strong>operari</strong></span> <span class='ocrx_word' id='word_1_305' title='bbox 1436 4642 1592 4750; x_wconf 87' lang='lat' dir='ltr'><strong>majora</strong></span> <span class='ocrx_word' id='word_1_306' title='bbox 1613 4646 1780 4750; x_wconf 88' lang='lat' dir='ltr'><strong>propter</strong></span> <span class='ocrx_word' id='word_1_307' title='bbox 1865 4659 1871 4668; x_wconf 87' lang='lat'><em>·</em></span> <span class='ocrx_word' id='word_1_308' title='bbox 1908 4689 1910 4696; x_wconf 40' lang='grc' dir='ltr'><strong><em>ι</em></strong></span> 
     </span>
     <span class='ocr_line' id='line_1_35' title="bbox 339 4771 1779 4884; baseline -0.004 -25"><span class='ocrx_word' id='word_1_309' title='bbox 339 4776 544 4882; x_wconf 84' lang='lat' dir='ltr'><strong>minora,</strong></span> <span class='ocrx_word' id='word_1_310' title='bbox 573 4773 645 4862; x_wconf 85' lang='lat' dir='ltr'><strong>aad</strong></span> <span class='ocrx_word' id='word_1_311' title='bbox 673 4777 766 4860; x_wconf 86' lang='lat' dir='ltr'><strong>ideo</strong></span> <span class='ocrx_word' id='word_1_312' title='bbox 796 4775 919 4859; x_wconf 87' lang='lat' dir='ltr'><strong>debet</strong></span> <span class='ocrx_word' id='word_1_313' title='bbox 947 4774 1106 4884; x_wconf 89' lang='lat' dir='ltr'><strong>operari</strong></span> <span class='ocrx_word' id='word_1_314' title='bbox 1135 4773 1325 4874; x_wconf 79' lang='lat' dir='ltr'><strong>minora,</strong></span> <span class='ocrx_word' id='word_1_315' title='bbox 1357 4779 1405 4858; x_wconf 88' lang='lat' dir='ltr'><strong>nt</strong></span> <span class='ocrx_word' id='word_1_316' title='bbox 1433 4771 1583 4856; x_wconf 79' lang='lat' dir='ltr'><strong>lrabeat</strong></span> <span class='ocrx_word' id='word_1_317' title='bbox 1611 4771 1779 4880; x_wconf 88' lang='lat' dir='ltr'><strong>majora.</strong></span> 
     </span>
     <span class='ocr_line' id='line_1_36' title="bbox 366 4899 1873 5046; baseline 0 -60"><span class='ocrx_word' id='word_1_318' title='bbox 366 4899 421 4987; x_wconf 71' lang='lat' dir='ltr'><strong>lar</strong></span> <span class='ocrx_word' id='word_1_319' title='bbox 448 4905 527 4992; x_wconf 90' lang='lat' dir='ltr'><strong>boc</strong></span> <span class='ocrx_word' id='word_1_320' title='bbox 556 4907 851 4992; x_wconf 88' lang='lat' dir='ltr'><strong>intendendum</strong></span> <span class='ocrx_word' id='word_1_321' title='bbox 882 4913 965 5004; x_wconf 88' lang='lat' dir='ltr'><strong>est,</strong></span> <span class='ocrx_word' id='word_1_322' title='bbox 1006 4933 1132 5016; x_wconf 87' lang='lat' dir='ltr'><strong>quara</strong></span> <span class='ocrx_word' id='word_1_323' title='bbox 1163 4904 1209 4991; x_wconf 82' lang='lat' dir='ltr'><strong>B.</strong></span> <span class='ocrx_word' id='word_1_324' title='bbox 1243 4903 1487 4989; x_wconf 82' lang='lat' dir='ltr'><strong>Benedictus</strong></span> <span class='ocrx_word' id='word_1_325' title='bbox 1523 4900 1779 5044; x_wconf 72' lang='lat' dir='ltr'><strong>sodurmnudu</strong></span> <span class='ocrx_word' id='word_1_326' title='bbox 1870 5039 1873 5046; x_wconf 26' lang='grc' dir='ltr'>Ι</span> 
     </span>
    </p>
   </div>
   <div class='ocr_carea' id='block_1_17' title="bbox 454 5185 1326 5294">
    <p class='ocr_par' dir='ltr' id='par_1_18' title="bbox 454 5185 1326 5294">
     <span class='ocr_line' id='line_1_37' title="bbox 454 5185 1326 5294; baseline -0.001 -34"><span class='ocrx_word' id='word_1_327' title='bbox 454 5189 481 5279; x_wconf 83' lang='lat'><strong>¹)</strong></span> <span class='ocrx_word' id='word_1_328' title='bbox 504 5186 632 5262; x_wconf 82' lang='lat' dir='ltr'><strong>secirra.</strong></span> <span class='ocrx_word' id='word_1_329' title='bbox 678 5189 788 5294; x_wconf 77' lang='lat' dir='ltr'><strong>Godd.</strong></span> <span class='ocrx_word' id='word_1_330' title='bbox 812 5187 979 5280; x_wconf 74' lang='lat' dir='ltr'><strong>&#39;t&#39;egerua</strong></span> <span class='ocrx_word' id='word_1_331' title='bbox 1002 5193 1040 5262; x_wconf 89' lang='lat' dir='ltr'><strong>ct</strong></span> <span class='ocrx_word' id='word_1_332' title='bbox 1063 5185 1271 5260; x_wconf 83' lang='lat' dir='ltr'><strong>ltrnranranr.</strong></span> <span class='ocrx_word' id='word_1_333' title='bbox 1324 5227 1326 5230; x_wconf 95' lang='lat'>·</span> 
     </span>
    </p>
   </div>
   <div class='ocr_carea' id='block_1_18' title="bbox 0 0 2174 5750">
    <p class='ocr_par' dir='ltr' id='par_1_19' title="bbox 0 0 2174 5750">
     <span class='ocr_line' id='line_1_38' title="bbox 0 0 2174 5750; baseline 0 0"><span class='ocrx_word' id='word_1_334' title='bbox 0 0 2174 5750; x_wconf 95' lang='lat' dir='ltr'><strong> </strong></span> 
     </span>
    </p>
   </div>
  </div>
 </body>
</html>
