3974 5778
194 231 202 272 '·
258 225 353 340 '298
449 189 505 216 '⁸
761 221 763 228 ’
883 245 973 338 cap.
992 244 1092 319 xur.

148 487 152 494 ·
187 442 196 461 ’
271 469 346 554 dut
372 489 498 574 muer
524 464 1007 572 incolumemve,
1045 494 1293 580 quemquem
1321 466 1468 553 melius
1493 466 1572 573 sit,
1609 465 1688 556 hoc

271 598 497 684 secundum
534 597 762 708 spiritalem
798 597 1121 710 intelligentiam
1160 597 1360 712 intelligi,
1399 596 1569 708 dequo
1599 599 1686 708 jem

271 729 457 840 superius
485 729 673 817 diximus.
731 729 784 818 Iu
805 729 902 850 ¹nliis
930 759 1028 817 vero
1055 729 1169 816 horis
1197 728 1289 818 idco
1322 757 1408 816 non
1438 727 1568 831 dixit,
1608 729 1688 818 dici

270 861 315 946 in
353 888 454 948 voce
490 860 598 948 hunc
637 861 867 952 cretionem
910 867 1081 973 propter
1116 861 1509 974 impossibililutcm
1550 889 1592 952 ι.
1625 890 1689 972 gr.

271 1020 367 1079 cccc
392 993 485 1105 quis
512 993 705 1082 irascitur
732 995 851 1082 fratri
887 1000 931 1079 ct
957 985 1101 1082 stetim
1129 995 1295 1080 insonet
1321 993 1489 1105 siguum
1521 993 1575 1078 nd
1603 999 1689 1082 ter·

92 1207 96 1216 .
270 1125 373 1210 tium
408 1125 473 1211 rel
509 1132 668 1212 sextum
704 1133 832 1238 utque
867 1155 1046 1227 ιιοιιιιιιις
1081 1129 1162 1214 istc
1195 1125 1293 1211 tulis
1330 1155 1415 1213 nou
1453 1131 1595 1240 potcst
1628 1125 1691 1216 iu
1797 1191 1799 1196 -

271 1254 454 1340 animum
482 1285 602 1348 sunm
637 1265 849 1363 coimus,
888 1259 1007 1343 utin
1035 1259 1126 1370 ipso
1154 1261 1312 1372 impetu
1339 1260 1490 1345 luroris
1518 1259 1689 1345 eudicus

271 1386 379 1474 hauc
406 1389 667 1500 sponsionem
696 1393 828 1501 possit
854 1393 1061 1477 dimittere
1087 1391 1231 1494 fratri,
1268 1397 1313 1477 ct
1338 1395 1394 1477 ob
1421 1391 1502 1478 hoe
1529 1390 1693 1475 duobus

271 1520 405 1604 modis
431 1526 538 1606 esset
565 1522 805 1630 culpabilis,
827 1553 930 1624 ‚uuo
959 1524 1106 1628 modo,
1146 1523 1246 1633 quic
1271 1523 1404 1609 iratus
1430 1527 1518 1626 est,
1559 1521 1691 1606 altero

156 1639 159 1647 ’
271 1679 370 1736 vero
398 1653 548 1756 modo,
579 1652 677 1764 quin
703 1655 1008 1765 transgrediens
1035 1659 1300 1765 pracceptum
1327 1653 1494 1759 regulae
1523 1661 1692 1762 propter

121 1829 126 1842 ·
200 1819 204 1826 ·
272 1781 454 1869 furorem
487 1811 609 1868 suum
645 1812 731 1872 uon
758 1785 932 1873 dimittit
967 1789 1085 1872 imtri
1122 1815 1224 1886 suo,
1266 1790 1311 1869 ct
1349 1789 1569 1894 propterea
1587 1825 1591 1832 ·
1607 1810 1691 1866 nou

273 1912 391 2020 dixit,
420 1913 513 2000 eliis
539 1914 653 2004 horis
681 1917 762 2004 dici
791 1919 1020 2004 orationem
1049 1901 1298 2018 dominicum
1327 1915 1372 2001 iu
1402 1942 1524 2016 roes,
1549 1915 1621 2000 sed
1649 1915 1692 1999 in

29 2097 33 2104 ·
163 2115 167 2124 .
272 2073 442 2160 vespere
469 2051 513 2134 ct
541 2049 770 2156 matutino,
813 2080 863 2168 uc
889 2049 926 2136 si
954 2051 1110 2140 diceret
1136 2048 1228 2136 eliis
1257 2049 1418 2134 verbius
1460 2047 1553 2134 ideo
1589 2046 1692 2152 dico,

89 2185 90 2190 ‘
195 2169 196 2174 Ν
271 2179 530 2268 solummodo
566 2181 612 2266 iu
645 2209 815 2295 vespero
842 2187 886 2270 et
913 2185 1119 2270 matutino
1145 2183 1251 2284 dici3
1292 2181 1418 2268 debes
1445 2181 1572 2267 etium
1601 2179 1694 2264 eliis

262 2311 385 2398 horis
421 2313 687 2401 reconciliare
721 2321 765 2402 tc
800 2315 921 2402 fratri
957 2323 1031 2401 tuo
1066 2323 1163 2402 ente
1200 2343 1436 2428 vesperum,
1487 2313 1559 2398 sed
1596 2313 1695 2422 quin

272 2473 359 2529 uon
387 2445 450 2529 vis
477 2452 664 2532 autnon
692 2454 812 2561 potes
840 2455 1011 2559 propter
1038 2449 1219 2564 furorem
1245 2448 1373 2534 enimi
1397 2446 1459 2531 tui
1487 2451 1586 2530 uutc
1608 2474 1694 2528 res·

68 2565 76 2580 ⁴
188 2629 191 2635 -
272 2605 419 2688 perum
447 2577 512 2664 rel
541 2579 791 2664 matutinum
819 2579 863 2664 iu
892 2607 1036 2690 pacem
1065 2580 1209 2681 redire,
1236 2581 1381 2665 saltem
1403 2607 1488 2662 nou
1511 2581 1693 2660 transeut
1762 2591 1764 2596 ’

257 2738 443 2822 -vespcrn
457 2714 502 2796 ct
514 2712 758 2817 matutinus,
779 2717 1001 2822 antequam
1018 2713 1064 2796 iu
1078 2739 1180 2823 pecc
1194 2711 1335 2796 redens
1349 2739 1444 2796 cum
1460 2711 1591 2794 fratre
1606 2711 1694 2796 tuo.
1855 2761 1860 2772 ·

386 2839 509 2930 Nunc
537 2841 760 2928 videndum
788 2849 874 2948 est,
907 2844 1116 2955 quomodo
1139 2843 1231 2954 quis
1259 2843 1410 2927 debent
1438 2839 1694 2927 reconciliari
1724 2860 1728 2868 '

90 3063 93 3072 ,
194 2985 203 3004 ’
276 2975 397 3061 fratri
424 2965 512 3060 sud.
568 2973 682 3060 Dicit
718 2975 819 3061 haec
856 2977 1061 3088 scripture
1088 2973 1262 3064 diviucz'
1297 2975 1347 3062 si
1385 2975 1524 3080 offers
1547 2997 1694 3056 ιιιιιιιιιι

116 3103 119 3110 ’
197 3125 200 3134 ’
239 3189 242 3196 ,
275 3115 388 3191 turem
427 3107 485 3192 cd
519 3105 650 3193 cltarc
687 3114 725 3192 ct
759 3107 819 3192 ibi
850 3109 1087 3192 recordatus
1109 3107 1264 3210 scurie,
1305 3107 1403 3214 quic
1436 3108 1569 3209 lrcter
1603 3109 1696 3186 tum

276 3237 391 3320 luctet
418 3235 578 3345 aliquid
605 3239 821 3324 advenum
849 3243 911 3342 tc,
951 3236 1135 3342 relinque
1172 3237 1232 3320 ibi
1269 3263 1417 3321 mrersuc
1452 3244 1564 3319 tuum
1601 3240 1695 3318 aree
1732 3287 1736 3294 ·
1886 3263 1901 3282 ··

275 3366 473 3450 alternet
499 3369 614 3471 vade,
642 3365 899 3456 reconciliari
921 3367 1051 3476 fratri
1078 3373 1157 3452 tuo.
1214 3365 1366 3453 Munus
1394 3366 1505 3450 cuim
1532 3365 1694 3450 duobus

277 3494 411 3584 modis
431 3497 713 3610 'intelligitun
741 3527 826 3588 uno
846 3499 956 3585 euim
974 3496 1098 3583 modo
1113 3496 1363 3611 intelligitur
1385 3525 1533 3584 munus
1553 3523 1697 3580 sccun-

277 3627 376 3714 dum
406 3625 608 3737 litterum,
649 3629 769 3740 penis
796 3636 841 3718 ct
867 3631 1030 3734 vinum,
1073 3629 1185 3742 quod
1214 3631 1387 3714 offertur
1413 3631 1526 3730 Deoc
1563 3626 1695 3713 altero

162 3817 164 3820 -
219 3761 223 3770 '
276 3785 374 3843 vero
418 3759 541 3852 modo
581 3759 832 3874 intelligitur
874 3759 1140 3872 spirituliter,
1181 3759 1382 3871 quidquid
1420 3759 1523 3844 boui
1561 3757 1696 3868 operis

81 3939 84 3946 ,
124 3989 137 4014 ι
244 3923 246 3932 ·
276 3887 410 3999 egeris
437 3893 609 4001 propter
637 3891 784 3996 Deum,
812 3895 841 3981 i.
869 3923 904 3980 e.
933 3893 1020 3978 sive
1048 3891 1296 3996 obedientis,
1324 3889 1583 3991 sincratio,
1611 3887 1697 3972 eive
1898 3981 1903 3988 .

270 4019 500 4133 jejunium,
528 4028 572 4107 et
597 4023 715 4135 reliq.
774 4025 941 4138 Deinde
962 4055 1093 4120 rero.·
1109 4053 1203 4110 cum
1233 4023 1312 4108 hoc
1340 4022 1431 4133 agis
1460 4024 1505 4104 et
1531 4019 1591 4104 ibi
1618 4017 1696 4101 tibi
1886 4038 1904 4143 l·

232 4143 234 4152 ’
276 4155 321 4239 in
349 4151 587 4240 memorium
615 4158 793 4262 venerit,
832 4141 938 4270 quia*
968 4157 1148 4268 peccasti
1183 4156 1230 4240 in
1265 4158 1433 4241 tratrem
1468 4159 1611 4252 tuum,
1653 4153 1695 4234 et
1759 4141 1761 4145 ’

189 4350 203 4362 .
276 4314 363 4370 ιιοιι
392 4291 509 4396 potes
535 4292 610 4372 eut
638 4288 804 4374 missum
830 4295 905 4374 eut
932 4289 1116 4375 officium
1143 4293 1221 4374 cut
1247 4289 1479 4374 orationem
1507 4290 1551 4370 et
1577 4283 1693 4392 reliq.
1726 4273 1733 4290 ’

278 4416 487 4502 dimittere
513 4424 557 4505 et
585 4421 657 4523 irc,
686 4423 943 4508 reconciliari
969 4421 1092 4508 fratri
1119 4425 1214 4522 tuo,
1243 4418 1369 4504 debes
1396 4419 1456 4502 ibi
1484 4416 1529 4502 iu
1557 4420 1696 4500 mente

276 4557 349 4633 tue
377 4549 438 4635 illi
466 4551 586 4638 lustri
615 4553 778 4641 reniam
804 4559 969 4665 petere,
1007 4553 1049 4641 h.
1077 4580 1115 4642 e.
1150 4550 1213 4636 ita
1246 4555 1290 4638 te
1327 4549 1452 4637 debes
1490 4575 1615 4661 egere
1650 4545 1694 4629 in
1729 4535 1735 4550 ’

278 4689 428 4787 mente,
457 4689 517 4788 ut,
546 4687 581 4774 si
609 4687 770 4774 adesset
797 4687 927 4772 freter
953 4685 1036 4790 illc,
1062 4686 1225 4772 renium
1249 4685 1440 4795 petissem
1467 4681 1529 4767 itu
1555 4686 1694 4766 tumen
1727 4669 1730 4674 ’

46 4897 52 4912 ,
132 4923 135 4928 Α
276 4821 373 4928 post
393 4818 713 4929 completionem
731 4821 843 4906 illius
861 4821 997 4932 operis
1017 4819 1130 4926 boui,
1156 4819 1269 4931 quod
1289 4817 1394 4931 egis,
1422 4816 1459 4903 si
1477 4811 1696 4913 inveneris,

55 4960 58 4968 ’
260 4948 401 5040 ,debe
435 4949 497 5034 illi
508 4949 541 5065 ¹)
582 4935 743 5038 ¹renium
780 4957 936 5066 pctcrc.
1000 4951 1201 5040 Similiter
1237 4951 1365 5038 etium
1400 4949 1526 5036 debes
1562 4947 1697 5034 fucere

278 5147 543 5166 ιιι-ιι*-

256 5361 258 5366 .
367 5248 395 5339 ι)
416 5243 464 5317 ab
485 5244 550 5316 ιιιο
569 5245 626 5336 (ιι
772 5211 774 5216 ’
