3994 5770
168 327 173 346 .
258 295 339 380 uu
551 227 564 410 ’ἱ
747 333 753 357 ,
891 255 1041 388 (ψ.

184 579 188 590 .
250 511 404 600 Reddit
431 504 598 602 musam
624 541 771 628 quare,
810 512 852 608 ἰ..
868 543 902 604 e.
930 522 974 600 ut
999 539 1083 602 nme·
1106 541 1183 602 suo
1208 511 1380 600 arbitrio
1406 515 1582 602 oioeutes
1607 515 1678 602 oet

252 645 473 733 desideriis
514 653 551 732 et
590 645 861 752 oolemtntidus
901 645 1147 751 obedientem
1188 651 1239 734 ut
1277 648 1389 734 euim
1428 650 1577 734 melior
1614 649 1671 734 sit

252 805 415 880 sensas,
453 777 515 862 ita
542 777 666 862 debet
693 776 796 864 diei:
835 776 865 861 i.
893 804 930 866 e.
957 782 1006 860 ot
1034 806 1118 864 uon
1153 807 1228 864 suo
1251 779 1411 890 judicio
1437 780 1577 864 vivant
1604 781 1668 864 vel
1711 801 1715 810 ’

253 909 462 994 desideriis
499 914 543 994 ot
571 906 854 1016 voluptatibus
881 907 1099 1014 obediant,
1132 909 1204 994 sed
1238 909 1340 1019 quid
1373 911 1560 1020 ladani?
1597 910 1670 994 sed

253 1038 487 1124 desiderunt
527 1037 721 1123 abbatem
766 1036 844 1120 sibi
888 1063 1074 1146 praeesse
1116 1040 1161 1124 in
1207 1039 1416 1126 coenobiis
1456 1039 1668 1156 degentes,

117 1197 119 1202 ·
252 1170 513 1284 ambulantes
540 1169 676 1256 alieno
698 1167 858 1278 judicio
887 1171 933 1254 et
960 1167 1153 1280 imperio,
1195 1199 1244 1274 ao
1270 1170 1306 1257 si
1334 1171 1507 1256 eliceret:
1548 1200 1672 1283 prop·

254 1307 367 1390 terea
396 1307 617 1416 ansgustauu
645 1301 755 1388 viam
783 1299 1011 1412 arripiunt,
1048 1301 1197 1413 quibus
1224 1301 1277 1390 ad
1308 1304 1433 1390 vitatu
1461 1309 1668 1390 aeternam

253 1435 468 1548 gradiendi
505 1465 623 1523 amor
662 1432 879 1522 incumbit.
932 1433 1120 1544 Aesyuatn
1160 1436 1229 1522 siu
1266 1441 1349 1541 est,
1387 1442 1590 1548 quantum
1617 1440 1668 1526 ud

141 1651 146 1662 ,
251 1568 585 1662 initiumattinet
598 1566 888 1671 conversionis,
909 1567 1017 1654 sieut
1030 1569 1216 1681 superius
1230 1569 1421 1658 diximus.
1474 1570 1673 1674 Artemo,

253 1703 280 1788 i.
321 1731 357 1792 e.
398 1703 657 1797 discretione,
721 1699 772 1784 ln
813 1699 892 1785 hoe
937 1700 1030 1786 loeo
1069 1685 1286 1786 ‹lesidesiis
1325 1709 1369 1786 et
1404 1701 1673 1810 uoluntatibus

224 1819 227 1823 ’
258 1835 578 1945 (voluntatibus)
606 1861 735 1918 nuum
764 1831 1015 1944 significant.
1071 1833 1252 1937 Jundieio,
1281 1835 1309 1922 i.
1334 1863 1370 1922 e.
1401 1835 1667 1936 diseretionm

171 2029 174 2036 ,
253 1965 451 2074 «tenendos,
478 1969 507 2057 i.
536 1996 572 2055 e.
601 1965 800 2066 viventes,
830 1961 1080 2052 habitantes.

235 2159 239 2170 .
365 2097 582 2210 Sequitur:
626 2096 725 2182 Siue
752 2093 873 2179 duilio
912 2095 956 2178 lei
990 2097 1094 2180 tales
1119 2095 1236 2181 illem
1262 2095 1435 2184 Domini
1461 2099 1684 2186 insilnutm'

191 2221 195 2230 ’
254 2233 506 2333 seutentiam,
533 2256 615 2336 quo
638 2227 758 2312 dicit.-
787 2225 884 2310 Nou
906 2227 996 2309 enti
1013 2231 1150 2332 lucere
1174 2227 1413 2318 eolmstotem
1430 2257 1573 2338 oneum,
1601 2233 1692 2316 sed.

210 2405 215 2415 ·
254 2361 362 2466 ejece,
390 2364 459 2468 qui
497 2360 610 2445 misit
644 2385 720 2446 enee.
777 2357 884 2456 Quid
922 2362 1007 2461 est,
1035 2359 1145 2468 qnod
1181 2359 1284 2444 dicit
1313 2358 1535 2447 Dominus:
1575 2363 1670 2448 Non

256 2495 346 2575 vend
371 2495 508 2596 fucere
535 2492 774 2574 solenitatem
801 2513 954 2580 uenam,
991 2486 1065 2572 sed
1092 2493 1200 2594 elus,
1237 2491 1309 2596 mei
1334 2491 1446 2576 misit
1473 2520 1550 2597 nte,
1577 2521 1671 2578 oum
1712 2569 1714 2574 .

257 2623 447 2706 voluutas
476 2621 572 2706 Filii
598 2646 684 2703 nou
713 2623 776 2702 ost
814 2617 947 2701 divisa
979 2647 1005 2702 u
1034 2618 1250 2704 voluntate
1279 2621 1443 2705 Patris?
1487 2621 1581 2708 Nou
1611 2627 1675 2704 est
1766 2669 1768 2674 ·
1874 2639 1884 2690 .·

256 2752 317 2836 ito
355 2750 670 2862 intelligendum
711 2749 936 2834 seeundum
978 2747 1261 2844 divinitatem.
1304 2751 1399 2856 sed,
1439 2780 1533 2838 eum
1573 2755 1675 2839 dioit

124 2950 163 2987 .,
256 2881 496 2968 volenututem
534 2908 687 2984 eteeeun,
727 2876 915 2990 intellige
950 2879 1099 2966 earnis.
1156 2879 1206 2964 ln
1235 2880 1415 2992 Domino
1442 2881 1542 2970 iesu
1571 2883 1673 2972 duas

157 3109 160 3116 ⁴
257 3020 426 3098 staturas
448 3014 663 3115 susstinens,
685 3039 809 3096 usuam
825 3008 959 3096 earnis
984 3011 1212 3096 etalteram
1228 3011 1470 3100 divinitatis.
1516 3015 1672 3099 Saeuu·
1744 3021 1747 3028 ’
1783 3019 1787 3026 ’

190 3173 193 3178 ·
257 3142 356 3226 'dum
385 3143 644 3230 divinitatem
672 3143 863 3228 voluntas
882 3139 978 3225 Filii
1006 3147 1050 3224 et
1071 3139 1316 3228 Patris'una
1343 3149 1429 3244 est3
1457 3173 1550 3228 eum
1575 3173 1672 3229 vero

259 3274 382 3359 dicit:
412 3272 509 3358 Nm
535 3275 627 3358 nessi
649 3274 787 3379 faeere
814 3269 1055 3356 aoleeutotem
1077 3297 1221 3374 stenem,
1247 3273 1322 3358 sed
1340 3275 1443 3380 ejan,
1470 3277 1540 3380 qni
1560 3276 1673 3360 neisit

257 3430 320 3486 nie
349 3433 478 3490 —ae
517 3405 552 3488 si
588 3405 764 3490 diceret:
804 3401 901 3488 Non
929 3402 1025 3487 veui
1065 3404 1199 3488 iacere
1226 3404 1484 3490 uoluntatem
1523 3408 1690 3514 cornuis,¹

258 3535 339 3621 hoo
365 3545 428 3622 ost
456 3535 713 3624 soluntatem
742 3535 922 3622 hominis
950 3535 1143 3646 suseepti,
1171 3536 1270 3648 quia
1296 3535 1484 3622 Christus
1511 3537 1565 3624 ad
1594 3537 1672 3624 luoe

259 3667 487 3768 deseendit,
528 3673 577 3754 ut
611 3669 899 3780 injuriaretur,
936 3675 1167 3780 pateretur,
1207 3670 1532 3782 crucifigeretur.
1587 3657 1706 3755 Sed‘

258 3827 354 3883 euro
381 3800 556 3884 timebat
585 3801 806 3912 flagellari,
845 3802 1039 3910 iujuriam
1066 3801 1178 3911 pati,
1219 3803 1349 3912 spinis
1376 3801 1593 3904 coronari,
1633 3809 1677 3887 et

259 3943 478 4038 propterea
505 3929 611 4014 dixit
627 3929 851 4016 Dominus:
881 3929 976 4016 Nou
998 3932 1089 4016 neni
1107 3933 1244 4036 lucere
1264 3929 1504 4016 solitututem
1529 3959 1690 4032 neonem

258 4061 332 4144 sed
360 4065 458 4170 eines,
492 4063 561 4168 qni
589 4061 701 4145 misit
727 4088 811 4162 esee,
841 4061 869 4145 i.
898 4091 933 4150 e.
963 4061 1150 4172 quamvis
1177 4089 1273 4146 earo
1295 4062 1461 4163 timeat,
1490 4061 1675 4172 quamvis
1788 4093 1791 4100 ·

260 4219 343 4276 uou
371 4191 513 4302 cupiat
534 4193 721 4276 coronari
744 4192 885 4300 spinis,
915 4197 1055 4276 tumen
1079 4218 1160 4303 ego
1180 4219 1265 4278 stou
1282 4193 1389 4295 veui,
1418 4193 1674 4279 voluntatem
1714 4193 1739 4214 ”

259 4323 347 4431 ejus
374 4323 521 4425 faeere,
550 4322 621 4407 sed
646 4323 795 4426 Petris,
823 4347 930 4434 quas
957 4321 1149 4408 voluntas
1170 4323 1306 4410 Patris
1335 4353 1361 4408 a
1388 4351 1479 4424 rusa
1507 4351 1591 4410 nou
1614 4329 1677 4406 est

194 4533 197 4540 Δ
259 4447 401 4542 dinisn.
432 4435 517 4538 'Et
544 4457 609 4540 est
634 4481 815 4552 sensum,
838 4481 923 4540 nou
950 4454 1045 4539 veui
1079 4454 1213 4541 t‘aeere
1242 4455 1497 4542 voluntatem
1527 4483 1674 4558 meam,

258 4588 330 4672 sed
359 4617 511 4691 meam,
552 4589 579 4676 'u
608 4615 645 4676 e.
673 4615 758 4673 uon
786 4587 879 4671 veni
911 4589 1044 4672 tatere
1071 4587 1328 4674 voluntatem
1356 4588 1510 4690 samis,
1552 4616 1673 4700 qnam

259 4720 441 4831 suscepi,
477 4719 549 4806 sed
577 4721 694 4821 seni,
733 4721 865 4804 lacere
893 4719 1150 4804 voluntatem
1180 4719 1410 4806 divinitatis
1438 4747 1565 4822 mese,
1594 4748 1698 4830 qua.

118 4966 124 4982 Ι
259 4851 434 4956 decrevi,
462 4879 549 4962 per-
564 4851 862 4936 humanitatem
888 4878 1020 4932 susam
1043 4850 1239 4936 muudum
1264 4853 1476 4938 redimere.
1532 4851 1697 4936 Altero-

258 4984 382 5068 modo
412 4989 551 5094 potest
576 4982 756 5092 intelligi
785 4983 865 5066 hoe
892 4981 945 5065 ad
969 5010 1112 5066 nunties
1132 4982 1389 5082 Catholioos3
1417 4983 1543 5066 homo
1567 4983 1676 5065 euim
1724 5009 1725 5014 ¹
1874 4989 1877 4996 '

260 5143 309 5198 ex
332 5114 490 5199 duabus
510 5115 752 5200 substantiis
773 5117 950 5214 coust-nt,
979 5115 1007 5203 i.
1024 5144 1059 5202 e.
1083 5113 1244 5200 ausimne
1258 5121 1303 5198 et
1323 5116 1470 5203 onus.
1526 5115 1677 5198 Anima
1730 5179 1737 5196 .

64 5233 69 5244 ’
171 5297 184 5322 0
260 5246 351 5328 stult
372 5247 582 5355 jejunium,
621 5246 794 5355 psallere
822 5254 864 5329 et
893 5247 1052 5355 opnuui
1073 5247 1126 5331 ‘et
1153 5257 1290 5331 entem
1317 5245 1541 5356 spiritaliaz
1582 5273 1679 5329 earo
