4334 5750
473 237 592 322 414
691 333 694 340 ι
789 305 793 314 ,
956 243 1039 298 ,τ’
1134 223 1293 319 canit.

288 444 291 452 ’
388 521 393 536 .
510 391 714 560 amputet
776 446 899 532 Nunc
935 473 1060 550 vcro,
1098 445 1196 554 quia
1234 443 1367 529 voluit
1407 441 1456 529 B.
1497 441 1745 560 Benedictus
1787 454 1923 533 oeten·

382 584 389 598 '
513 581 622 680 dere,
652 605 778 690 quam
800 577 948 686 ingena
967 575 1193 688 periculum
1211 575 1342 660 inetat
1361 575 1405 657 in
1429 602 1512 658 nou
1531 573 1731 658 renundo
1751 573 1921 662 tornum

393 779 398 789 .
513 709 805 818 apostolicam,
845 735 969 816 quarn
998 707 1180 790 dixerat:
1220 709 1371 810 Argue,
1398 703 1576 814 oberro,
1605 705 1784 808 iacerem,
1812 712 1855 789 et
1880 709 1921 791 ln

513 865 598 920 uon
627 838 828 923 serrendo
849 864 967 920 auum
999 833 1229 935 consilium,
1258 833 1368 940 quod
1387 832 1515 917 dixit:
1554 860 1679 946 rreqrn
1699 833 1924 920 dicairnrdet

372 1085 374 1088 Ι
506 975 674 1074 peccota
692 967 1020 1074 coruncanum,
1046 964 1141 1049 idco
1164 963 1304 1072 posuit
1331 964 1561 1072 exemplum
1581 963 1689 1064 Heli,
1718 965 1921 1050 aiteninr:

511 1125 663 1183 nrcrnor
684 1095 858 1204 periodi
877 1094 974 1180 Hcli
1001 1097 1224 1180 aocndolia
1245 1093 1295 1176 dc
1316 1093 1418 1182 Silo.
1460 1093 1566 1178 Foco
1590 1095 1702 1178 enim
1721 1095 1771 1182 B.
1801 1097 1925 1180 llene·

513 1229 648 1312 dictur
675 1227 866 1312 adhibuit
892 1225 1123 1335 exemplum
1143 1221 1252 1324 Heli,
1281 1225 1391 1335 qnod
1412 1225 1643 1336 exemplum
1666 1226 1785 1311 valde
1803 1227 1924 1314 debet

339 1387 350 1410 ·
512 1359 641 1442 abbani
670 1357 958 1467 pertimescere
985 1362 1028 1442 et
1055 1357 1381 1458 contremiscere,
1410 1385 1461 1440 ue
1484 1358 1520 1441 ei
1542 1358 1642 1442 talia
1665 1359 1926 1468 contingant,

511 1493 546 1573 si
561 1491 822 1600 negligenter
841 1517 939 1598 erga
963 1489 1256 1599 discipulorum
1277 1492 1442 1572 suorum
1459 1489 1634 1574 salutern
1657 1519 1797 1573 curarn
1813 1491 1924 1575 exbi-

513 1623 665 1710 buerit.
708 1619 802 1704 Heli
820 1621 944 1721 enirn,
960 1621 1056 1729 quia
1073 1649 1168 1723 uon,
1183 1621 1291 1706 sicut
1304 1619 1459 1726 debuit,
1481 1621 1683 1732 corripuit
1704 1623 1811 1708 filios
1832 1653 1924 1708 suos

513 1754 742 1864 proculpie,
761 1780 864 1860 quas
883 1753 1190 1859 perpetrabant,
1210 1753 1292 1862 [et]
1313 1754 1595 1863 ideogrropter
1613 1755 1741 1864 ipsam
1757 1757 1924 1840 stultam

511 1883 812 1994 indulgentium
851 1879 1002 1963 rueruit
1040 1882 1265 1990 periculum
1302 1883 1512 1968 incurrere
1545 1887 1707 1969 animae
1733 1915 1844 1986 eune,
1884 1895 1926 1971 et

513 2015 592 2123 ipsi
622 2013 709 2096 lilii-
726 2014 789 2094 sui
820 2039 903 2094 uuo
931 2011 998 2094 die.
1026 2013 1149 2096 occisi
1178 2017 1288 2112 sunt,
1317 2027 1361 2096 ot
1390 2013 1441 2098 de
1469 2015 1625 2124 populo
1654 2015 1770 2100 XXX
1799 2017 1925 2100 millia

486 2152 633 2234 'occisi
661 2157 773 2250 suut,
801 2155 844 2230 et
872 2173 967 2231 arcu
1000 2144 1163 2231 Domini
1192 2149 1315 2253 capta
1345 2151 1421 2246 ert,
1450 2151 1493 2228 et
1522 2146 1609 2254 ipse
1633 2153 1749 2229 retro
1778 2147 1925 2232 callem
2046 2153 2051 2160 ’

455 2294 465 2306 ”
511 2281 652 2366 l‘ractia
667 2276 1034 2375 cenicilnaaieut
1052 2275 1242 2376 diximus,
1263 2282 1449 2360 urortuns
1467 2295 1543 2376 est,
1568 2283 1610 2360 ct
1628 2306 1778 2361 nornen
1803 2281 1927 2388 ipsias

446 2439 447 2444 ‘
510 2413 562 2492 de
583 2409 693 2492 libro·
711 2407 819 2489 vitae
842 2407 1022 2490 deletnnr
1042 2412 1116 2494 est.
1164 2405 1214 2489 Et
1235 2415 1420 2492 econtra
1445 2407 1639 2492 l'lriuees:
1668 2409 1739 2518 qui
1765 2435 1841 2516 pro
1863 2439 1924 2511 eo,

510 2539 622 2649 qnod
646 2539 735 2621 zelo
757 2536 832 2620 Dei
861 2544 1092 2620 commotus
1120 2537 1223 2620 duos
1244 2539 1454 2622 adulteros
1472 2539 1696 2642 iuterl‘ecit,
1726 2549 1768 2622 ct
1791 2547 1923 2624 toturn

468 2704 472 2710 ·
510 2669 709 2780 populum
726 2669 779 2752 de
792 2673 854 2752 ira
868 2667 945 2751 Dei
962 2669 1165 2758 liberarit.
1209 2669 1291 2753 lste
1311 2670 1420 2754 eninr
1435 2669 1926 2780 Heliquiceciditretro,

493 2801 719 2912 ‚significat
738 2829 893 2904 ornnes,
915 2801 987 2910 qui
1006 2802 1244 2912 inpeccatis
1266 2801 1350 2884 suis
1372 2803 1617 2906 moriuntur,
1640 2803 1739 2912 qnia
1759 2831 1847 2886 rnoe
1865 2811 1926 2886 eet

255 2918 261 2928 ¹
339 3033 346 3048 ι
509 2915 738 3042 scripturae
766 2932 942 3030 divinae,
971 2931 1106 3016 dicere
1132 2940 1242 3016 retro
1269 2935 1414 3018 curlcrc
1442 2933 1548 3034 illos,
1577 2935 1719 3043 quiin
1750 2935 1926 3042 peccatis

508 3065 591 3146 airis
623 3065 865 3162 moriuntur,
896 3069 939 3146 et
967 3063 1074 3163 illos,
1101 3065 1171 3172 qni
1200 3065 1241 3147 iu
1265 3064 1522 3174 poenitentia
1541 3067 1787 3166 moriuntur,
1813 3065 1926 3166 dicit,

507 3197 551 3280 in
577 3198 726 3302 tricione
749 3195 906 3298 cadere,
934 3196 1031 3305 quia
1058 3197 1165 3278 sicut
1194 3195 1275 3298 ille,
1304 3197 1374 3304 qui
1400 3203 1513 3280 retro
1537 3196 1661 3299 cadit,
1691 3225 1773 3282 non
1803 3196 1926 3296 ridet,
2048 3299 2052 3306 ν

509 3357 592 3436 quo
614 3328 738 3429 earlit,
764 3309 809 3410 'et
837 3329 909 3437 qui
938 3326 1048 3410 aedit
1076 3328 1118 3408 iu
1148 3329 1307 3428 taciem,
1339 3327 1463 3428 ridet,
1493 3355 1577 3436 quo
1602 3328 1735 3414 cadit:
1767 3331 1825 3411 ita
1853 3327 1926 3426 illi,

394 3513 398 3522 ·
509 3463 579 3570 qni
611 3461 653 3543 in
683 3460 860 3570 peccatis
888 3459 974 3541 suis
1002 3459 1248 3556 moriuntur,
1276 3487 1359 3543 non
1389 3460 1532 3543 rident
1559 3472 1730 3570 peccata
1756 3491 1843 3546 sua.

621 3591 836 3700 Sequitur:
859 3596 897 3671 ct
919 3589 1165 3672 leorrcstiorua
1190 3590 1349 3693 qnidern
1369 3597 1487 3696 otqrre
1502 3592 1776 3700 intelligibiles
1790 3593 1926 3674 rrninro

393 3807 398 3819 ,
506 3721 647 3826 prinnr
676 3717 735 3800 ccl
763 3720 937 3802 secennio
966 3717 1239 3802 admonitione
1260 3719 1393 3804 curbis
1414 3721 1622 3827 corripiat.
1666 3719 1786 3804 Nunc
1810 3723 1925 3830 quasi

508 3853 806 3956 interrogasset
833 3847 982 3957 aliquis
1010 3849 1053 3933 S.
1085 3848 1353 3932 Benedictunr
1385 3851 1548 3935 dicens:
1579 3849 1684 3935 Ecce
1707 3851 1830 3933 Pater
1849 3851 1926 3934 Be·

509 3979 691 4079 indicte,
733 3979 831 4085 quia
868 3977 1017 4062 dedisti
1055 3980 1286 4086 exemplum
1324 3979 1443 4080 Heli,
1481 4008 1591 4065 nunc
1629 3993 1843 4091 optumae,
1880 3985 1926 4062 ut

508 4111 632 4208 dicas,
677 4109 855 4218 qualiter
892 4110 1043 4194 debeat
1079 4111 1207 4194 abbas
1247 4113 1357 4196 istud
1396 4111 1622 4221 periculum
1662 4113 1812 4206 niterer
1856 4110 1926 4192 illc
2043 4139 2047 4148 ’

508 4245 646 4353 [vero]
690 4244 805 4350 quasi
845 4243 1095 4352 respondeus
1129 4243 1252 4329 dicit:
1297 4243 1564 4328 Honestiores
1600 4243 1765 4354 quidem
1802 4251 1926 4352 atque

506 4372 793 4482 intelligibiles
829 4373 968 4456 animo
1005 4375 1263 4484 corripiendo
1305 4379 1437 4484 prima
1473 4375 1537 4458 rel
1572 4375 1751 4458 securnla
1787 4376 1926 4460 aduro·

509 4506 668 4588 uitione
688 4495 845 4604 uerbi,
887 4505 1096 4612 improbos
1131 4512 1270 4590 autem
1313 4515 1356 4589 et
1384 4507 1508 4590 duros
1548 4536 1596 4589 ac
1626 4509 1827 4614 serperbos
1863 4505 1925 4586 rel

508 4635 793 4720 inobedientes
848 4637 1058 4720 verberum
1103 4639 1164 4722 rel
1211 4638 1397 4748 corporis
1438 4638 1713 4748 castigatione
1747 4639 1791 4720 in
1836 4639 1927 4746 ipso

449 4853 452 4856 .
506 4768 628 4851 initio
657 4757 815 4876 monti
844 4771 1083 4856 cffiroernlo.
1152 4769 1366 4854 l'crlrcrnnr
1394 4769 1593 4882 attinet¹)
1621 4771 1673 4853 ad
1703 4769 1927 4882 flagellant,

486 4899 726 5007 ¹castigatio
752 4902 937 5010 corporis
963 4901 1117 4984 attinet
1155 4905 1208 4988 ad
1239 4903 1447 5014 flagellum
1491 4906 1613 4988 etad
1645 4901 1926 4988 excommnni-

511 5089 761 5103 ffl-

482 5181 487 5286 ζ
566 5161 622 5276 ³¹¹)
645 5186 790 5256 uerbera
814 5185 982 5259 attinent,
1028 5187 1112 5256 llrnl.
1140 5187 1348 5258 llunnurnnr.
1416 5273 1418 5278 Ι
