3968 5774
839 261 924 360 Cap.
950 263 1128 342 xxxvn.
1289 279 1352 376 ,l
1433 319 1434 324 =
1604 277 1684 364 417

215 521 218 526 ·
274 511 394 594 quam
423 481 620 586 insontia,
659 482 757 593 qnia
785 488 828 569 et
866 485 1019 588 infans,
1059 485 1093 571 si
1128 517 1212 573 non
1254 487 1404 574 hebeat·
1447 491 1684 592 necessaria,

275 614 403 698 nescit
444 641 721 716 murmurare,
761 620 948 699 secrecius
988 645 1084 700 vero
1123 617 1202 702 scit
1238 635 1503 710 murmurare.
1573 621 1686 706 Bene

274 772 371 856 ergo
401 745 512 854 prius
540 743 641 826 dicit
667 771 783 827 senes
812 749 854 828 et
883 753 1035 856 postea·
1052 747 1241 850 infantes,
1274 758 1321 832 ut
1351 753 1481 860 trojus
1499 751 1681 838 studium

273 880 326 961 sit
353 877 403 960 de
432 876 597 960 senibus
627 903 751 982 quam
780 876 1109 980 deminutione,
1150 886 1197 962 nt
1226 879 1259 963 si
1289 880 1487 967 ‹leflcinut
1518 885 1685 984 virtuto,

274 1005 481 1114 accipiant
508 1003 631 1088 etin-m
662 1003 856 1088 virtutem
886 1033 958 1114 per
986 1007 1145 1108 cibum,
1174 1015 1215 1092 et
1245 1037 1294 1092 ue
1324 1011 1413 1114 ille,
1443 1013 1512 1122 qui
1545 1015 1685 1097 multis

273 1137 391 1220 aruris
421 1135 597 1220 Domino
638 1135 825 1237 servivit,
855 1141 950 1245 post
978 1163 1050 1244 per
1087 1140 1249 1247 culpam
1288 1139 1462 1224 alienum
1502 1171 1686 1226 unumu-

274 1273 387 1352 rator
417 1265 568 1351 existat
597 1270 639 1350 et
669 1267 826 1374 perdat,
856 1267 966 1376 qnod
995 1273 1093 1351 ante
1113 1268 1251 1352 labore
1273 1263 1503 1380 acquisivit.
1546 1273 1684 1358 Scien-

272 1401 368 1483 dum
398 1397 621 1501 ostentui,
651 1398 746 1506 quia
775 1397 817 1481 iu
849 1398 1020 1483 Francia
1048 1399 1301 1484 cousuetudo
1331 1408 1413 1509 est,
1445 1412 1492 1488 ut
1520 1407 1683 1488 infirmo
1790 1429 1794 1438 ·

274 1529 517 1613 umuducare
545 1556 707 1612 caruem
737 1529 864 1612 obbas
892 1527 1098 1612 licentiam
1128 1556 1209 1610 non
1239 1529 1428 1638 largitur,
1458 1539 1678 1642 antequam

271 1656 441 1764 incipiat
477 1657 741 1766 expasore‚¹)
783 1667 825 1741 ct
853 1665 1011 1768 postea,
1053 1687 1143 1742 curn
1184 1661 1374 1765 illidat,
1415 1664 1684 1762 tmndiudut,

271 1786 524 1895 usquedum
564 1788 777 1896 perveniat
804 1788 855 1872 ad
894 1789 1087 1898 pristinae
1129 1789 1245 1872 viros.
1301 1789 1466 1874 ‘Deinde
1494 1819 1585 1875 curu
1616 1792 1684 1874 illo

271 1917 455 2000 infirmus
503 1919 724 2002 revertitur
765 1919 816 2002 de
858 1918 981 2005 domo
1030 1922 1284 2004 intirmorum
1328 1921 1369 2003 iu
1423 1922 1683 2006 refectorium
1746 1913 1747 1916 Ὺ

272 2047 538 2149 manducare,
582 2053 682 2133 tnnc
711 2056 928 2160 praeparat
957 2047 992 2134 ei
1029 2049 1262 2135 cellerarius
1299 2053 1485 2160 quamvis
1522 2079 1602 2134 non
1634 2052 1683 2135 de

276 2206 418 2280 carne,
457 2181 594 2262 tamen
624 2178 769 2263 melius
798 2207 920 2290 quarn
949 2179 1038 2264 aliis
1076 2181 1184 2267 sonis
1214 2182 1479 2285 manducare,
1518 2180 1595 2266 hoc
1623 2189 1686 2266 est

270 2315 343 2394 aut
382 2308 510 2418 pisces
549 2316 622 2392 ant
664 2309 830 2420 aliquod
859 2312 1115 2420 pulmentum
1154 2323 1226 2422 pe'r
1263 2313 1363 2396 duos
1394 2312 1457 2395 vol
1486 2319 1570 2396 tres
1598 2312 1683 2395 dies
1770 2345 1772 2348 ·

219 2532 223 2541 ,
271 2445 343 2523 unt
371 2445 549 2548 quotuor
579 2440 642 2523 rel
672 2441 875 2552 quinque,
906 2441 1001 2550 quin
1031 2470 1113 2524 uon
1145 2469 1231 2526 esse
1262 2443 1414 2526 boumn
1444 2443 1607 2540 (licent,
1636 2448 1683 2524 ut

270 2571 408 2656 statim
451 2580 545 2683 post
584 2569 746 2656 caruem
789 2570 993 2654 dimissum
1030 2571 1249 2654 ‹lescendat
1286 2572 1337 2655 ad
1378 2571 1494 2656 illum
1533 2571 1681 2670 cibum,

270 2705 340 2814 qni
374 2705 429 2789 sit
457 2703 619 2815 corpori
649 2703 842 2800 nocivus,
883 2702 952 2783 sed
982 2704 1186 2812 grnrlatinr
1226 2703 1467 2809 descendat,
1497 2704 1683 2813 eoquod

271 2846 392 2921 uocet
419 2837 634 2921 subitanea
668 2832 850 2916 ciborum
890 2836 1089 2935 uiolatio,
1118 2841 1161 2918 et
1189 2835 1259 2920 ille
1287 2835 1434 2948 frater,
1465 2836 1535 2943 qui
1564 2835 1678 2918 iulii·-

270 2998 358 3054 rnus
387 2969 479 3072 fuit,
511 2975 654 3080 postea
684 2964 815 3076 magis
844 2965 991 3076 diligat
1020 2969 1209 3076 priorem,
1240 2969 1273 3052 si
1304 2967 1430 3052 itaci
1459 2964 1679 3076 diligenter

268 3109 392 3214 atque
428 3101 609 3184 studiose
650 3097 928 3182 ministratum
967 3098 1102 3184 fuerit.
1163 3099 1314 3184 lterum
1350 3098 1571 3182 videndum
1606 3103 1677 3197 cst,
1770 3151 1772 3154 -

269 3261 395 3344 quare
431 3233 473 3318 S.
509 3231 756 3316 Benedictus
790 3228 931 3338 junxit
964 3257 1079 3314 senes
1116 3261 1207 3316 cum
1245 3231 1507 3314 iurantibus?
1564 3229 1679 3329 Quia,

268 3366 374 3450 sicut
403 3365 545 3448 dicunt
575 3361 746 3473 physici,
775 3361 970 3445 convenit
991 3362 1067 3444 sibi
1088 3371 1200 3447 uetus
1224 3361 1430 3446 intuitum
1456 3367 1497 3446 et
1520 3390 1675 3462 senum,

267 3523 315 3578 eo
344 3496 456 3604 quod
485 3496 592 3578 sicut
623 3493 802 3575 infantes
831 3499 1034 3594 crescunt,
1063 3493 1123 3575 ita
1151 3519 1266 3576 senes
1296 3493 1549 3580 decrescunt.
1588 3492 1679 3576 Hoc

210 3733 212 3737 ι
268 3627 392 3711 etiarn
419 3623 829 3711 animadvertendum
859 3629 941 3723 est,
973 3620 1067 3731 qnia
1097 3651 1179 3706 non
1210 3619 1366 3705 habent
1395 3651 1517 3716 unam
1547 3604 1680 3732 qualiss

267 3763 394 3841 tatem
430 3755 582 3840 infirmi
627 3761 670 3837 et
705 3779 820 3836 senes
858 3759 982 3862 atque
1018 3753 1208 3838 infantes.
1267 3751 1365 3836 Ideo
1396 3752 1676 3852 necessaium,
1734 3831 1736 3836 ,
1850 3763 1853 3770 ’

268 3893 314 3970 nt
341 3887 449 3972 sient
476 3885 526 3970 de
554 3885 749 3986 infirmis,
779 3884 838 3967 itu
867 3882 989 3966 etiarn
1020 3882 1071 3967 de
1108 3879 1188 3966 illis
1225 3881 1358 3992 legem
1399 3882 1678 3969 constitueret.
1745 3959 1748 3966 .

269 4017 381 4102 Dicit
409 4021 544 4103 euim:
577 4017 688 4102 Licet
717 4017 811 4124 ipsa
838 4019 1011 4115 rectura,
1044 4039 1184 4098 scrrruu
1211 4013 1389 4099 uidelicet
1416 4021 1452 4096 et
1479 4013 1679 4117 insontum
1725 4063 1729 4079 ·

267 4156 309 4234 et
338 4151 410 4238 rel.
440 4195 493 4212 -
522 4177 570 4234 ac
598 4149 632 4232 si
662 4147 838 4233 diceret:
895 4144 1087 4244 eramvis
1116 4145 1204 4254 ipsa
1232 4151 1379 4230 natura
1407 4173 1676 4256 provocemur

179 4391 180 4396 Ν
267 4284 317 4367 ad
348 4283 688 4381 misericordiam,
719 4286 858 4364 tamen
887 4284 930 4362 et
956 4277 1182 4390 auctoritas
1212 4278 1378 4387 regulae
1408 4306 1433 4362 a
1461 4305 1527 4359 rue
1555 4304 1679 4385 expo·
1729 4277 1732 4284 ’
1763 4307 1765 4312 ·

267 4413 369 4499 sitae
406 4415 448 4499 in
487 4415 545 4500 eis
574 4410 821 4527 prospiciat,
851 4410 877 4498 i.
909 4439 946 4494 e.
975 4409 1232 4511 consideret,
1273 4415 1315 4492 et
1352 4408 1712 4494 imbecillitatem
1758 4463 1760 4468 -

268 4547 482 4631 amborum
510 4545 714 4633 intendat.
756 4543 813 4628 Et
831 4545 935 4628 bene
963 4540 1070 4626 dixit
1092 4539 1164 4624 has
1185 4539 1285 4624 duas
1304 4545 1458 4624 aetates
1481 4539 1677 4640 insimul,
1736 4585 1739 4594 ·

267 4674 363 4787 quia
399 4677 506 4764 sicut
534 4675 692 4790 physici
722 4675 889 4780 dicunt,
930 4673 972 4757 in
1002 4671 1230 4757 infantibus
1269 4670 1435 4782 sanguis
1463 4670 1609 4756 crescit
1638 4677 1680 4754 et

221 4912 224 4918 ,
266 4807 309 4892 in
337 4809 503 4894 senibus
532 4807 742 4896 minuitur.
788 4807 843 4892 llt
869 4805 975 4893 sicut
1003 4805 1044 4889 in
1069 4802 1299 4888 inimitibus
1320 4801 1515 4887 vivacitas
1538 4830 1680 4887 sensns

266 4939 412 5024 crescit
448 4943 619 5052 propter
653 4936 1035 5052 augmentationem
1074 4924 1310 5044 sauguinis,
1339 4931 1399 5018 itu
1427 4937 1471 5018 et
1497 4933 1540 5017 in
1571 4933 1680 5016 sorri-

354 5224 382 5313 ¹)
405 5163 609 5316 expensare.
655 5221 740 5295 Cod.
764 5217 898 5294 rtrum.
1436 5305 1439 5312 ¹

220 5321 229 5340 ⁴
330 5345 522 5411 innumerae,
539 5345 691 5411 erpuino
708 5345 834 5409 ηςιιιι..
1367 5331 1420 5418 27

1772 5087 1788 5128 t
