3994 5770
211 203 289 290 190
836 199 923 294 cup.
945 199 1001 274 V.

205 423 279 507 mr
305 419 444 506 frater.
461 419 629 534 qnidam
655 418 769 506 inter
795 449 885 522 nos,
912 421 984 532 qni
1012 420 1186 507 derotns
1207 426 1273 506 est
1299 419 1420 506 valde
1439 417 1620 505 Domino
1710 530 1711 533 Ν

204 553 439 661 adjuvaute,
467 553 538 637 sed
564 553 691 639 habet
710 553 755 637 in
773 553 898 638 corde
918 553 1192 664 cogitationes
1209 553 1360 652 malas:
1388 559 1490 659 opto
1517 551 1621 634 cori·

205 689 333 768 tatem
372 691 571 790 vestram,
612 691 662 769 ut
689 713 766 796 pro
793 683 866 768 illo
894 683 1124 796 dignemini
1156 713 1295 788 orare,
1334 686 1384 766 nt
1420 679 1623 766 Dominus

204 814 366 898 unierat
393 814 522 899 malus
549 815 824 924 cogitationes
851 815 902 896 de
929 815 1052 898 corde
1079 817 1180 923 ejus.
1353 851 1359 861 ·

315 941 534 1052 Sequitur:
576 941 644 1028 Dc
679 943 825 1050 quibus
863 941 1070 1028 Dominus
1110 946 1234 1030 dicit:
1273 943 1466 1030 obauditu
1504 947 1622 1030 nuris

205 1072 408 1156 oborrdiuit
434 1073 556 1176 milri,
586 1073 705 1180 qnasi
732 1075 911 1160 diceret:
950 1072 1012 1156 illi
1041 1073 1226 1166 nesciant
1254 1103 1411 1158 morem
1439 1077 1542 1184 pati,
1569 1077 1622 1161 de

168 1247 171 1254 ,
206 1203 356 1314 quibus
378 1201 579 1292 Dominus
601 1202 724 1287 dicit:
757 1201 961 1288 obauditu
988 1204 1107 1286 oreris
1133 1203 1338 1286 morrdicit
1360 1205 1474 1292 milri.
1516 1205 1621 1306 Hoc,

57 1377 62 1388 ·
205 1334 317 1443 qnod
346 1333 448 1417 dicit
468 1332 682 1434 Dominus,
711 1333 988 1444 degentibus
1017 1333 1132 1434 dicit,
1160 1335 1278 1444 qnasi
1305 1333 1483 1420 diceret:
1513 1335 1625 1420 Gen·

206 1465 299 1548 tiles
327 1493 410 1550 nou
438 1491 504 1546 me
531 1464 725 1551 viderunt
753 1464 950 1552 miracula
978 1466 1218 1568 facientem,
1256 1493 1341 1549 nou
1370 1467 1518 1574 signu,
1551 1466 1623 1550 sed

206 1596 465 1683 solummodo
494 1596 638 1680 auditu
667 1597 777 1682 auris
804 1597 1050 1683 obedierunt
1078 1595 1191 1680 mihi.
1251 1595 1315 1678 lta
1352 1600 1395 1679 ct
1432 1596 1624 1680 monachi

205 1732 361 1839 absque
389 1727 638 1813 discussione
672 1728 826 1813 debent
861 1727 1056 1828 obedire,
1095 1727 1193 1836 quia
1220 1729 1292 1837 qni
1308 1755 1346 1810 a
1374 1729 1624 1813 discussione
1672 1823 1681 1834 ·
1852 1706 1862 1770 1

206 1860 412 1972 coeperit,
452 1888 537 1944 non
575 1860 656 1944 erit
692 1861 894 1970 perlectus
922 1859 965 1944 in
995 1859 1091 1945 fidei
1118 1857 1367 1946 obedientia
1424 1858 1619 1944 Gentium

205 1995 372 2105 agilitas
407 2023 433 2076 a
461 1992 641 2077 Domino
678 1993 722 2076 iu
758 1991 838 2078 hoc
873 1992 965 2079 loco
1002 1991 1216 2092 laudatur,
1257 1990 1318 2075 itu
1354 1996 1398 2075 et
1433 1991 1625 2074 monachi

208 2125 457 2212 obedientia.

320 2253 536 2364 Sequitur:
578 2261 615 2337 ct
652 2257 799 2340 iterrrm
847 2255 947 2339 dicit
984 2253 1231 2339 doctoribus:
1276 2253 1355 2358 Qui
1388 2280 1459 2338 uos
1497 2258 1626 2356 erodit,

207 2413 272 2470 mc
299 2385 426 2470 credit.
487 2381 576 2470 Hoc
604 2386 715 2469 enim
747 2384 971 2486 Dominus,
1015 2412 1110 2467 cnm
1139 2383 1251 2466 misit
1280 2384 1504 2493 discipulos
1531 2411 1627 2469 suos

207 2514 454 2625 praedicare,
484 2512 602 2598 dixit.
660 2515 990 2601 consolationem
1019 2521 1062 2598 et
1089 2511 1345 2596 coercionem
1373 2515 1489 2597 dedit
1510 2514 1627 2598 andi·

208 2645 393 2746 toribus,
435 2671 529 2726 cnm
558 2645 681 2730 dicit:
728 2646 807 2748 Qui
833 2671 903 2728 cos
930 2645 1066 2744 ondit,
1109 2671 1172 2726 mo
1197 2643 1336 2744 credit,
1378 2651 1415 2726 et
1447 2649 1520 2749 qui
1556 2669 1627 2727 cos

206 2775 374 2880 sprerunt,
402 2801 465 2856 rore
482 2776 650 2878 spernit,
679 2801 727 2858 ac
756 2777 790 2857 si
819 2775 997 2860 diceret:
1027 2763 1170 2858 Sciunt
1192 2774 1401 2860 auditores
1429 2784 1472 2858 et
1499 2774 1625 2858 iutel-

116 2921 142 3008 ,⁸
208 2906 365 3015 ligant,
408 2904 505 3012 qnia
540 2934 634 2989 cum
678 2905 979 3016 praedicatores
1015 2933 1126 2988 rneos
1165 2905 1363 3006 audiunt,
1406 2933 1489 2989 nou
1531 2906 1625 2990 illos

208 3037 408 3139 audiunt,
446 3036 517 3119 sed
553 3065 631 3120 rue.
689 3037 745 3121 Et
782 3066 874 3121 cum
913 3036 1040 3124 dicit:
1086 3037 1165 3142 Qui
1197 3062 1268 3121 cos
1304 3037 1484 3141 spernit,
1522 3064 1625 3136 cone

121 3194 124 3201 ’
208 3169 380 3278 stringit
406 3171 451 3250 et
478 3173 641 3253 coercet
667 3184 710 3252 et
737 3172 928 3254 timorem
957 3170 1040 3253 illis
1066 3171 1241 3254 incutit:
1283 3168 1406 3278 quia,
1444 3168 1481 3249 si
1509 3195 1626 3278 prae·
1661 3275 1663 3278 Ι

210 3300 412 3383 dicatores
440 3327 553 3380 meos
581 3301 836 3409 spreverint,
866 3281 950 3384 nou
977 3301 1072 3385 illos
1100 3299 1352 3410 despiciunt,
1391 3299 1462 3382 sed
1491 3299 1626 3382 mein

99 3515 102 3520 ,
209 3429 291 3514 illis
320 3429 563 3539 despiciunt.
621 3427 743 3513 Unde
773 3433 972 3517 Dominus
1011 3433 1113 3516 dicit
1148 3433 1199 3516 ml
1230 3430 1419 3534 Samuel,
1459 3431 1626 3540 qnando

102 3553 103 3558 Ν
210 3560 388 3670 populus
405 3559 573 3645 nolebat
588 3589 681 3645 enm
702 3562 928 3674 principem
950 3564 1116 3664 habere,
1134 3563 1205 3648 sed
1220 3563 1446 3673 quaerebat
1461 3587 1625 3672 regem:

113 3749 115 3754 2
201 3691 325 3811 ‚Audi
358 3717 488 3777 oocnn
520 3689 666 3797 populi
704 3694 748 3776 iu
786 3695 995 3797 mucoribus,
1021 3682 1139 3802 'quur
1165 3693 1378 3801 loquuntur
1404 3694 1504 3796 riou
1545 3717 1626 3776 orm:

211 3825 317 3907 urim
346 3831 383 3906 tc
410 3821 650 3928 objecerunt,
678 3825 753 3909 sed
777 3851 853 3930 nro,
880 3857 930 3913 uc
953 3854 1115 3938 repono
1133 3853 1258 3932 snpm
1275 3851 1356 3914 cos.
1399 3825 1455 3908 lit
1476 3825 1624 3908 iterum

98 3965 102 3972 '
211 3983 404 4066 magnam
446 3955 770 4040 consolationem
808 3957 935 4074 dedit·
957 3961 1305 4070 praedicatoribus
1345 3963 1472 4066 atquc
1509 3961 1625 4040 cne‘r·
1700 4057 1725 4071 „
1769 4065 1772 4072 ἢ

210 4086 399 4170 cionem·
425 4085 687 4174 Codrcionern
716 4115 826 4193 vero,
856 4096 917 4196 nt,
945 4092 978 4176 si
1002 4120 1046 4177 se
1072 4090 1342 4204 cognoverint
1366 4087 1512 4188 audiri,
1542 4115 1628 4170 non
1671 4143 1677 4154 ·
1746 4101 1754 4118 ⁸

198 4244 256 4300 se
283 4215 456 4318 elevent,
484 4221 580 4327 quia
610 4248 692 4302 uon
720 4247 764 4303 se
792 4220 864 4303 sni
882 4222 1102 4323 auditores,
1136 4221 1207 4304 sed
1237 4249 1301 4306 mc
1329 4220 1373 4303 in
1401 4218 1483 4302 illis
1508 4216 1626 4300 audi·

212 4350 311 4444 unt:
344 4353 387 4430 et
414 4347 561 4430 iterum
592 4348 675 4433 illis
699 4350 1022 4435 consolationem
1044 4350 1171 4452 dedit,
1200 4359 1248 4434 ut
1270 4353 1304 4435 si
1325 4349 1453 4459 spreti
1475 4347 1628 4431 inerint

211 4476 266 4562 ab
293 4476 571 4582 auditoribus,
613 4508 697 4564 non
726 4481 975 4582 irascantur,
1015 4509 1101 4565 nou
1128 4483 1419 4594 indignentur,
1459 4480 1556 4590 quia
1584 4505 1628 4560 se

163 4616 172 4641 ⁶
213 4638 297 4696 nou
326 4615 539 4720 spernunt,
566 4612 639 4696 sed
666 4642 732 4698 me
762 4612 928 4701 inillis.

179 4801 180 4805 κ
324 4740 555 4856 Sequitur:
583 4739 697 4853 Erqo
726 4745 770 4829 In*
795 4751 898 4829 tates
924 4743 1192 4854 relinquentes
1218 4747 1385 4847 statiuis,
1420 4769 1523 4849 quoe
1549 4767 1628 4826 suo

209 4869 326 4980 ἐιιηι,
363 4879 401 4958 et
439 4867 681 4961 volcentatem
712 4878 930 4982 proprioru
974 4877 1199 4962 desncutos
1236 4903 1331 4962 moa
1373 4877 1628 4982 croonrpotis

213 5007 403 5091 umoribus
443 5011 480 5088 ct
514 5007 620 5114 quod
659 5007 831 5116 coelunt
865 5011 1140 5116 inperfectum
1166 5009 1458 5116 relinquentes,
1495 5009 1627 5092 uicino

214 5138 459 5225 obedieutiae
478 5141 585 5244 pede
600 5137 783 5246 jubentis
813 5166 945 5225 cornu
967 5141 1093 5246 luctis
1118 5149 1352 5250 sequuntur.
1394 5143 1495 5231 Cum
1527 5139 1627 5222 dicit
