3994 5770
876 358 959 450 (lup.
983 355 1062 431 Vll.
1593 349 1675 452 2'53
1792 345 1795 352 ’

263 589 313 673 de
340 581 500 696 uirgine
529 581 841 694 genitussum,
884 590 927 670 et
963 611 1046 667 non
1082 581 1226 686 bomo,
1267 585 1294 671 i.
1323 617 1358 672 e.
1387 585 1508 672 sicuti
1536 587 1674 691 bomo,

262 717 401 832 quiin
430 714 715 826 iniquitatibus
745 721 965 827 conceptus
996 721 1058 800 est
1086 721 1129 799 et
1156 715 1198 799 iu
1227 717 1560 832 peccatisuutus.

372 847 582 960 Sequitur:
623 845 882 954 opprobrium
922 847 1126 933 leosnimen
1164 855 1200 932 et
1229 851 1395 956 celrjeetu'o
1419 851 1562 956 plebis.
1620 852 1674 936 Et

262 987 337 1071 hoc
378 980 429 1066 ad
463 979 669 1066 Christum
716 981 821 1065 benc
857 981 1028 1081 attinet,
1067 979 1162 1090 quia
1190 978 1389 1066 Christus
1412 983 1558 1097 [enim]
1596 1015 1677 1096 pro

262 1119 390 1206 salute
418 1121 561 1200 nostra
590 1112 856 1222 opprobrium
887 1111 966 1198 luit
995 1111 1205 1196 homiuum
1249 1121 1291 1199 et
1324 1115 1501 1223 abjectio
1530 1118 1671 1228 plebis.

262 1251 377 1335 'lunc
404 1252 542 1332 antem
573 1246 653 1330 fuit
681 1244 947 1356 opprobrium
981 1242 1218 1348 hominnm,
1258 1246 1421 1358 quaudo
1459 1248 1496 1331 ci
1525 1247 1671 1332 ludaei
1734 1335 1742 1366 ⁸

262 1411 336 1495 pro
364 1378 490 1464 nimiu
519 1377 780 1490 despectione
808 1376 1063 1486 exspuebant
1091 1378 1136 1460 in
1166 1379 1334 1479 tieciem3
1375 1387 1418 1464 et
1456 1387 1555 1463 tuuc
1594 1381 1673 1464 fuit

261 1513 435 1618 abjectio
459 1510 601 1620 plebis,
631 1509 797 1620 quaudo
817 1511 1078 1620 projecerunt
1098 1516 1140 1594 et
1156 1513 1397 1619 abjecerunt
1416 1540 1507 1596 eum
1523 1511 1549 1596 J
1554 1511 1669 1596 udaei
1690 1505 1691 1508 ‘

261 1646 461 1730 dieentes:
495 1639 639 1728 Jesum
667 1641 852 1746 cruc-ilipa
879 1648 917 1725 et
944 1641 1182 1727 Burrulmm
1211 1643 1325 1727 erotis
1348 1643 1519 1744 alieuius.
1578 1641 1670 1726 lloe

264 1775 385 1859 ctiam
416 1773 518 1856 bene
544 1771 696 1855 attinet
724 1769 773 1854 ad
808 1771 1043 1872 eumachus,
1073 1775 1184 1880 ‹lirod
1213 1773 1335 1858 dicit:
1367 1773 1456 1882 Epo
1474 1799 1564 1856 eum
1587 1798 1674 1856 cer·
1729 1876 1733 1885 Ι

178 1958 184 1966 ·
259 1904 354 2002 enim
396 1903 439 1986 iu
468 1902 664 2010 creaturis
693 1902 814 1999 enim
832 1902 1161 2020 nulla-'ereatura
1189 1903 1386 1986 excelsior
1411 1901 1584 2012 angelo,
1629 1907 1672 1985 et

259 2036 372 2120 nulla
400 2033 520 2117 vilior
558 2038 600 2117 et
628 2034 799 2119 interior
829 2017 973 2120 vermi:
1026 2035 1252 2121 Monachus
1282 2036 1391 2118 enim
1432 2035 1551 2120 sicuti
1583 2062 1670 2117 ver·
1765 2021 1766 2026 Ν

262 2195 363 2251 mem
393 2165 517 2250 debet
545 2193 587 2250 se
617 2193 778 2278 semper
804 2167 1032 2268 aestimare,
1063 2168 1242 2269 houset,
1272 2167 1378 2250 sieut
1406 2167 1449 2251 in
1477 2166 1672 2250 creaturis

259 2327 391 2388 rerum
422 2297 526 2382 nihil
556 2304 618 2382 est
647 2299 887 2401 extremius,
928 2299 1035 2383 sicut
1064 2297 1230 2396 vermis,
1268 2298 1329 2380 ita
1367 2302 1410 2380 ct
1446 2295 1669 2400 menuelms

260 2432 446 2514 erunibus
476 2427 710 2512 homiuibus
737 2458 780 2512 se
804 2457 889 2514 esse
919 2431 1105 2515 uiliorem
1134 2435 1178 2512 et
1199 2427 1431 2512 interiorem
1455 2427 1670 2511 aestimare

262 2573 303 2646 et
330 2561 493 2646 credere
522 2561 657 2646 debet.
703 2560 761 2644 Et
779 2587 859 2644 uon
886 2561 1012 2664 borum,
1042 2561 1069 2645 i.
1091 2591 1124 2646 e.
1144 2561 1316 2670 alicujus
1342 2559 1522 2660 honoris,
1550 2558 1667 2650 sicuti

259 2693 392 2794 borno,
420 2691 536 2802 quasi
565 2690 740 2776 diceret:
773 2691 890 2777 vilior
919 2699 960 2777 et
990 2693 1158 2776 inl'em‘or
1187 2691 1378 2776 oumibus
1406 2719 1520 2798 suru,
1549 2689 1667 2772 sicuti

33 2935 35 2942 y
130 2873 134 2884 ·
262 2823 425 2924 corruis,
465 2830 507 2905 et
536 2849 617 2904 nou
650 2851 738 2905 sum
770 2823 945 2930 alicujus
985 2822 1152 2908 lionoris
1190 2827 1232 2904 et
1260 2819 1499 2929 diguitatis,
1542 2818 1667 2902 veluti
1790 2829 1793 2836 '

261 2954 394 3041 mmo.
452 2951 730 3064 (lpprebrium
768 2960 810 3038 et
838 2954 1140 3064 despectionem
1172 2951 1300 3060 plebis
1328 2981 1370 3036 se
1400 2979 1485 3035 esse
1513 2949 1666 3048 eredat,

260 3087 283 3172 i.
302 3116 336 3174 e.
366 3087 425 3169 itu
453 3082 695 3168 vilissimum
725 3091 767 3167 et
790 3084 1135 3195 indiguissiumm,
1164 3080 1282 3166 sicuti
1303 3111 1379 3182 res,
1409 3081 1668 3192 qmuedespi·

260 3214 400 3299 mbilis
429 3213 548 3300 vulde
576 3221 638 3299 est
667 3222 709 3300 et
735 3216 860 3301 millis
888 3212 1142 3300 honorande.
1676 3215 1681 3226 '

366 3343 583 3454 Sequitur:
631 3344 854 3432 debellatus
896 3371 986 3428 sum
1031 3350 1066 3426 et
1108 3343 1343 3429 lrrrrndiutus
1386 3349 1423 3430 et
1464 3346 1665 3450 colossaeas.
1751 3399 1755 3408 ·

263 3475 474 3562 ltxultetus
504 3477 546 3560 lu
571 3505 646 3580 eo,
677 3476 786 3588 qued
818 3476 1040 3560 boumutus
1071 3473 1128 3557 lui
1158 3473 1201 3557 iu
1230 3463 1391 3559 erse'culo
1422 3501 1663 3587 persuper-

260 3607 364 3690 bium
395 3617 519 3716 atque
548 3607 807 3717 jacbmtium3
837 3605 1074 3690 humiliatus
1105 3632 1210 3690 rmuc
1233 3635 1336 3707 sum,
1365 3606 1461 3716 quin
1480 3607 1668 3692 subditus

257 3765 343 3819 sum
372 3738 512 3822 abbati
543 3743 584 3822 et
613 3739 703 3824 aliis
733 3739 946 3835 l'ratribus;
986 3739 1029 3820 ct
1057 3737 1248 3820 confusus
1277 3765 1389 3836 erem,
1428 3738 1524 3846 quia
1554 3766 1666 3821 verc-
1754 3771 1764 3782 ·

256 3867 411 3949 eurrrlor
439 3873 482 3950 ct
501 3867 694 3953 erubesce
716 3867 767 3952 de
786 3869 975 3977 peccatis,
1003 3895 1110 3976 qrrae
1131 3867 1253 3977 gessi.
1301 3869 1419 3968 Quod
1442 3871 1665 3953 ruourmbus

256 3996 377 4080 debet
404 3997 548 4082 dicere.
1000 4091 1002 4098 ,

349 4127 579 4240 Sequitur:
616 4131 782 4218 Bonum
810 4132 922 4238 recidi,
951 4131 1056 4239 qnod
1084 4130 1309 4215 leueniliusti
1336 4161 1409 4235 erue,
1439 4138 1482 4217 ul
1511 4134 1666 4218 eliseum

53 4263 56 4280 '
164 4313 166 4318 -
254 4259 450 4348 recendente
477 4268 559 4346 tuu.
617 4261 703 4346 leta
722 4265 831 4348 cuim
851 4263 1193 4348 voxafllictorum
1219 4269 1342 4348 estet
1361 4293 1664 4376 oppressoriam

256 4390 313 4475 illi
342 4393 451 4476 eninr
480 4393 624 4480 dicunt
652 4393 761 4480 Dee:
798 4395 961 4479 (tranas
989 4394 1150 4504 agimus
1179 4393 1267 4495 tini,
1300 4397 1419 4498 Deus,
1449 4397 1545 4506 quia
1572 4417 1662 4480 eum

258 4520 478 4608 incolumes
508 4522 669 4629 fuimus,
700 4555 784 4611 nou
813 4526 1066 4610 discebamus
1090 4523 1283 4609 maudata
1312 4530 1403 4628 tua;
1433 4556 1540 4612 nune
1570 4555 1664 4610 vere
1776 4545 1787 4569 ‘

193 4769 195 4774 ,
256 4653 395 4739 astlicti
433 4657 719 4770 cognoscimus
761 4662 929 4770 peccata
969 4661 1111 4743 nostra
1153 4661 1195 4740 et
1238 4657 1428 4742 discimus
1463 4660 1665 4742 mandata
1722 4757 1724 4762 ¹

255 4775 348 4875 tua.¹
405 4787 477 4874 Ad
513 4788 738 4875 monachos
762 4815 874 4886 ¹uere>
913 4787 1065 4873 attinet
1100 4789 1145 4871 in
1185 4816 1255 4892 eo,
1304 4789 1414 4898 qued
1461 4785 1664 4889 monaehi,
1741 4859 1745 4866 .

200 4921 209 4944 '
258 4915 352 5024 quia
379 4919 456 5002 sub
481 4924 686 5029 potestate
714 4918 888 5006 eliorum
916 4917 1160 5022 consistunt,
1191 4901 1306 5028 quusi
1324 4917 1468 5003 afflicti
1497 4925 1594 5003 suut
1621 4923 1665 5001 et

256 5045 397 5134 dieunt
426 5051 526 5162 ipsi:
557 5051 720 5138 (iratius
749 5051 910 5163 agimus
938 5051 1014 5136 tibi
1043 5051 1161 5154 Deus,
1190 5049 1298 5160 quia,
1329 5075 1420 5135 cum
1443 5048 1593 5134 fuimus
1620 5049 1661 5133 iu
1772 5155 1776 5174 1

255 5180 436 5286 saeculo,
476 5209 559 5267 neu
588 5185 934 5296 cognoscebamus
965 5212 1037 5269 uec
1066 5181 1321 5268 discebamus
1349 5180 1544 5288 nraudatu
1571 5188 1663 5278 tua;
1746 5265 1748 5271 .

255 5335 363 5398 nuuc
392 5321 526 5401 eutem
557 5315 601 5401 in
628 5320 874 5426 potestatem
898 5313 1070 5401 aliorum
1091 5313 1245 5399 reducti
1274 5316 1316 5395 et
1342 5311 1385 5397 iu
1416 5313 1664 5427 nreuasterio
