3994 5770
82 311 88 320 .
219 251 299 338 180
362 187 365 194 ¹
813 229 923 338 'capt
948 243 1009 318 ιι.

54 443 61 490 ³
215 470 281 552 est
306 465 416 580 apud
446 463 593 556 Deum.
628 465 838 570 ‘Qualiter
874 491 976 577 ergo
1013 459 1333 574 intelligendum
1367 463 1424 546 rit
1450 460 1628 563 inridnr,

52 2365 101 2433 tt

216 598 266 685 B.
295 597 538 688 Ambrosius
564 596 610 682 in
646 596 828 683 secundo
861 595 985 684 libro·
998 595 1228 682 officiorum
1256 593 1379 682 docet
1404 597 1484 684 boc
1510 597 1652 704 modo,

157 733 163 746 '
216 730 378 833 dicens,
418 729 481 816 ait
518 727 650 816 enirn:
693 726 830 834 Filii,
865 714 1254 838 lrrpitc'improbom
1294 735 1427 816 raom
1460 729 1635 820 inuidos.

23 909 40 988 '.
215 853 358 950 luter.
369 861 602 976 improbum
643 867 687 948 et·
727 863 927 954 invidum
950 861 1030 948 boc
1067 862 1259 948 interest:
1301 861 1520 975 lmprobua
1558 891 1634 949 suo

216 997 446 1084 delectatur
472 997 602 1100 bono,
637 996 800 1081 invidus
827 999 1047 1106 torquetur
1071 995 1222 1102 alieno,
1249 995 1320 1082 ille
1347 995 1488 1108 diligit
1512 995 1645 1100 mala,

215 1131 284 1215 lric
310 1131 421 1216 bona
448 1129 551 1230 odit,
578 1134 629 1214 ut
654 1130 819 1242 proprie
841 1126 1098 1214 tolerabilior
1122 1125 1190 1230 sit,
1219 1156 1289 1239 qm
1277 1129 1392 1215 sibi
1407 1129 1497 1214 rult
1515 1113 1642 1230 bene,

217 1266 339 1373 quain
364 1261 450 1374 q-ui
489 1262 596 1347 mule
633 1261 840 1350 omuibus.
897 1260 960 1346 De
996 1261 1156 1347 irroideo
1190 1273 1328 1346 autem
1368 1261 1494 1346 etiam
1522 1261 1635 1346 Pris-

216 1395 358 1480 cianus
385 1395 486 1478 dicit
513 1395 593 1478 hoc
621 1394 760 1478 modo:
802 1391 968 1503 Siquis
1006 1399 1168 1480 attente
1204 1393 1390 1505 aspiciat,
1427 1393 1536 1478 inter
1560 1391 1636 1475 ad-

114 1529 120 1540 '
215 1525 409 1634 quisitiuu
425 1527 488 1636 rel
508 1525 818 1635 aequiparantia
837 1525 938 1608 haec
964 1553 1127 1636 quoque
1156 1526 1281 1611 rerba
1301 1533 1399 1608 sunt
1419 1521 1634 1635 ponenda:

217 1655 359 1775 Nocco
388 1657 464 1740 tibi
493 1661 579 1742 est:
617 1683 771 1740 nocens
798 1656 875 1740 tibi
906 1656 981 1756 tic:
1022 1657 1199 1763 invideo,
1228 1656 1345 1768 qnasi
1378 1681 1463 1740 nou
1491 1653 1635 1736 ridens

103 1841 106 1849 ·
216 1787 295 1872 tibi
325 1788 393 1892 lio,
421 1789 499 1872 hoc
526 1799 602 1890 est,
631 1816 716 1872 uon
741 1787 888 1888 serens,
917 1793 962 1871 te
983 1788 1089 1872 bene
1114 1792 1308 1898 agentem
1325 1785 1483 1885 ridere·
1512 1786 1637 1868 male·

215 1919 308 2004 dico
336 1918 435 2004 tibi:
474 1923 619 2002 contra
647 1926 689 2002 te
718 1919 903 2000 malum
917 1917 1021 2005 dico.
1078 1921 1141 2004 De
1179 1917 1336 2002 invidia
1362 1916 1506 2001 Cicero
1533 1916 1637 2001 dicit

216 2049 296 2133 boc
324 2048 468 2138 modo:
504 2047 702 2159 Iniustius
730 2049 884 2134 invidia
911 2049 1016 2134 nibil
1043 2056 1121 2150 est,
1149 2075 1255 2190 qaae
1281 2049 1512 2158 protinus
1498 2076 1633 2157 :psum

201 2185 424 2275 muctarem
452 2179 566 2266 rodit
590 2187 716 2290 atque
742 2181 925 2266 ardorum
953 2181 1123 2271 cruciat.

329 2312 545 2422 Sequitur.
578 2311 872 2398 Omrterdiouem
894 2339 975 2396 nor:
998 2340 1152 2400 narrare.
1209 2313 1488 2424 CognovitB
1504 2313 1637 2398 Bene.
1751 2378 1754 2383 .

217 2444 365 2545 (lictus,
394 2445 492 2553 quia
518 2448 616 2528 sunt
635 2446 768 2548 multi,
798 2445 868 2555 qni
891 2449 1035 2532 aurunt
1056 2445 1376 2550 contentionem,
1405 2446 1475 2531 sed
1496 2451 1635 2530 tamen

216 2575 439 2687 aliquando
468 2577 617 2662 volunt
642 2578 755 2662 illurn
785 2577 1006 2680 dimittere,
1036 2585 1079 2662 et
1106 2578 1204 2690 quia
1227 2577 1339 2662 illam
1369 2586 1525 2682 amant,
1553 2606 1634 2662 uon

87 2737 95 2752 ·
218 2721 392 2820 possunt
434 2710 661 2810 dimittere:
709 2710 803 2795 ideo
846 2709 1043 2796 labuntur
1083 2712 1126 2795 iu
1166 2711 1513 2828 contentionem,
1540 2712 1637 2822 quia

105 4817 162 4906 [sl

91 4951 92 4956 ‘
197 4943 369 5036 mente.
410 4950 549 5035 Elatio
578 4961 654 5057 eet,
682 4953 790 5038 sicut
800 4954 888 5062 jum
910 4954 1099 5056 diximus,
1120 4953 1191 5063 qui
1218 4955 1319 5056 rult,
1337 4961 1385 5038 ut
1400 4982 1502 5064 opus
1520 4982 1638 5038 suum

110 2947 119 2966 υ
215 2845 358 2947 emunt
386 2843 512 2928 illam.
568 2842 624 2926 Et
662 2848 882 2953 propterea
921 2843 1182 2928 benedixit:
1225 2843 1522 2929 Οοηιωιιίοιιωιι
1554 2869 1633 2927 :rou

216 3001 377 3077 narrare,
416 2982 465 3060 nt
491 2974 652 3059 lucilius
681 2977 812 3083 possit
839 2976 1052 3096 dimittere
1086 2976 1418 3078 contentionem,
1459 2976 1493 3060 si
1521 2976 1634 3060 illam

113 3088 116 3098 ¹
168 3157 170 3160 -
218 3133 302 3188 nou
331 3107 545 3192 amaverit.
599 3106 822 3191 Contentio
855 3116 939 3194 est:
978 3109 1013 3192 si
1051 3109 1155 3193 dicit
1189 3109 1267 3191 tibi
1294 3109 1464 3219 aliquis:
1504 3107 1638 3206 Quare

216 3236 350 3319 fecisti
379 3235 490 3321 lroc?
529 3245 573 3323 et
600 3243 646 3323 tu
675 3240 844 3366 dixeris:
884 3239 982 3324 Nou
1023 3240 1122 3325 ieci!
1162 3268 1244 3323 non
1284 3247 1348 3324 est
1374 3240 1510 3324 adhue
1537 3268 1666 3323 con·-

44 3473 47 3482 ,
216 3368 375 3474 tcuti03
404 3365 439 3454 si
466 3375 604 3455 autem
627 3371 697 3454 ille
720 3371 882 3474 dixerit,
912 3373 1009 3480 quia
1036 3377 1083 3455 tu
1111 3370 1259 3472 iecisti,
1288 3378 1331 3455 et
1357 3377 1406 3454 tu
1431 3371 1466 3453 si
1495 3382 1638 3480 postea

219 3499 388 3585 dixeris:
418 3499 515 3584 Nou
544 3501 634 3602 feci,
663 3507 736 3610 unt
763 3502 919 3613 aliquid
947 3501 1073 3604 aliud,
1102 3503 1226 3586 modo
1249 3503 1414 3587 ridetur
1434 3529 1521 3586 esse
1541 3529 1639 3586 con·

45 3651 70 3708 ‚¹
218 3632 375 3733 tentio,
415 3637 459 3714 et
499 3637 600 3716 tuuc
629 3633 926 3743 transgrederis
967 3633 1045 3718 hoc
1082 3641 1359 3743 praeceptum.
1416 3633 1460 3717 Si
1499 3640 1636 3718 antem

219 3762 370 3846 dixerit
397 3761 489 3865 tibi,
517 3764 590 3873 qui
619 3765 743 3849 etiam
774 3765 988 3876 presbyter
1017 3792 1074 3867 es,
1103 3765 1200 3876 quia
1223 3766 1470 3892 adulterium
1493 3763 1639 3864 iecisti,

218 3901 265 3977 tu
294 3894 418 3980 debes
447 3897 648 4006 imprimis
675 3899 830 3983 dicere:
860 3897 957 3983 Non
985 3899 1077 3986 ieci.
1134 3898 1178 3983 Si
1203 3906 1340 3986 autem
1369 3894 1639 4007 subjunxerit,
1744 3895 1750 3906 ’

191 4029 194 4036 ’
219 4027 318 4136 quia·
339 4027 484 4130 iecisti,
508 4033 555 4112 tu
572 4029 694 4114 debes
716 4031 850 4114 dicere
867 4045 1132 4140 pracceptum
1149 4030 1442 4142 apostolicum:
1468 4031 1638 4118 sacrm

219 4159 302 4244 Dei
322 4169 572 4267 recooperiri
596 4165 782 4269 litmaro:
813 4169 855 4248 et
876 4163 1024 4246 iterum
1042 4161 1186 4270 regula
1202 4162 1322 4246 dicit:
1344 4163 1638 4248 Corrtmtiourm

40 4305 45 4313 '
175 4317 179 4325 ·
217 4318 296 4376 reon
313 4319 464 4394 narrare,
483 4299 526 4378 et
541 4293 646 4396 ideo,
664 4295 759 4405 qnia
776 4295 1001 4379 ruorrocbus
1023 4323 1128 4397 sum,
1143 4294 1293 4378 iterum
1309 4296 1570 4406 respondere,
1586 4324 1639 4378 ue

220 4423 359 4508 ridear
375 4426 634 4510 contentioni
655 4427 868 4533 deservire,
886 4456 969 4511 nou
988 4426 1131 4514 audeo.
1168 4427 1316 4514 Melius
1336 4433 1400 4512 est
1415 4493 1427 4530 ,
1444 4433 1492 4510 ut
1509 4426 1638 4536 eligas

25 4553 30 4562 ’
137 4567 140 4574 “
208 4557 358 4665 potius
386 4557 551 4667 deponi,
580 4557 704 4668 quum
734 4557 971 4662 contendas,
1000 4563 1049 4642 ut
1077 4559 1111 4642 si
1135 4557 1311 4643 videaris
1340 4587 1477 4644 corum
1503 4559 1638 4644 homi·

219 4689 341 4771 uibus
369 4688 590 4799 depositus,
619 4698 758 4775 tamen
785 4719 923 4776 coram
954 4691 1041 4774 Deo
1070 4718 1153 4776 nou
1181 4719 1225 4774 es
1253 4691 1474 4802 depositus.

331 4819 547 4929 Sequitur:
586 4819 819 4905 Elutioucm
852 4823 1004 4928 supere.
1061 4822 1158 4920 Non
1198 4824 1304 4906 dixit
1337 4841 1529 4931 corpore,
1566 4821 1653 4934 sed;

48 5125 51 5132 ⁴
219 5084 390 5170 dicatur.

148 5276 186 5366 tl
239 5359 244 5369 .
291 5383 294 5388 ¹

329 5215 542 5326 Sequitur:
581 5213 772 5300 Souiores
799 5217 999 5302 venaari.
1057 5218 1149 5302 lloe
1186 5219 1339 5304 attinet
1366 5218 1418 5302 ud
1449 5218 1638 5328 minores.
