4334 5750
321 233 402 318 152
747 363 752 373 Ι
819 261 823 270 ·
966 231 1054 324 stu
1077 228 1155 330 ¹V·.

319 449 645 538 munientionem
673 453 906 538 murmuret
941 455 1017 536 eut
1054 477 1141 537 non
1177 435 1386 566 pntienter
1422 457 1603 568 suscepit
1626 458 1738 550 :llam

321 581 642 694 poenitentiam,
680 587 730 666 tu
755 583 1102 670 oonlortationem
1140 588 1186 670 et
1217 585 1547 674 exhortationem
1585 589 1739 676 dederis

234 755 237 764 ·
319 718 395 799 eut
432 739 509 822 pro
547 713 622 800 illo
661 714 863 816 oraveris,
902 714 947 800 in
987 713 1256 802 tribulatione
1291 717 1533 808 subvenisti.
1598 721 1740 810 Altero

321 873 420 930 vero
447 842 572 930 modo
599 844 821 930 tribulanti
847 845 967 932 tratri
995 845 1212 948 subvenis,
1239 873 1332 931 oum
1363 850 1489 934 irater
1515 861 1741 940 murmuret

322 978 494 1086 propter
521 975 804 1060 neoessitstem
835 1003 965 1086 snam,
992 1005 1117 1089 quam
1139 1006 1223 1064 non
1251 976 1391 1080 babet,
1420 979 1505 1066 ie.
1530 971 1743 1069 ant'resti·

324 1109 507 1190 mentum
537 1113 612 1190 aut
638 1105 871 1211 ealeoerios,
900 1113 945 1193 et
970 1113 1019 1192 tn
1047 1109 1198 1195 desilii
1216 1109 1555 1214 consolationem,
1583 1111 1741 1199 utnon

193 1225 201 1246 ’
306 1225 565 1342 murmuret,
585 1243 667 1354 ¹ent
692 1263 786 1325 ores
813 1266 891 1351 pro
917 1239 1004 1340 illo,
1042 1245 1145 1325 tune
1172 1241 1391 1326 tribulanti
1418 1242 1634 1345 subvenis,
1672 1251 1743 1330 ant

322 1375 435 1454 oerte
463 1370 497 1452 ei
526 1371 695 1474 fratrem
737 1369 912 1454 debilem
954 1369 1126 1476 adjuves
1163 1371 1274 1456 inira
1310 1377 1424 1457 tuem
1455 1373 1741 1476 obedientiam,

323 1530 363 1584 v.
392 1527 454 1611 gr.
483 1503 518 1585 si
546 1500 781 1611 injunctum
799 1506 863 1585 est
883 1501 962 1586 tibi
982 1501 1121 1584 lusere
1144 1530 1303 1611 pannos
1327 1505 1501 1612 aliquos,
1529 1509 1573 1588 et
1586 1508 1743 1588 venerit

326 1632 470 1716 debilis
497 1631 627 1716 irater
653 1629 705 1712 sd
733 1636 776 1714 te
803 1657 978 1742 rogans,
1016 1637 1065 1715 nt
1104 1633 1229 1716 etium
1258 1659 1333 1716 sna
1365 1635 1609 1717 vestimenta
1637 1635 1742 1718 laves
1885 1721 1888 1724 .
1956 1613 1959 1618 Ι

225 1769 228 1776 ’
324 1769 399 1847 aut
426 1761 593 1872 adjuves
620 1759 773 1862 lurore,
801 1761 1019 1848 tribulanti
1048 1762 1254 1860 subvenis,
1282 1765 1342 1848 ite
1371 1769 1524 1864 temen,
1555 1769 1604 1847 nt
1631 1771 1743 1848 tuam

152 1911 158 1924 ·
327 1891 602 1978 obedientium
630 1919 708 2002 pro
734 1890 815 1977 hoo
843 1919 929 1976 non
957 1892 1163 1998 dimittes,
1203 1891 1282 1978 hoe
1312 1900 1376 1980 est
1409 1895 1597 2006 inprimis
1624 1895 1746 1979 debes

164 2035 168 2043 '
327 2023 591 2110 lavareillos·
611 2050 794 2135 pannos,
832 2023 905 2136 qni
931 2026 1010 2111 tibi
1044 2027 1224 2137 injuncti
1259 2033 1377 2128 sant,
1417 2033 1460 2110 et
1486 2025 1744 2137 postmodnm

329 2159 467 2244 lavare
493 2157 648 2259 imtris,
674 2163 749 2242 ent
774 2163 886 2243 eerte
912 2159 1022 2244 inter
1043 2157 1138 2242 illos
1155 2187 1316 2272 patrnos
1334 2158 1447 2244 lavas
1462 2159 1573 2243 illins
1596 2161 1746 2248 fratris.

314 2337 322 2394 ·.
439 2291 656 2400 Sequitur:
678 2288 890 2376 Dolentem
911 2291 1136 2394 consolari3
1163 2293 1323 2377 dnobus
1338 2292 1471 2377 modis
1486 2292 1754 2403 intelligitur.-

187 2403 191 2409 ’
251 2463 256 2472 ·
328 2423 426 2510 Uno
451 2423 575 2510 modo
602 2420 926 2507 consolationem
967 2423 1116 2510 tribuis
1151 2424 1332 2530 dolenti,
1370 2451 1463 2507 eum
1492 2424 1636 2527 fratri,
1677 2426 1747 2536 qui

95 2579 99 2586 ’
257 2673 262 2682 Ι
307 2561 438 2678 Ιἲοτῑο
465 2583 541 2668 pro
571 2582 655 2640 uno
683 2559 867 2664 peceato,
896 2537 1051 2665 in'quo
1070 2558 1231 2661 eeoidit,
1260 2558 1374 2644 dolet
1402 2564 1445 2642 et
1472 2557 1674 2668 desperat,
1703 2562 1747 2641 tn

330 2689 516 2774 consoles
544 2685 660 2782 illum
688 2692 732 2771 et
759 2685 1008 2788 exhorteris,
1047 2695 1207 2774 utnon
1244 2690 1433 2798 desperet
1466 2717 1511 2772 se
1550 2689 1621 2772 sed
1650 2692 1761 2796 agat
1880 2767 1883 2774 .

332 2819 643 2931 poenitentiam.
700 2816 845 2902 Altero
866 2819 991 2902 modo
1010 2819 1218 2904 dolentem
1235 2822 1406 2906 fratrem
1428 2821 1630 2923 consoles,
1658 2849 1748 2905 eum

170 3048 176 3058 ,
297 2985 305 3002 ·
332 2953 440 3037 iorte
463 2979 539 3060 pro
557 2949 826 3035 multitudine
847 2957 1108 3058 peecatorum
1137 2981 1181 3038 se
1197 2953 1399 3064 desperat,
1428 2957 1540 3038 etto
1564 2949 1751 3037 consoles

332 3085 463 3185 illum,
490 3083 519 3170 i.
546 3112 583 3170 e.
612 3080 843 3167 exhorteris
869 3081 1000 3184 illum,
1028 3109 1152 3192 egere
1178 3079 1499 3196 poenitentiam,
1542 3091 1616 3168 ant
1644 3087 1752 3166 nerto

333 3244 425 3300 oms
453 3243 528 3326 pro
555 3213 650 3314 illo,
692 3212 897 3296 dolentem
925 3215 1126 3302 eonsules.
1184 3215 1314 3300 Dolor
1346 3217 1482 3320 enim,
1522 3217 1630 3299 sient
1657 3215 1752 3297 Ces·
1801 3305 1804 3310 ,

1949 2989 1974 3616 l

1948 3617 1975 4028 l

1950 4040 1972 4977 ¹

332 3347 520 3431 sindorus
549 3345 665 3444 dioit,
679 3344 712 3456 ¹)
740 3344 876 3429 dietus
902 3350 966 3428 est
992 3347 1109 3456 qnasi
1138 3346 1353 3432 domabilis
1381 3347 1540 3434 horror.

446 3497 666 3607 Sequitur:
694 3499 735 3582 A
762 3497 916 3583 soeculi
941 3499 1097 3585 nctibsrs
1123 3524 1166 3584 se
1183 3505 1320 3606 locere
1346 3499 1537 3586 oliorum.
1593 3496 1753 3585 Saeouli

200 3746 202 3750 v
290 3683 293 3690 ·
332 3637 449 3717 aetus
477 3635 578 3716 sunt
606 3629 804 3736 honores,
843 3630 1087 3716 manducare
1115 3639 1156 3716 et
1185 3633 1345 3736 bibere,
1375 3633 1536 3734 vestire,
1564 3629 1752 3715 dormire.

335 3765 378 3849 Si
406 3765 506 3848 haee
536 3763 688 3868 omnia,
717 3763 744 3852 i.
773 3791 809 3848 e.
839 3761 1060 3864 honorem,
1092 3764 1360 3868 munducare,
1401 3766 1561 3864 bibere,
1591 3761 1752 3859 restire,

334 3893 513 3978 dormire
540 3922 617 4003 pro
645 3892 919 3980 delectatione
945 3923 1029 3980 non
1058 3897 1201 3979 feceris
1229 3897 1299 3980 sed
1331 3924 1405 4006 pro
1439 3896 1702 3992 necessitate,
1729 3921 1753 3974 a

338 4027 490 4111 saeenli
517 4026 677 4111 actibus
704 4030 749 4110 te
776 4025 877 4110 funis
903 4025 1109 4129 alienum:
1148 4029 1183 4110 si
1211 4032 1351 4111 nutem
1380 4057 1456 4137 pro
1483 4025 1755 4111 delectatione

335 4161 502 4261 feceris,
541 4185 626 4244 non
666 4159 709 4240 te
746 4155 848 4240 ineis
885 4155 1066 4242 alienum
1103 4187 1129 4244 a
1167 4159 1317 4242 saeculi
1354 4159 1525 4248 actibus.
1584 4156 1641 4240 lit
1678 4153 1755 4255 boe

340 4289 552 4374 sciendum
582 4294 656 4390 est,
685 4287 783 4397 qnia
811 4314 896 4370 non
925 4293 989 4372 est
1014 4293 1230 4399 omentum
1257 4291 1300 4374 in
1328 4291 1444 4393 oibo,
1483 4287 1625 4374 sedin
1654 4284 1758 4368 desi·

336 4423 473 4518 derio:
490 4423 626 4530 [num]
643 4419 686 4501 in
702 4416 896 4529 placitum
912 4422 1084 4505 veroire
1099 4419 1320 4529 processis
1339 4420 1508 4531 agendis
1524 4419 1758 4504 nullatenus

181 4547 183 4552 ’
272 4655 274 4659 ,
341 4549 565 4636 monachus
594 4549 718 4634 debet
745 4551 866 4659 [ire];
895 4549 929 4636 si
950 4561 1047 4634 'vero
1075 4550 1182 4653 ierit,
1209 4552 1403 4638 asaeeuli
1426 4551 1586 4637 actibus
1612 4574 1695 4630 non
1715 4571 1757 4626 se

253 4679 259 4702 '
341 4673 443 4766 iacit
469 4680 661 4770 alienum.
672 4680 708 4790 ²)

372 4883 600 4897 ον’-*-

354 5038 357 5044 ,
428 4990 456 5080 ¹)
479 5009 598 5079 expos.
621 4984 660 5056 in
682 4927 808 5076 neuim.
830 4987 864 5057 7.
887 5008 920 5059 v.
946 4987 999 5059 17.

428 5107 459 5186 ²)
491 5098 578 5172 (lod.
610 5095 792 5166 l'nrsnen.
827 5095 952 5167 addit:
988 5095 1111 5166 deun:
1140 5097 1231 5166 asin
1262 5096 1465 5167 collotiones
1496 5103 1665 5186 potrum,
1698 5094 1760 5182 qni
1848 5081 1849 5088 ἵ

338 5214 408 5285 sint
439 5211 572 5281 succedi
603 5218 721 5290 octies,
752 5207 818 5278 boe
847 5207 974 5283 ntodo:
1018 5207 1214 5278 &mendene
1236 5210 1392 5298 teyntuna
1415 5207 1630 5295 (seniorem),
1651 5202 1760 5296 „qnid-

1972 5547 1979 5639 ἑ

1972 5640 1984 5744 l
