3930 5788
105 236 110 246 ,
165 86 315 262 4534'
793 143 1064 238 caperent·

209 367 353 452 diebus
381 365 501 450 istum
530 394 688 452 morem
717 365 781 450 vel
810 364 982 474 injurius
1010 363 1215 474 patienter
1236 351 1487 472 'potaveris
1524 367 1624 446 tune

210 497 333 581 debet
350 496 467 580 illum
496 495 701 605 suscipere
722 496 764 579 iu
788 493 1005 598 hospitale,
1034 494 1142 578 sient
1159 495 1246 602 ipsc
1273 493 1392 580 dicit:
1420 501 1626 576 annuatur

209 628 248 712 ei
276 627 497 734 inpressees,
525 631 563 710 et
588 626 717 710 sitin
745 624 845 710 ectio
872 623 1072 730 ieospitum
1099 625 1243 728 paucis
1269 623 1423 711 dietus.
1637 723 1643 732 η

324 749 472 842 Postea
500 762 631 838 nutem
660 757 714 839 sit
741 757 785 838 iu
814 753 915 840 cetto
951 755 1215 856 novitiorum,
1254 753 1324 836 edei
1351 753 1564 838 meditetur
1590 761 1628 838 ct

214 889 426 972 moeeducet
452 893 490 972 et
516 887 704 974 dormint.
762 886 908 972 Senior
935 886 972 966 ei
1008 885 1106 968 tedis
1143 887 1376 990 deputetur,
1412 888 1482 994 qui
1508 893 1628 990 optus

213 1022 267 1102 sit
294 1017 352 1102 od
379 1019 602 1136 leecrueeetos
628 1019 805 1114 animos,
834 1017 905 1122 qui
930 1043 1055 1120 snper
1082 1044 1171 1098 eum
1200 1019 1362 1102 omnino
1388 1018 1545 1102 ceere‘ose
1564 1017 1628 1098 iee-

103 1207 105 1213 ι
213 1146 351 1230 undat
379 1152 415 1231 ct
440 1135 640 1262 sollicitus
666 1149 734 1247 sit,
761 1147 802 1229 si
827 1175 969 1230 renero
999 1143 1130 1228 Deum
1159 1133 1350 1252 peruenit,
1367 1147 1406 1229 si
1433 1145 1628 1230 sollicitus

214 1282 273 1360 est
301 1275 359 1358 ud
393 1302 492 1380 opus
521 1275 625 1379 Dei,
654 1279 712 1359 eut
747 1276 1032 1375 obedientium,
1070 1279 1128 1358 od
1165 1276 1403 1392 opperoteriu,
1456 1274 1629 1372 Peuceti-

216 1415 356 1490 eeeetnr
393 1407 431 1490 ei
468 1407 604 1490 omniu
631 1406 738 1488 deero
774 1414 813 1488 ct
849 1433 1020 1508 aspero,
1042 1432 1252 1510 perquem
1279 1407 1445 1487 ituraei
1474 1403 1624 1502 Deum,-

218 1539 317 1658 etsi
336 1538 575 1643 promiserit
601 1537 651 1620 ete
677 1536 895 1639 stoteititete
922 1561 998 1618 seue
1020 1537 1384 1641 mesre-eruntienee,
1408 1539 1503 1640 post
1530 1534 1631 1616 deeo-

218 1695 312 1752 rum
338 1670 535 1753 neoresium
562 1666 756 1750 circutum
791 1667 947 1774 ieputeer
973 1669 1011 1750 ei
1036 1667 1135 1749 tuere
1160 1664 1300 1773 repertu
1327 1694 1405 1770 per·
1436 1663 1631 1762 ordinem,

220 1806 259 1882 ct
289 1800 450 1884 dicutur
477 1799 535 1882 ei:
576 1794 680 1880 Ecce
706 1795 793 1897 len,
831 1801 906 1882 sede
936 1827 1014 1906 pem
1042 1797 1219 1880 militene
1245 1799 1324 1880 uie:
1361 1797 1402 1879 si
1422 1805 1538 1903 potes
1565 1797 1633 1878 ote·

171 2031 173 2034 Ι
222 1915 398 2028 scenore',
426 1927 650 2034 inpreetere,
678 1928 717 2010 si
743 1955 835 2013 rero
863 1954 940 2013 eeoee
964 1937 1101 2032 potes,
1125 1929 1229 2011 titur·
1256 1928 1416 2010 diseede
1441 1933 1485 2010 et
1513 1927 1630 2036 reliq.
1665 1957 1696 1972 ‘¹

79 2151 81 2154 ,
222 2057 431 2144 Hactenus
459 2060 501 2146 S.
531 2057 779 2152 Benedictus
808 2059 998 2168 depinxit
1023 2067 1066 2140 et
1093 2058 1347 2170 designarit,
1376 2059 1475 2166 qnid
1505 2059 1636 2141 tacere

51 2287 55 2294 ⁴
223 2189 284 2316 illi
313 2189 472 2274 novitio
498 2189 660 2274 debent.
716 2187 795 2274 Sed
826 2191 885 2274 itu
912 2193 1093 2274 construi
1130 2191 1272 2294 debet,
1309 2191 1337 2280 i.
1366 2220 1401 2277 e.
1429 2197 1636 2274 armantur
1696 2213 1700 2218 ·

223 2323 262 2408 ei
290 2323 498 2432 ingressus
526 2328 568 2402 et
597 2327 696 2404 tnnc
725 2322 781 2405 sit
808 2323 948 2432 puucis
977 2323 1121 2407 diebus
1151 2323 1195 2405 iu
1222 2322 1325 2406 cells
1348 2322 1573 2432 hospitum,
1601 2321 1636 2405 si

228 2453 462 2566 promiserit
490 2454 542 2537 de
569 2454 800 2578 stabilitate
824 2485 897 2538 sua
927 2456 1291 2563 perseuerantiam,
1322 2455 1400 2540 hoc
1429 2461 1505 2556 est,
1533 2455 1637 2536 dno·

178 2599 181 2608 '
227 2587 304 2670 bus
322 2586 542 2696 mensibus,
570 2592 614 2670 et
635 2592 733 2671 tunc
749 2587 912 2697 legatur
925 2587 962 2670 ei
985 2589 1127 2697 regula
1143 2594 1235 2697 post
1249 2587 1448 2671 circulum
1462 2587 1636 2672 duorum

46 2737 50 2744 '
163 2770 172 2789 ·
228 2717 428 2838 eneeesinm
458 2745 531 2826 per
574 2717 771 2802 ordinem.
838 2717 944 2802 Naue
982 2724 1086 2825 quot
1127 2726 1224 2803 sunt
1267 2720 1335 2802 isti
1377 2719 1464 2802 dies
1505 2719 1640 2829 pauci,

148 2883 158 2902 ·
219 2847 465 2932 manifestat
493 2847 685 2947 interius,
728 2875 821 2932 curn
858 2849 960 2931 dicit
996 2856 1086 2951 post
1114 2850 1283 2933 duorum
1312 2848 1503 2935 circulum
1532 2875 1642 2930 men-

40 2991 41 2996 '
151 3024 153 3030 ·
228 2969 356 3078 sium,
377 2980 475 3088 qnia
503 2979 663 3062 dnobus
693 2981 901 3063 neensibns
929 2978 1053 3062 debet
1081 2985 1189 3062 stare
1216 2981 1260 3062 in
1283 2981 1389 3096 cells
1408 2978 1642 3087 hospitum:

230 3116 267 3192 et
297 3115 391 3214 post
425 3112 596 3194 duorum
633 3109 826 3194 cireedeem
860 3113 1059 3193 neoresium
1099 3107 1256 3215 torpatur
1292 3109 1331 3192 ei
1367 3109 1463 3194 teoee
1503 3105 1642 3216 reputo

121 3351 126 3362 Ι
226 3267 304 3346 ‚per
331 3237 515 3324 ordinem
542 3247 580 3326 et
607 3242 767 3325 dicetur
793 3244 854 3324 ei:
896 3240 1002 3324 Eece
1028 3237 1115 3340 ter,
1143 3238 1217 3322 sede
1243 3267 1325 3346 pem
1353 3237 1530 3323 mititare
1555 3239 1645 3341 υἷες
1668 3225 1689 3272 ⁵
1838 3223 1840 3226 Α

232 3373 269 3454 se'
292 3377 408 3477 potes
435 3373 668 3474 obseruare,
712 3373 942 3480 deperdere,
982 3371 1022 3454 si
1049 3397 1128 3454 non
1164 3377 1303 3478 potes,
1343 3369 1446 3454 iiber
1472 3370 1644 3456 discede.
1705 3447 1708 3452 .
1743 3433 1747 3439 ·

235 3504 285 3589 Si
312 3503 443 3588 odium
471 3505 636 3605 steterit,
665 3515 759 3589 tnnc
785 3507 958 3590 deeeutnr
984 3507 1028 3586 in
1057 3503 1337 3608 supradictum
1366 3501 1505 3586 celiam
1535 3528 1646 3585 noee-

149 3711 150 3714 e
233 3635 404 3737 tiorum,
442 3636 469 3722 i.
499 3665 534 3718 e.
564 3665 688 3746 quaen
726 3638 913 3746 superius
953 3635 1153 3736 diximus,
1181 3635 1250 3716 edei
1288 3636 1523 3733 meditetur,
1553 3634 1580 3716 i.
1609 3662 1645 3720 e.

234 3765 364 3850 discet
393 3772 436 3850 et
464 3751 682 3852 manducet
709 3775 752 3852 et
778 3767 969 3855 dormiat.
1015 3765 1074 3849 Et
1091 3767 1228 3850 senior
1255 3768 1293 3848 ei
1311 3764 1407 3848 tatis
1427 3765 1645 3870 deputetur,

234 3897 304 4002 epn'
330 3905 450 4003 uptus
477 3900 544 4000 sit,
574 3908 618 3983 et
644 3899 811 4010 relique.
852 3899 958 4004 ,dum
988 3904 1206 4008 postquem
1226 3897 1528 3982 construximus
1555 3896 1647 4002 hoc,

142 4105 145 4112 e
211 4029 454 4114 dicendum
482 4039 546 4113 est
586 4059 717 4131 nnuc,
745 4031 924 4140 qualiter
961 4029 1191 4114 iaciendum
1227 4028 1306 4132 sit,
1334 4028 1362 4114 i.
1391 4056 1427 4112 e.
1455 4026 1647 4136 primneu,

237 4167 456 4270 postquem
485 4163 643 4246 venerit
670 4163 722 4246 eul
753 4160 1059 4259 moerusteriune,
1088 4170 1130 4244 et
1159 4159 1282 4244 debet
1308 4157 1474 4268 suscipi,
1501 4164 1545 4243 et
1562 4187 1649 4242 uon
1759 4212 1762 4216 -

145 4275 180 4324 '¹
237 4294 360 4406 (lebet
398 4292 550 4403 suscipi
577 4287 652 4403 per
679 4295 860 4406 quinque
887 4298 973 4378 dies
1001 4295 1079 4377 snb
1107 4293 1183 4376 leae
1219 4291 1492 4376 dubitatione.
1549 4287 1649 4372 iden

154 4466 156 4470 ¹
237 4417 352 4512 dico:
394 4426 519 4510 debet
556 4426 706 4535 suscipi
734 4434 777 4510 et
800 4457 888 4516 nou
921 4426 1093 4535 suscipi,
1122 4425 1217 4535 quia
1255 4423 1406 4532 suscipi
1446 4423 1570 4504 debet
1596 4421 1648 4504 nd

177 4544 180 4550 ¹
238 4559 491 4643 mansionem
529 4559 825 4669 praebendum,
856 4589 940 4642 non
980 4559 1105 4642 debet
1139 4557 1290 4666 suscipi
1325 4555 1377 4638 ael
1406 4580 1649 4638 consensum

241 4690 530 4802 praebendum.
589 4689 746 4774 Deinde
784 4691 1029 4801 suscipiatur
1055 4691 1099 4774 in
1128 4688 1232 4774 cella
1271 4687 1478 4796 hospitum
1516 4684 1652 4770 adhuc
1766 4769 1767 4772 e

21 4873 24 4882 ·
79 4903 82 4910 .
201 4826 390 4941 ¹iniens:
419 4824 544 4909 debet
571 4823 680 4908 enine
710 4823 825 4906 illum
853 4823 1058 4934 suscipere
1087 4821 1169 4924 ille,
1196 4820 1267 4932 qui
1290 4818 1495 4928 hospitale
1521 4824 1651 4919 tenet,

240 4963 283 5042 et
311 4958 434 5042 debet
460 4957 520 5041 illi
540 4957 756 5066 imperare,
785 4964 832 5040 nt
861 4956 1080 5042 discalceat
1103 4955 1284 5063 hospites
1301 4967 1345 5034 et
1362 4951 1490 5036 iaciat
1512 4951 1651 5035 iocum

117 5093 120 5100 ’
241 5097 284 5176 et
320 5089 496 5193 serviet,
526 5117 631 5202 quae
673 5088 898 5174 neccessarie
935 5092 1030 5170 sunt
1071 5085 1322 5198 hospitibus,
1350 5092 1393 5166 et
1432 5083 1555 5166 debet
1583 5081 1653 5162 ille
