4334 5750
261 277 265 286 -
410 175 674 346 ¹n
1156 233 1405 328 caut..

516 459 726 540 oruiuutt.
764 453 827 536 11Ιί
859 484 955 538 roro
995 455 1196 539 nriuerunt
1223 454 1410 539 l'uulum'
1433 460 1477 538 et
1503 455 1739 538 Burnolmm
1767 453 1932 539 dorono-

367 696 370 702 Δ
515 587 665 698 lymum
706 587 758 670 od
795 587 1006 696 apostolos
1044 615 1168 698 super
1203 587 1283 672 lure
1310 585 1568 698 'quaestione
1633 583 1833 669 Similiter
1871 585 1941 710 illi*

516 719 608 804 salsi
649 719 825 829 upmstoli
856 719 1056 834 miserunt
1082 749 1178 804 suos
1207 719 1350 803 missos
1378 717 1430 804 ad
1459 717 1680 827 apouoros,
1718 707 1932 830 qui'dero-

371 917 375 924 .
514 851 682 963 solymis
718 855 849 938 eruut.
905 850 986 951 Qui
1014 851 1202 964 Apostoli
1242 862 1524 936 conuenerunt
1552 851 1595 934 in
1635 879 1777 956 uuum,
1804 858 1847 937 ot
1873 857 1932 938 uit

518 985 663 1067 l’etrus
690 983 744 1066 od
773 983 897 1068 falsor
924 984 1158 1092 apostolos:
1214 983 1297 1068 Cur
1325 981 1531 1086 irupouitis
1557 981 1630 1064 lior
1648 983 1794 1092 jupum
1811 1009 1933 1090 super

353 1137 356 1144 ’
516 1141 602 1224 nos,
641 1114 749 1220 quod
783 1141 863 1198 uou
901 1119 1117 1220 putruerunt
1140 1119 1313 1220 portare
1333 1112 1479 1218 pulmo
1517 1115 1647 1212 riustri
1674 1141 1800 1219 noque
1827 1119 1936 1200 uos?

518 1245 602 1330 Sed
631 1273 712 1352 per
749 1245 928 1353 prolium
969 1237 1143 1330 'Domini
1183 1243 1288 1329 Jesu
1330 1245 1486 1329 Otr-isti
1523 1244 1726 1328 crerlinure
1764 1245 1932 1346 mrlruri,

518 1377 851 1485 qrrenurdmodmn
879 1383 916 1460 et
945 1377 1023 1464 illi.
1081 1377 1153 1461 Ait
1182 1376 1571 1486 uutempentibus:
1603 1375 1693 1476 Nos
1721 1378 1826 1460 einim
1853 1405 1931 1460 nou

479 1603 483 1610 ,
523 1509 767 1613 imponimus
799 1533 924 1613 supur
959 1535 1030 1592 ros
1057 1511 1143 1592 uisi
1169 1517 1339 1609 turdum,
1366 1515 1409 1590 ut
1436 1509 1675 1614 erboliueutie
1700 1534 1772 1590 tros
1798 1538 1824 1590 u
1849 1509 1934 1613 [or-

517 1639 728 1740 nieutioue,
756 1668 784 1721 o
811 1643 1010 1746 seirpuine
1037 1645 1075 1722 ot
1102 1639 1308 1742 sufforuto.
1351 1637 1396 1721 ln
1428 1638 1507 1722 lroe
1535 1641 1644 1720 enim
1673 1639 1766 1724 loeo
1793 1639 1931 1737 oleret,

518 1769 616 1876 quin
654 1797 746 1851 erim
787 1771 1020 1853 substantio
1061 1799 1136 1852 suu
1177 1773 1377 1851 verterunt
1415 1773 1560 1876 genus
1600 1769 1651 1854 ud
1689 1769 1824 1854 tidem.
1882 1769 1933 1850 m

518 1925 764 2008 quamquem
810 1903 1000 2007 tepuerat
1039 1897 1221 1996 eeclesia,
1269 1897 1376 1980 sieut
1415 1899 1605 2001 diximus,
1642 1905 1779 1982 tanuen
1819 1907 1934 1982 erant

519 2027 559 2110 in
604 2027 675 2110 illu
709 2028 892 2127 ecelesia,
931 2031 972 2110 in
1014 2030 1164 2138 quilms
1201 2033 1291 2110 erret
1329 2033 1464 2112 servor
1501 2028 1765 2138 apostolicus,
1795 2033 1933 2113 memi-

521 2163 663 2241 ueutes
704 2161 862 2242 ordinis
900 2165 940 2241 ot
982 2159 1112 2262 vitoe,
1154 2160 1331 2268 qurditer
1372 2160 1550 2269 upostoli
1591 2160 1791 2248 virermrt.
1857 2161 1932 2258 Qui

496 2290 703 2372 ‚uidentes
744 2288 860 2372 lume
910 2295 1120 2398 teporem,
1162 2291 1332 2374 exibunt
1368 2321 1391 2372 u
1434 2291 1643 2372 eurmortio
1690 2291 1853 2373 illorum
1893 2297 1935 2374 et

520 2421 636 2504 ilmnt
673 2419 716 2504 in
758 2421 993 2502 snburlmun
1032 2433 1075 2504 et
1114 2423 1335 2506 secretiora
1374 2420 1477 2517 loeo,
1516 2427 1558 2504 et
1594 2428 1718 2530 prount
1747 2421 1935 2506 reeorda-

519 2553 694 2652 lmulur,
732 2581 803 2654 eu,
840 2581 947 2661 quoe
988 2551 1168 2662 opostoli
1204 2551 1452 2653 document,
1487 2551 1759 2652 exercebunt,
1796 2558 1839 2634 et
1877 2551 1935 2634 itu

519 2690 655 2764 ortum
698 2690 933 2788 out'genuu
970 2685 1305 2786 coenobitarum,
1344 2689 1386 2768 et
1424 2684 1650 2796 perumnsit
1688 2681 1766 2765 lme
1787 2671 1937 2793 'geum

519 2815 650 2935 notrum
670 2815 810 2898 uudtis
832 2815 964 2912 renuis,
991 2820 1034 2896 et
1056 2815 1161 2898 odeo
1180 2817 1405 2923 pernmnsit
1422 2817 1560 2900 multis
1584 2815 1719 2915 orturis,
1738 2821 1786 2897 nt
1806 2813 1935 2897 solum

433 3023 437 3030 .
522 2976 650 3056 rusque
676 2946 728 3030 ud
759 2953 920 3055 tempus
950 2947 1068 3033 l‘mrli
1098 2952 1142 3030 et
1171 2948 1345 3032 Antonii
1374 2949 1554 3036 dommi.
1593 2948 1673 3032 Sed
1702 2949 1810 3032 sieut
1834 2946 1937 3030 solet

504 3093 568 3162 'ex
598 3079 734 3163 radico
762 3080 872 3164 bonu
901 3079 1059 3164 fruetus
1087 3079 1220 3162 boum
1251 3079 1483 3190 procedere,
1522 3083 1583 3165 ita
1613 3108 1663 3166 ox
1691 3079 1770 3163 lmc
1796 3083 1936 3162 sarrctu

521 3207 658 3298 mdioo
676 3209 810 3292 bonus
826 3211 984 3294 fruetus
1005 3211 1216 3320 prooessit,
1245 3213 1271 3298 i.
1297 3243 1332 3297 e.
1352 3210 1462 3296 uliud
1481 3239 1612 3320 gertus
1630 3211 1934 3302 monachorum,

521 3340 547 3427 i.
577 3370 613 3428 e.
643 3341 918 3441 erernituuun,
956 3369 1129 3449 quorum
1159 3345 1347 3426 unctores
1383 3343 1551 3426 luerunt
1579 3343 1623 3426 in
1651 3340 1781 3425 veteri
1809 3345 1935 3422 testu·

523 3473 664 3552 mento
707 3467 819 3554 Elius
870 3476 913 3555 et
957 3471 1166 3580 illiniens,
1209 3471 1250 3553 in
1304 3501 1415 3556 rrouo
1464 3477 1715 3558 testamento
1755 3471 1935 3555 «loannes

520 3599 723 3710 Baptista,
767 3603 917 3687 l'uulus
957 3609 1000 3688 et
1043 3605 1262 3692 Antonius.
1324 3602 1481 3689 lloiude
1518 3632 1610 3688 eum
1653 3601 1798 3711 religio
1826 3601 1935 3685 enri-

520 3731 653 3816 etianu
681 3733 880 3842 gatrudoret
915 3735 979 3820 luis
1007 3737 1167 3824 ‹ltrolms
1204 3737 1426 3846 gonoribus
1454 3736 1762 3834 urormelrornm,
1802 3737 1933 3818 ortum

523 3870 585 3950 ost
612 3866 773 3948 tertium
797 3893 925 3977 prorue
955 3867 1283 3975 Surumriturum,
1323 3869 1433 3982 <prod
1471 3867 1615 3976 lingue
1642 3865 1801 3974 syriuou
1839 3861 1937 3946 diei·

522 4001 613 4096 tur,
653 3995 784 4079 lutino
833 3999 1131 4109 iuterpretatur
1179 4003 1454 4098 tonnitorum,
1503 4029 1552 4082 eu
1605 3995 1715 4106 quod
1763 3993 1933 4078 ullorum

512 4127 693 4238 ‘imperia
724 4130 787 4213 rel
805 4132 1036 4217 uoluntates
1060 4133 1230 4243 implere
1254 4136 1434 4216 renuunt
1461 4135 1505 4214 et
1519 4155 1612 4212 snas
1628 4127 1772 4210 volunt
1793 4127 1932 4210 lucere.

371 4317 378 4328 ·
416 4255 422 4268 '
523 4269 705 4364 Quorum
733 4269 920 4350 utretores
950 4269 1119 4350 t'ueruut
1147 4263 1329 4350 Ananias
1358 4268 1402 4348 ot
1430 4261 1619 4374 Suphim,
1655 4259 1725 4371 qui
1755 4263 1936 4370 ternpore

491 4387 818 4506 'apostolorum
847 4427 938 4482 enm
969 4392 1247 4484 vendidissent
1275 4397 1548 4509 possessiones
1576 4420 1681 4494 suras,
1710 4421 1832 4477 eausa
1861 4389 1949 4506 din

364 4504 395 4592 .'
525 4527 716 4612 tidentiae
754 4531 1046 4616 fraudaverunt
1082 4533 1133 4616 de
1168 4531 1301 4643 pretio
1335 4529 1427 4638 agri
1456 4533 1499 4610 et
1527 4530 1686 4635 purtem
1715 4529 1938 4636 posuerunt

524 4667 622 4746 oute
651 4661 773 4772 pedes
802 4663 1097 4773 apostolorum.
1137 4667 1247 4764 llutos
1279 4664 1436 4765 t‘etrus,
1464 4659 1561 4772 quia
1590 4657 1787 4744 radicitus
1809 4653 1937 4740 voluit

525 4801 738 4903 amputare
777 4795 856 4892 hoe
897 4795 1056 4899 vitium,
1095 4825 1178 4880 non
1219 4823 1393 4895 earcere,
1433 4821 1516 4876 uon
1556 4785 1698 4900 uliquu'
1722 4787 1936 4882 sententio,

525 4927 596 5010 sed
624 4926 882 5012 solummodo
910 4927 1034 5010 celeri
1062 4933 1197 5011 morte
1226 4928 1367 5030 plexit,
1398 4924 1425 5008 i.
1454 4953 1477 5005 e
1517 4919 1819 5006 condemnauit.
1858 4915 1936 4999 nu

527 5056 851 5142 unimodiertere
878 5059 1090 5150 debemus:
1132 5058 1167 5141 si
1208 5058 1283 5160 illi,
1325 5054 1396 5166 qui
1436 5083 1510 5138 rna
1546 5052 1823 5147 detinuerunt,
1865 5045 1937 5130 tuli

526 5215 655 5306 poeno
685 5187 871 5272 mulctati
911 5194 1022 5291 sune,
1063 5188 1174 5300 ‹prrali
1204 5215 1338 5298 poeno
1373 5183 1598 5272 murletundi
1628 5186 1724 5266 nunt
1755 5180 1838 5281 illi,
1866 5175 1938 5288 qui
