3968 5774
133 241 136 248 ¹
232 251 317 407 380
826 315 914 412 cap.
936 317 1066 395 XXXI.

6 569 9 574 Δ
174 529 202 614 .’
233 533 330 618 ritia
368 559 547 644 nauaque
574 539 637 618 est
664 535 791 620 nimia
818 537 1053 622 diuitiarum
1082 536 1340 648 acquirendi,
1378 537 1556 622 habendi
1584 544 1646 628 rei

235 662 402 748 tenendi
444 664 660 772 cupiditas.
730 666 849 750 Unde
888 667 1113 776 Gregorius
1151 666 1272 754 dioit:
1310 668 1504 752 Auaritia
1542 674 1647 754 euim

234 818 313 875 riou
350 791 478 875 satam
501 797 698 899 marcirias
724 804 806 898 est,
847 801 921 881 aad
955 801 1076 881 etiam
1104 796 1362 896 etiamtiam,
1391 826 1494 905 puae
1515 802 1648 904 pestis

235 923 522 1008 insaturabilis
549 931 619 1016 est.
660 927 774 1010 Sicut
801 928 964 1010 arortms
980 928 1191 1034 trpdropiai
1214 953 1260 1010 eo
1281 928 1389 1033 qood
1410 932 1452 1011 ia
1477 929 1668 1015 bibendo·

235 1079 316 1137 aon
337 1057 449 1138 sitim
469 1056 666 1162 eatirrpait
690 1058 764 1140 sed
778 1059 957 1162 potarrdo
976 1061 1200 1158 srecorrsrit
1228 1060 1290 1140 sie
1310 1062 1486 1142 auaritia
1501 1068 1647 1165 qnam

203 1269 206 1276 ,
237 1186 370 1293 strapis
407 1185 545 1289 liutet,
585 1194 696 1272 tarito
726 1187 825 1294 plus
852 1189 1054 1274 desiderat
1066 1257 1078 1294 ‚
1107 1197 1150 1272 ot
1188 1191 1284 1274 dreia
1313 1194 1457 1275 rrrmtas
1484 1219 1563 1274 riou
1591 1201 1650 1276 est

235 1316 299 1399 itti
318 1319 360 1400 iri
385 1317 581 1418 latomo,
610 1321 752 1403 aremius
779 1321 844 1403 itii
870 1349 950 1404 rma
977 1330 1036 1403 est
1065 1325 1105 1406 ia
1126 1323 1411 1409 desiderando.
1472 1321 1544 1404 Ea
1569 1351 1648 1430 qua

233 1449 419 1530 oriantur
437 1484 442 1495 ·
462 1449 665 1552 inuidiae,
700 1453 839 1555 licito,
866 1451 1102 1554 latrocinio,
1128 1433 1400 1549 'torrriciriirem
1427 1461 1465 1537 et
1493 1453 1646 1560 reliquo

236 1579 303 1662 tiis
341 1580 509 1665 similia.
577 1579 677 1664 Cuiu
717 1569 855 1665 autem
893 1583 995 1666 dicit
1033 1611 1158 1693 aeque
1190 1585 1390 1691 protimus
1426 1587 1482 1668 sit
1519 1615 1648 1670 -ao

42 1716 44 1724 '
187 1715 189 1720 ’
238 1711 271 1792 si
313 1710 486 1796 diaeretr
527 1715 592 1797 cui
623 1740 703 1796 aon
741 1713 1000 1816 richeldem,
1028 1740 1107 1798 riou
1136 1719 1214 1804 ciet.
1268 1717 1474 1824 Proriipas
1502 1718 1651 1800 dicitnr
1799 1803 1802 1808 ,

239 1841 357 1951 quasi
403 1845 678 1950 »surriperes«.
748 1845 864 1941 Quod
903 1874 998 1929 rero
1034 1847 1136 1930 dicit
1173 1851 1370 1952 stimulor
1406 1847 1652 1930 seetstuutioe
1691 1895 1695 1903 ι

241 1973 502 2071 irrorrosterii,
532 1947 658 2056 niniam
688 1973 919 2082 significat,
960 1974 1040 2061 hoo
1077 1981 1141 2058 est
1168 1979 1263 2085 quia
1292 1976 1513 2086 prodigus,
1542 1967 1649 2085 'quod

243 2103 440 2208 stirpator
467 2104 734 2190 substantiae.
792 2100 876 2186 sed
902 2104 1038 2186 oarrria
1067 2113 1294 2188 raoesurute
1322 2105 1432 2188 debet
1455 2107 1592 2210 fircera
1616 2113 1659 2187 et.

243 2232 458 2315 semirutum
486 2236 715 2338 jassimram
741 2221 914 2318 obtutis.
969 2236 1088 2332 Quod
1117 2236 1218 2318 dicit
1255 2235 1469 2352 samonium
1497 2238 1652 2340 jiessio-

240 2366 543 2468 aemunitatis,
579 2367 656 2452 hoo
694 2368 828 2476 ipsum
871 2366 1085 2476 repetiuit,
1123 2369 1310 2474 superius
1348 2367 1458 2473 quod
1495 2367 1653 2447 dixerat

240 2495 329 2578 sirm
338 2497 525 2602 jussione
543 2499 702 2583 attactis
730 2497 999 2601 nitidissimi,
1027 2499 1124 2606 quia
1152 2524 1228 2579 uos
1256 2525 1356 2596 rem,
1381 2492 1508 2606 'quam
1540 2497 1650 2577 votn-

242 2655 332 2710 mus
360 2629 515 2712 arctius
542 2629 736 2714 inculcari
766 2629 809 2712 iu
827 2625 1020 2712 cordibus
1041 2626 1274 2710 auditorum
1296 2625 1544 2726 nostrorum,
1573 2625 1677 2708 fre·-

101 2841 105 2850 ,
243 2759 386 2865 quenti
416 2761 633 2845 iteratione
661 2760 898 2869 repetimus·

353 2891 567 3000 Sequitur:
607 2889 890 2974 Humilitatem
917 2897 1010 2973 uate
1036 2890 1172 2974 oirrrriu
1198 2888 1355 2974 lrabeat.
1412 2887 1654 2972 Bene-dixit

93 3069 97 3076 ·
156 3011 165 3030 ’
243 3022 527 3106 Humilitatem
555 3029 649 3108 arete
675 3025 812 3106 mairia
838 3020 993 3121 intest,
1021 3048 1071 3102 eo
1099 3023 1210 3127 quod
1235 3019 1311 3103 Dei
1339 3019 1542 3128 sapientia
1573 3047 1652 3103 noir

160 3153 163 3162 ’
245 3161 382 3265 potest
410 3184 497 3240 esse
516 3157 603 3239 siue
623 3153 869 3242 hrrrrriiitate.
913 3152 1009 3236 ideo
1026 3152 1136 3236 roim
1156 3151 1342 3260 superius
1358 3151 1475 3232 iilum
1498 3151 1657 3234 dixerat
1726 3169 1729 3180 '

243 3291 469 3399 eapientem
499 3315 598 3390 esse,
628 3295 675 3371 ut
697 3288 861 3397 sopiens
882 3285 1012 3396 possit
1037 3290 1135 3368 aute
1158 3284 1353 3368 omuiaet
1377 3284 1653 3392 superomnia

245 3421 519 3504 humilitatem
547 3421 712 3504 habero.
1559 3413 1562 3420 ’

356 3552 576 3660 Sequitur:
625 3558 662 3632 et
710 3550 775 3633 sai
816 3550 1042 3636 substantia
1081 3573 1163 3630 aaa
1205 3553 1288 3647 est,
1338 3549 1403 3630 arri
1442 3547 1657 3647 tritantur,

244 3709 377 3768 semro
413 3683 691 3791 responsionis
724 3683 964 3789 porripatur
1002 3681 1152 3780 maiia,
1193 3677 1296 3762 sieut
1340 3679 1535 3782 seriptum
1576 3684 1655 3759 est:

254 3813 423 3896 »Samira
451 3813 576 3894 boram
602 3795 726 3916 saper
752 3810 892 3893 datram
926 3812 1142 3916 optimarum
1173 3857 1227 3876 -
1256 3809 1373 3916 qnasi
1400 3809 1574 3892 diceret:
1614 3805 1657 3890 Si

129 4047 134 4058 .
245 3972 328 4026 nou
357 3949 419 4025 est
447 3943 690 4043 substantia,
720 3971 825 4049 quae
852 3941 1060 4024 tribuatur
1088 3941 1226 4040 alicui,
1255 3940 1494 4050 porrigatur
1523 3965 1656 4020 senno

247 4073 399 4169 bouum
429 4099 465 4157 r.
495 4099 557 4181 gr.
587 4073 798 4180 quaeritur
817 4073 877 4154 ab
899 4055 978 4154 iiio
1008 4072 1128 4178 piscis
1166 4077 1240 4152 aut
1273 4097 1395 4153 orum
1425 4067 1479 4149 ab
1506 4067 1658 4175 atiquo,
1708 4131 1737 4180 ·,

245 4203 315 4285 iiie
359 4232 455 4285 vero
498 4231 583 4298 vnon
629 4201 753 4284 habet
795 4203 859 4306 id,
901 4202 1011 4310 quod
1054 4200 1283 4308 ‹prraesitunr
1326 4204 1410 4296 esu
1449 4245 1495 4260 -
1536 4196 1660 4277 debet
1729 4240 1735 4250 ·

245 4334 388 4416 saltem
431 4359 658 4416 sermonem
709 4332 862 4415 bonum
909 4332 1144 4441 porrigere,
1194 4329 1292 4438 quia
1338 4329 1536 4438 seriptum
1578 4333 1658 4408 est:

250 4463 416 4547 »Saturio
433 4463 560 4544 turries
577 4487 700 4567 super
715 4464 854 4546 <iotam
874 4464 1104 4569 optimrmrs
1151 4459 1190 4543 N
1194 4487 1272 4542 uno
1291 4487 1387 4542 uero
1417 4458 1656 4542 intuemtum

169 4619 171 4622 ·
245 4600 321 4696 est,
349 4580 557 4703 quomodo
584 4595 764 4704 intelligi
793 4575 916 4680 ἆεὶιεῢ
944 4597 1022 4678 hoe
1051 4594 1161 4704 qumi
1199 4592 1326 4675 dicit:
1366 4590 1508 4674 Samio
1535 4591 1660 4670 torius

244 4753 368 4831 stipor
395 4725 534 4810 dutum
562 4731 766 4842 optirrmm.
823 4730 866 4811 Si
907 4727 1018 4810 euim
1056 4725 1147 4834 quis
1185 4723 1258 4806 dat
1286 4723 1486 4831 optimum
1519 4723 1657 4804 (intrim

200 4915 203 4922 ,
246 4887 339 4941 oiim
369 4887 557 4944 sermone
586 4861 718 4958 boun,
749 4860 946 4966 rrurnquid
978 4858 1123 4941 meiius
1150 4862 1214 4938 est
1240 4853 1350 4938 sotus
1373 4883 1506 4936 sermo
1529 4853 1659 4933 tronus

246 5019 369 5100 super
397 4990 538 5074 datram
569 4991 672 5073 iliud
700 4991 903 5100 optimum
932 5020 1023 5075 euru
1055 5016 1243 5071 sermone
1264 4986 1405 5069 bono?
1454 4987 1561 5084 Non,
1590 4983 1660 5066 sed

245 5123 319 5205 illo
347 5123 447 5207 dato
474 5123 633 5231 optimo
661 5127 724 5204 est
751 5123 894 5208 melior
919 5151 1054 5206 sermo
1093 5121 1249 5222 bonum
1291 5119 1401 5228 quod
1431 5145 1523 5202 cum
1554 5113 1661 5198 maia
1763 5227 1768 5236 Ι

248 5256 461 5340 voluntate
500 5254 634 5338 dutur.
692 5253 799 5342 Nam
839 5255 872 5340 si
918 5253 1061 5338 metior
1099 5256 1163 5334 est
1202 5249 1313 5334 solua
1353 5275 1486 5333 sermo
1528 5247 1661 5331 bonus
