3974 5778
867 325 1071 418 emm.
1228 277 1333 394 s.
1577 311 1783 422 my·

255 557 315 636 cst
343 553 385 635 ct
413 547 498 657 pro‘
517 545 767 655 perfectione
804 549 985 656 portitor.
1046 549 1251 636 Perfectus
1287 550 1395 635 euim
1425 559 1488 636 est
1516 580 1661 636 seeun-
1746 633 1750 642 ,

255 686 348 768 dum
388 679 675 761 anctoritatem
717 678 879 762 divinae
919 679 1165 790 scripturae,
1204 683 1300 790 qnia
1340 682 1380 766 iu
1420 713 1488 768 sex
1518 685 1660 768 diebus
1701 692 1707 704 ‘
1778 741 1780 746 -
1912 692 1919 702 '

255 805 416 897 ereuvit'
436 809 544 892 Deus
585 805 722 890 omnia
761 811 984 894 seeundum
1014 812 1259 896 saecularem
1288 821 1441 916 artem,
1471 846 1520 901 eo
1549 818 1658 927 quod
1841 819 1844 826 ⁴

254 943 295 1025 iu
323 940 404 1024 suis
433 938 619 1048 pertibus
648 938 800 1022 divisus
830 941 1018 1026 efficitur.
1077 937 1215 1026 Habet
1250 944 1358 1027 enirn
1388 953 1523 1054 partes
1553 954 1658 1031 tres:

255 1078 278 1161 i.
308 1104 341 1162 c.
372 1100 498 1157 uuum
529 1081 571 1156 et
600 1073 680 1156 due
710 1077 753 1180 et
781 1071 883 1170 triu;
913 1073 947 1154 si
975 1073 1083 1156 euim
1109 1074 1304 1158 dividitur
1328 1104 1401 1186 per
1423 1106 1505 1179 sex,
1535 1079 1661 1162 habet

254 1233 397 1305 numu,
436 1203 533 1311 quia
576 1231 646 1287 sex
688 1203 759 1286 uni
797 1231 866 1287 sex
907 1203 1089 1303 faeiuut;
1127 1203 1161 1287 si
1195 1211 1330 1288 auteur
1361 1205 1557 1291 dividitur
1585 1238 1658 1318 per
1755 1287 1757 1290 .
1846 1271 1849 1278 ·

254 1341 343 1439 dno,
375 1334 628 1434 husterin,
658 1331 755 1442 quiu
782 1332 816 1414 si
845 1335 1041 1419 dividitur
1070 1363 1142 1443 per
1171 1337 1361 1436 medium,
1391 1339 1499 1421 illius
1528 1340 1661 1422 medin

254 1467 598 1580 perstruamus
638 1467 672 1548 si
703 1491 798 1548 vero
827 1465 1025 1548 dividitur
1058 1493 1129 1574 per
1158 1467 1258 1566 triu,
1298 1466 1426 1550 lrabet
1454 1469 1571 1572 ‹lrro,.
1599 1479 1661 1552 tor
1727 1465 1756 1541 ἶ

252 1601 356 1683 enim
387 1596 468 1679 duo
495 1595 685 1678 sinriliter
713 1621 781 1677 sex
822 1597 991 1678 faciunt.
1053 1597 1111 1679 de
1151 1623 1223 1704 per
1260 1593 1335 1678 iroe
1360 1599 1490 1708 ‚iunge
1519 1630 1659 1705 rursum,

252 1734 335 1815 duo
371 1732 495 1836 atque
535 1727 634 1828 triu,
678 1754 748 1808 sex
788 1725 956 1810 fuciunt.
1015 1726 1277 1833 Septeumius
1320 1729 1426 1811 euim
1468 1758 1659 1814 numerus
1788 1801 1797 1811 .

251 1863 451 1973 periectas
480 1864 555 1958 est,
584 1857 653 1940 sed
683 1857 765 1940 ulio
796 1856 928 1952 modo,
958 1855 1065 1940 sient
1093 1857 1193 1942 dicit
1213 1858 1260 1944 D.
1280 1861 1521 1968 Gregorius:
1555 1861 1656 1965 Quiu

163 2079 166 2086 Δ
252 2018 362 2076 omue
390 1989 532 2073 dorsum
560 2013 661 2093 epam
688 1995 837 2092 emnem
860 2015 939 2092 por
968 1987 1167 2092 Spiritum
1197 1987 1408 2073 virtutum
1431 1992 1586 2096 unitur,
1616 1999 1658 2074 nt

250 2127 284 2204 et
307 2120 411 2224 fides
438 2118 560 2204 sirrud
588 2127 625 2202 e!
652 2144 774 2222 opera
811 2126 1102 2204 ceusrnnmdur.
1116 2118 1149 2229 ¹)
1207 2121 1339 2219 Quare
1380 2123 1489 2205 enim
1519 2121 1656 2208 landes

256 2257 338 2338 Deo
366 2253 514 2334 referre
536 2250 753 2334 debeamus
774 2255 856 2332 tam
883 2247 925 2331 in
948 2248 1013 2332 die
1035 2279 1156 2360 quam
1177 2250 1217 2334 iu
1246 2253 1377 2355 noete,
1407 2253 1656 2348 monifestat,
1702 2347 1704 2352 ¹
1803 2247 1808 2258 ’

251 2413 338 2467 cum
380 2383 593 2491 subjunxit
631 2407 754 2487 snper
789 2379 946 2484 judicia
977 2379 1164 2484 ⁴iustitiae
1210 2409 1319 2468 seror.
1392 2381 1505 2466 Istud
1548 2383 1653 2466 eninr

248 2539 367 2618 serpes·
385 2521 644 2622 propropter
669 2513 837 2624 ponitur
857 2510 896 2594 in
923 2510 1000 2594 iroc
1028 2511 1130 2608 loen,
1159 2543 1207 2595 ne
1229 2514 1262 2596 si
1285 2513 1459 2596 diceret:
1492 2519 1657 2623 propter

243 2644 396 2752 jrrdieia
426 2645 612 2752 justitiae
647 2669 766 2742 sune,
809 2641 906 2749 curio
937 2640 1093 2748 jmlieia
1126 2641 1197 2725 Dei
1228 2643 1658 2753 inemuprehensibilis

247 2785 354 2862 srrnt.
400 2774 715 2886 thumuquam
741 2772 1168 2880 iucemprehensibilia
1193 2772 1277 2856 siut
1298 2773 1338 2856 in
1359 2773 1460 2870 aliis,
1483 2773 1656 2856 ruuxium

247 2901 1655 3014 trrrneuinruassugenerislrmumdincomprehensibiliacsseeognos·

246 3045 405 3139 entitur,
435 3065 483 3120 co
512 3036 620 3145 quod
651 3033 811 3144 deipsn
831 3063 964 3118 masse
985 3035 1196 3119 salvantur
1219 3036 1287 3118 aiii
1311 3035 1444 3120 etalii
1471 3041 1656 3144 pereunt.

247 3157 535 3252 Verumtamen
566 3165 810 3251 credendum
841 3171 941 3265 est„
968 3165 1074 3273 qnia,
1105 3167 1175 3276 qni
1205 3167 1434 3266 salventur,
1476 3165 1658 3274 grutuita

248 3297 520 3383 misericordia
544 3295 615 3380 Dei
645 3297 867 3398 salvantur,
897 3303 939 3379 et
966 3294 1036 3404 qui
1062 3303 1246 3405 pereunt,
1272 3297 1387 3405 justo
1402 3294 1560 3404 judicio
1582 3294 1657 3378 Dei

244 3438 427 3540 pereunt.
466 3429 618 3514 Reddit
647 3427 754 3513 euim
785 3453 960 3530 caussam,
990 3429 1104 3536 enjars
1134 3428 1218 3511 siut
1245 3428 1334 3538 ipsa
1357 3426 1527 3536 judicio,
1561 3453 1654 3510 eum

218 3559 456 3668 ¹subjunxit
489 3557 676 3668 justitiae
715 3583 834 3664 orasse,
878 3555 916 3640 h.
952 3587 990 3647 e.
1031 3558 1251 3666 aequitatis
1289 3587 1408 3660 surae,
1459 3587 1506 3640 eo
1548 3555 1655 3666 quod

243 3692 394 3798 judicia
425 3686 593 3776 Domini
622 3677 861 3796 exjustitia
888 3689 1129 3796 procedunt.
1183 3689 1350 3790 Deinde,
1379 3686 1476 3798 quia
1504 3687 1657 3790 (locarit,
1861 3791 1866 3798 ι

245 3823 365 3905 etiam
416 3827 538 3906 noete
580 3847 666 3904 esse
713 3821 963 3928 surgendum
1007 3819 1059 3904 ud
1099 3820 1238 3903 laudes
1282 3820 1368 3904 Deo
1410 3817 1656 3918 referendas,
1921 3810 1925 3824 '

247 3952 375 4037 veluit
410 3954 658 4037 confirmare
683 3978 754 4060 per
784 3953 1011 4058 exemplum
1055 3948 1313 4034 auctoritatis
1350 3948 1510 4032 divione
1539 3948 1657 4052 adiri-
1760 4033 1765 4054 ¹

246 4084 344 4166 bens
370 4083 600 4204 exemplum
633 4080 765 4166 David
797 4081 1020 4192 prophetae
1049 4083 1211 4166 diceus:
1255 4079 1396 4164 Media
1427 4086 1658 4174 rroetesur·

242 4211 380 4318 orbum
409 4215 465 4299 ad
493 4213 757 4320 coufitendum
785 4213 879 4318 tibi,
924 4219 1127 4323 quatenus
1155 4213 1191 4298 ei
1223 4193 1380 4296 fueiiins
1410 4213 1657 4295 crederetur.
1766 4245 1769 4252 ·

248 4344 355 4430 Dicit
391 4343 522 4449 enim,
553 4345 700 4430 dixisse
738 4343 871 4453 ipsum
913 4345 1068 4429 David:
1111 4345 1257 4430 Media
1296 4349 1406 4490 erecte
1446 4339 1657 4446 sumebam

245 4476 299 4558 cd
336 4475 599 4580 emittendum
642 4477 728 4560 titi.
796 4473 1087 4560 Verumtamen
1132 4474 1539 4560 anirnudverteudum
1583 4477 1656 4572 est,
1738 4485 1740 4490 '

245 4631 370 4712 quare
406 4607 447 4691 S.
478 4607 726 4692 Benedictus
762 4606 954 4692 adhibuit
989 4605 1221 4716 exemplum
1263 4606 1313 4690 de
1348 4605 1488 4688 media
1524 4608 1656 4702 noete,
1725 4607 1728 4617 ‘

245 4762 333 4846 cum
373 4739 459 4848 ipse
500 4765 584 4822 neu
614 4738 748 4822 media
777 4745 919 4837 necte,
961 4736 1032 4822 sed
1062 4745 1207 4822 octava
1249 4735 1350 4820 hera
1381 4735 1514 4819 noetis
1543 4761 1658 4843 prac-

245 4865 345 4976 eipit
372 4896 458 4953 esse
487 4869 737 4981 surgendum
757 4868 808 4952 ad
829 4867 971 4955 laudes
992 4867 1076 4952 Deo
1101 4839 1346 4952 referendasi
1390 4863 1463 4950 Oui
1484 4891 1658 4974 respou-

249 5009 501 5031 ι--ι--.-.
1332 4979 1345 5020 ἱ

333 5033 1661 5163 omummmmnnmsmmmmoa
1787 5126 1791 5136 .

241 5171 414 5261 posterus
435 5185 503 5260 aa,
536 5179 622 5270 quio
645 5197 743 5250 omne
765 5197 856 5268 opus
879 5175 1004 5246 bouum
1026 5192 1091 5264 per
1122 5178 1250 5263 reptem
1273 5169 1433 5262 Spiritus
1454 5167 1570 5242 sancti
1591 5168 1661 5238 nir·

190 5419 194 5425 ⁴
244 5288 334 5379 tutes
354 5286 476 5378 enirm
498 5336 507 5362 .
599 5335 608 5360 .
631 5285 690 5378 (cf.
714 5283 847 5376 Migne.
870 5287 955 5356 tour.
981 5285 1034 5356 76.
1057 5277 1123 5354 eol.
1147 5281 1238 5372 773).
1284 5363 1287 5370 Δ
1386 5387 1474 5476 20*
