3930 5788
296 235 460 383 '580
674 265 690 398 J
873 305 877 320 ·
964 249 1216 381 ¹copam

59 579 79 610 .,
140 559 143 566 «
321 565 353 628 ,.
376 517 497 598 enne
516 508 673 617 marm
691 469 838 617 senor
863 513 1008 620 meu
1033 513 1072 628 e
1098 507 1165 596 ee
1187 491 1319 628 ,nne
1345 505 1539 613 ιαιηιι,
1565 531 1638 592 m
1661 532 1784 642 W·

42 678 46 690 ¹
112 653 129 679 ⁶
221 733 224 742 ,
377 648 512 764 ninid
529 641 676 751 ⁸isidor
703 641 934 743 miscuere,
964 639 1051 724 nisi
1068 641 1303 750 praecipiet
1327 639 1466 724 senor
1491 664 1612 741 sees,
1640 638 1702 722 its
1725 637 1786 722 iu·

376 772 598 884 telligilur,
625 773 655 864 i.
673 800 709 866 e.
735 770 845 860 sicut
864 767 936 860 ille
949 771 1093 882 junior
1109 773 1361 884 praecipitur
1377 797 1561 881 surgere,
1582 770 1644 854 ite
1665 767 1783 852 etium

251 993 272 1029 Ι,
376 903 447 988 ille
474 903 614 990 senior
639 903 775 990 dicere
802 901 925 986 debet
951 902 1107 1015 juniori
1143 901 1296 988 sedere.
1351 901 1408 988 Et
1447 901 1675 988 nolendum
1715 907 1786 1003 est,

376 1034 525 1146 quiesi
544 1035 615 1120 ille
630 1035 774 1120 senior
790 1031 882 1118 vult
898 1034 1051 1137 sedere,
1077 1039 1178 1119 tune
1197 1033 1320 1118 debet
1338 1032 1437 1118 dere
1458 1035 1594 1119 loeum
1624 1031 1787 1117 sedendi

133 1201 142 1218 ·
241 1179 246 1188 '
373 1163 518 1274 junior
544 1165 686 1274 priori.
742 1163 862 1264 Qnod
902 1153 1039 1250 nutem
1080 1165 1183 1250 dicit
1216 1170 1450 1249 transeunte
1475 1163 1788 1272 majore-junior

157 1377 160 1384 .
247 1313 253 1324 '
377 1300 531 1401 serpet,
560 1295 619 1378 its
647 1293 770 1378 debet
796 1293 990 1404 intelligi,
1019 1295 1046 1380 i.
1070 1325 1107 1380 e.
1135 1295 1170 1379 si
1198 1295 1268 1380 ille
1295 1294 1433 1378 senior
1462 1292 1574 1378 venit
1600 1293 1653 1377 ed
1674 1292 1786 1375 illum

127 1415 133 1424 ¹
160 1409 168 1426 ⁸
240 1431 251 1546 J
374 1425 581 1536 juniorem
611 1425 783 1532 tratrem,
809 1431 853 1510 et
879 1425 970 1508 vult
997 1427 1138 1511 sedere
1166 1425 1231 1511 vel
1251 1423 1405 1535 eliquid
1430 1424 1526 1525 isle,
1553 1427 1654 1506 tuuc
1669 1421 1789 1506 debet

298 1575 303 1586 '
378 1557 447 1641 ille
471 1555 615 1662 junior
641 1571 809 1676 surgere
837 1562 881 1642 et
907 1557 1005 1642 dure
1032 1557 1168 1642 locum
1198 1556 1379 1644 sedendi.
1423 1553 1530 1640 Nem
1558 1583 1643 1638 non
1670 1551 1788 1635 dehet

376 1687 569 1798 intelligi,
597 1689 632 1772 si
660 1689 732 1774 ille
758 1690 1016 1776 solummodo
1044 1691 1181 1776 senior
1208 1690 1336 1774 irater
1363 1687 1586 1791 transierit,
1613 1692 1663 1771 ιιι
1688 1714 1787 1797 quo·

35 1811 38 1854 '
73 1813 76 1820 Δ
223 1839 230 1856 ·
380 1821 458 1906 ties
487 1819 556 1904 ille
585 1821 815 1924 transierit,
845 1823 1009 1908 toties
990 1823 1133 1932 Junior
1158 1825 1325 1930 surgat,
1352 1848 1391 1903 ι.
1421 1847 1482 1928 gr.
1514 1819 1629 1904 sedet
1655 1819 1788 1903 iniens

378 1957 452 2036 unt
479 1951 626 2036 alter
607 1950 751 2061 Junior
778 1952 823 2038 in
850 1954 1031 2038 claustro
1067 1958 1111 2037 et
1139 1954 1247 2038 forte
1275 1951 1402 2102 legit3
1441 1949 1552 2060 quod
1589 1949 1625 2032 si
1660 1955 1788 2032 trans·

34 2127 36 2146 ’
145 2172 181 2182 ..
227 2143 230 2148 -
377 2083 473 2165 ierit
500 2081 629 2166 irater
656 2082 807 2188 senior,
836 2112 920 2168 ιιοιι
948 2099 996 2169 ιι
1024 2085 1163 2171 veniat
1189 2084 1284 2170 ed
1265 2083 1474 2192 Jnniorem
1503 2081 1704 2182 fratrem,
1723 2077 1788 2160 sed

106 2249 108 2256 ·
242 2252 250 2269 ·
376 2215 539 2294 tontum
569 2217 777 2316 transeat,
806 2242 889 2298 nou
925 2215 1049 2299 debet
1077 2214 1198 2298 ills
1179 2215 1322 2324 Junior
1356 2240 1545 2322 surgere,
1573 2211 1672 2320 quie
1711 2237 1788 2292 non

377 2345 440 2424 est
469 2341 590 2446 ratio,
620 2346 681 2444 ut,
710 2371 744 2428 si
732 2342 904 2428 decem
928 2345 1074 2428 iratres
1094 2343 1275 2428 seniores
1293 2343 1546 2442 transierint,
1572 2339 1646 2424 ille
1663 2338 1789 2424 decies

379 2477 545 2583 surget,
575 2501 624 2557 eo
653 2471 764 2581 quod
795 2500 878 2557 nou
908 2474 1011 2560 dicit
1040 2473 1092 2558 de
1119 2475 1296 2574 talibus,
1325 2472 1396 2557 sed
1425 2472 1477 2555 de
1505 2471 1610 2573 illis,
1639 2471 1709 2582 qui
1742 2467 1789 2552 ad

381 2631 473 2686 eum
505 2603 677 2690 veniunt
712 2609 756 2688 et
783 2605 923 2690 sedere
952 2607 1062 2691 iorte
1089 2606 1237 2690 volunt
1264 2610 1337 2690 ιιι
1365 2602 1520 2715 aliquid
1548 2601 1634 2687 lule
1659 2630 1788 2713 egere,

378 2740 479 2820 tunc
514 2735 716 2847 praecipit
749 2736 907 2848 juniori
944 2765 1112 2850 surgere
1151 2744 1195 2823 et
1232 2737 1330 2822 dure
1368 2738 1404 2820 ei
1445 2737 1579 2821 locum
1616 2733 1789 2818 sedendi.

378 2865 466 2952 Isto
493 2867 604 2953 euim
634 2867 757 2954 modo
784 2869 908 2955 debet
935 2869 1117 2958 fieri·r.
1146 2897 1211 2984 gr
1240 2869 1355 2954 sedes
1383 2875 1445 2974 tu,
1472 2869 1544 2979 qui
1573 2895 1617 2953 es
1640 2865 1789 2979 junior,

378 3005 422 3084 et
451 2999 562 3084 vides
591 3000 791 3086 seniorem
823 3002 1067 3104 venientem,
1104 3006 1148 3087 et
1178 3003 1283 3086 deut
1310 3007 1358 3088 tu
1379 3003 1541 3153 surgis,
1568 3001 1630 3085 ica
1667 2997 1788 3085 etiem

378 3131 518 3216 stetim
547 3129 671 3217 debet
697 3134 809 3244 prior
831 3133 978 3244 jubere
1006 3134 1157 3220 sedere.
1214 3134 1331 3221 Sicut
1358 3134 1466 3220 enirn
1486 3133 1674 3247 superins
1695 3131 1790 3215 dicit

342 3265 558 3378 juniores
590 3265 756 3372 priores
782 3291 878 3350 sitos
912 3265 1055 3352 delen
1082 3265 1305 3370 leorrorure,
1334 3267 1442 3352 sicut
1477 3266 1585 3352 filins
1622 3274 1788 3380 patrem,

249 3509 252 3516 Ι
378 3399 437 3483 ita
465 3378 590 3485 etiarn
618 3399 794 3511 majores
829 3400 983 3484 debent
1017 3428 1156 3486 enuere
1182 3401 1367 3512 juniores
1394 3429 1514 3507 suos,
1541 3398 1649 3487 sicut
1677 3407 1788 3512 puter

379 3531 509 3614 lilium
539 3561 671 3620 snum.
716 3533 1010 3618 Animadverte
1038 3562 1162 3637 nune,
1191 3534 1224 3617 si
1248 3539 1379 3646 peter,
1398 3535 1478 3644 -qui
1507 3533 1628 3619 nimis
1656 3533 1788 3643 diligit

380 3663 533 3768 lilium,
561 3694 654 3751 curn
685 3663 834 3748 uiderit
861 3663 976 3747 illum
1005 3671 1103 3750 unte
1132 3693 1393 3778 cosurgere,
1423 3665 1523 3750 dicit
1549 3666 1613 3752 illi
1641 3667 1786 3768 sedere,

295 3841 300 3854 ·
378 3799 475 3908 quin
514 3827 597 3883 nou
636 3799 795 3910 potitur
833 3797 948 3884 illurn
989 3803 1123 3902 sture,
1150 3799 1210 3882 itu
1245 3809 1288 3882 et
1322 3797 1392 3883 isti
1427 3798 1608 3886 seniores
1643 3802 1789 3887 debent

372 3930 609 4041 junioribus
646 3929 803 4036 iecere,
843 3933 886 4013 et
923 3929 1002 4016 hoc
1038 3937 1121 4034 est,
1164 3931 1274 4042 qnod
1312 3927 1484 4016 inferius
1512 3931 1615 4018 dicit
1649 3933 1789 4018 lurore

377 4063 545 4148 irroicern
565 4063 883 4170 praevenientes,
910 4065 938 4150 i.
966 4092 1001 4148 e.
1030 4067 1137 4150 sieut
1164 4067 1242 4149 iste
1265 4064 1408 4173 junior
1434 4066 1652 4175 praevenit
1677 4066 1783 4177 prio·

377 4223 462 4277 rem
493 4223 611 4278 suum
639 4195 684 4278 in
711 4195 899 4297 levando,
932 4197 992 4281 ita
1019 4196 1145 4280 debet
1171 4194 1295 4280 etium
1325 4194 1395 4281 ille
1423 4197 1562 4280 senior
1582 4197 1783 4307 juniorem

358 4353 494 4410 sunm
524 4329 764 4436 praevenire
792 4328 834 4412 in
863 4327 1075 4419 innuendo
1101 4327 1240 4412 sedere
1280 4333 1355 4411 eut
1382 4327 1578 4430 dicend03
1614 4335 1658 4414 et
1687 4329 1789 4413 sieut

377 4456 448 4542 ille
476 4457 616 4570 junior
644 4464 780 4544 servet
807 4457 868 4542 illi
896 4458 1096 4546 honorem
1133 4458 1178 4544 in
1206 4461 1414 4571 loquendo
1450 4467 1493 4546 et
1525 4461 1570 4544 in
1608 4460 1788 4560 levando,
1928 4439 1929 4487 ¹

225 4597 250 4700 'v
323 4591 327 4602 '
378 4590 438 4674 ile
466 4596 508 4675 et
536 4590 606 4674 ille
628 4585 769 4674 'senior
798 4583 921 4675 debet
957 4620 1267 4705 recompensare
1302 4595 1461 4705 juniori
1499 4623 1576 4681 suo
1612 4597 1786 4682 laborem

334 4791 341 4814 .
381 4723 646 4808 surrectionis
674 4723 806 4834 [enm]
835 4720 1030 4811 humilem
1064 4725 1313 4813 locutionem
1344 4727 1387 4813 iu
1417 4728 1555 4818 dulces
1583 4757 1785 4816 sermones

56 4835 64 4858 '
142 4875 171 4952 ⁸.
187 4867 209 4962 j
338 4862 423 4958 ¹et
453 4856 607 4942 blande
645 4856 769 4942 verbe
808 4855 993 4946 dicendo.
1051 4857 1186 4946 Debet
1222 4861 1343 4948 etiam
1379 4863 1507 4948 ebbns
1545 4865 1789 4982 constituere
1927 4903 1928 4914 ι

285 5067 290 5078 .
328 4999 334 5015 “
378 5018 507 5074 uorum
537 4994 612 5075 unt
639 4990 742 5074 duos
768 4988 962 5098 seniores,
992 4991 1062 5103 qui
1085 4995 1273 5099 doceeut,
1301 5025 1394 5084 curn
1415 4999 1594 5084 viderint
1610 5000 1788 5112 juniores

378 5126 593 5234 surgentes
629 5128 729 5207 unte
764 5124 944 5210 seniores
981 5156 1097 5232 suos,
1127 5135 1170 5214 et
1197 5131 1320 5215 debet
1348 5131 1431 5215 illis
1458 5131 1616 5221 dicere:
1659 5135 1787 5236 Qnure

379 5255 589 5338 surrexisti
628 5255 757 5340 irater
791 5283 929 5342 eornm
968 5261 1128 5345 seniore
1165 5257 1276 5349 tnoi'
1308 5270 1350 5349 et
1379 5263 1439 5349 illi
1468 5265 1597 5375 priori
1633 5267 1786 5352 dicere:
1926 5309 1927 5352 ι
