3974 5778
879 197 964 292 cap.
988 199 1051 274 Χῖ·
1447 221 1451 228 ’
1590 209 1670 296 287

260 431 423 515 sanctas
452 421 603 506 dieitur
632 425 847 532 separatus
876 421 1123 528 rediviam,
1152 427 1195 508 et
1222 423 1315 509 ideo
1344 451 1439 509 rasa
1466 429 1541 510 aut
1568 429 1672 510 tem·

262 561 373 671 plum
414 564 458 639 et
484 557 645 637 oaetaru
685 553 785 654 alia,
820 573 924 661 quea
952 551 1130 642 Domino
1170 553 1487 657 dedicabantur,
1529 563 1675 642 sancta

261 687 519 786 dicebantur,
557 684 583 771 i.
613 709 647 766 e.
690 687 879 791 saporato
916 687 958 768 et
998 683 1128 784 divisa
1154 715 1178 769 a
1206 687 1414 771 cumomni
1444 717 1543 786 ιιιιιις
1575 717 1669 772 num
1751 724 1755 730 ⁴
1830 699 1832 704 '
1920 667 1928 680 ’

113 849 115 852 ·
261 817 394 904 nullus
410 815 532 898 debet
544 813 605 897 nti
621 813 664 897 in
678 840 835 896 usasuo
849 809 925 913 tis,
942 841 1046 922 qnae
1058 816 1186 900 cultui
1203 813 1342 901 divino
1357 815 1670 926 deputatosnnt.
1741 804 1751 826 ”
1810 860 1818 880 ·
1921 815 1923 818 ’

366 942 499 1028 Ardea
528 942 736 1054 significat
770 969 862 1028 aare
889 941 1192 1048 attendatur,
1235 945 1344 1054 quod
1374 950 1417 1030 et
1445 948 1578 1056 ipsum
1608 953 1672 1031 ost
1833 1027 1834 1030 a

262 1075 505 1174 hebraeum,
546 1101 651 1184 quae
690 1074 772 1158 dno
810 1073 933 1158 rerba
961 1075 1088 1158 Arnon
1119 1079 1162 1158 ot
1188 1073 1368 1180 Allalaja
1399 1103 1473 1158 naa
1514 1075 1671 1184 graecis

263 1224 335 1291 net
363 1203 502 1288 latinis
526 1231 601 1288 neo
621 1203 802 1289 barbaris
822 1203 919 1288 lieet
940 1203 981 1286 in
1001 1231 1115 1286 suam
1137 1204 1321 1315 linguam
1344 1206 1512 1290 omnino
1537 1211 1672 1288 trans·

229 1339 364 1422 terre
392 1334 457 1420 vel
485 1334 566 1419 alia
595 1334 739 1444 lingna
767 1334 1037 1438 annuntiare3
1058 1335 1169 1417 nam
1199 1334 1384 1443 quamvis
1412 1334 1672 1445 interpretari

261 1468 431 1580 possint,
462 1470 636 1576 propter
664 1465 910 1550 sanctiorem
940 1469 1079 1548 tamen
1107 1465 1398 1550 anctoritatem
1429 1474 1590 1552 serrata
1610 1476 1673 1554 est

261 1601 313 1685 ab
341 1596 539 1708 apostolis
567 1595 611 1679 in
635 1595 698 1679 his
719 1595 908 1705 propriae
927 1593 1094 1705 linguae
1117 1593 1353 1704 anitiquitas.
1397 1595 1533 1683 Tanto
1562 1603 1671 1687 enim
1793 1635 1795 1638 ·
1944 1591 1947 1600 ’

260 1735 415 1814 sacruto
461 1733 559 1812 suaa
608 1727 800 1825 nomina,
848 1729 895 1809 ut
938 1726 1062 1808 etiam
1100 1722 1312 1810 «Iohannes
1338 1727 1399 1811 .in
1436 1732 1672 1841 apocalypsi

262 1863 432 1960 reserat,
473 1857 701 1966 suspiritu
729 1856 877 1940 vidisse
906 1861 949 1940 et
976 1855 1136 1939 audisse
1165 1882 1306 1940 vooem
1342 1859 1528 1945 eoelestis
1556 1888 1672 1945 exor-

259 1993 362 2076 oitus
398 1993 595 2098 tanquam
635 2014 776 2072 nouem
815 2013 1014 2096 aquarum
1057 1985 1277 2071 multarum
1320 1993 1363 2074 et
1392 1990 1670 2076 tonitruorum

219 2105 225 2116 ’
261 2121 483 2207 validorum
529 2117 777 2202 dicentium:
816 2119 968 2226 Auream,
1011 2114 1206 2222 Allelaja.
1274 2121 1335 2204 Aa
1377 2149 1450 2231 per
1493 2121 1570 2206 hoo
1614 2123 1671 2206 sio

262 2258 425 2364 oportet
470 2251 513 2334 in
555 2250 685 2334 terris
710 2249 790 2336 diei
828 2255 1028 2359 utraque,
1070 2249 1177 2334 siout
1214 2250 1257 2335 in
1307 2253 1423 2337 coelo
1465 2258 1707 2338 resonant*

264 2381 443 2488 Allelujo
472 2379 647 2482 duorum
678 2380 892 2466 verboram
922 2379 1208 2492 interpretatio
1236 2387 1309 2484 ost,
1338 2381 1381 2468 lt.
1404 2411 1438 2470 e.
1467 2383 1560 2468 lurra
1580 2382 1676 2488 Dea·

261 2519 302 2598 et
329 2517 392 2596 ost
419 2509 664 2609 hebraeumr
692 2513 745 2618 ja
785 2511 894 2596 enim
924 2515 1142 2596 estunam
1172 2511 1388 2598 dederam
1424 2512 1671 2601 nominibus.
1696 2609 1729 2623 ,Α
1772 2561 1775 2570 1

45 2595 52 2701 i
120 2712 126 2724 .
258 2642 404 2753 quibas
432 2639 542 2750 apud
572 2639 783 2726 Hebraeos
815 2640 924 2728 Deus
953 2646 1135 2727 vocatur

366 2771 573 2880 [Nam]
562 2800 606 2855 m
654 2779 775 2858 noete
805 2747 1024 2858 Nativirar
994 2778 1047 2856 trs
1078 2771 1243 2857 Domini
1287 2772 1543 2858 solummodo
1586 2803 1671 2860 ιιοιι

257 2901 389 2987 adimo
439 2902 555 3002 luua
601 2903 672 2988 sed
716 2903 851 2988 vicina
896 2905 988 2988 luca
1034 2906 1190 2986 canturi
1244 2907 1382 3013 potest
1431 2903 1670 3016 matutinus,

259 3060 305 3116 eo
334 3031 443 3141 quod
472 3040 567 3144 post
596 3031 757 3143 vigilias
794 3039 892 3120 cant
873 3035 1001 3118 tanda
1029 3039 1092 3118 est
1120 3031 1265 3134 mnan,
1306 3037 1350 3116 et
1384 3009 1479 3142 post
1506 3033 1669 3118 missum

258 3163 483 3249 cantandas
523 3172 586 3249 eat
626 3165 873 3268 matutinus,
913 3172 956 3250 et
994 3166 1053 3278 sia
1085 3163 1308 3274 incipiente
1339 3163 1429 3250 luoe
1452 3165 1671 3250 'ountamia

258 3298 320 3378 est
346 3296 526 3380 seeundo
555 3295 688 3386 missa.
745 3295 897 3383 Verum
925 3325 1017 3384 oum
1048 3295 1163 3380 Deus
1192 3295 1237 3380 ia
1264 3296 1511 3402 adjuratam
1549 3297 1671 3382 debet

46 3401 52 3479 ἶ
154 3511 157 3518 ,
258 3425 334 3510 diei
391 3427 443 3510 ad
497 3428 772 3531 matutinum,
832 3429 891 3514 sio
941 3429 1065 3514 debat
1117 3427 1279 3511 missam
1325 3433 1491 3512 cantare
1542 3429 1671 3512 abbas

151 3547 154 3554 ’
258 3584 349 3640 oum
383 3555 528 3640 Gloria
557 3560 599 3642 ia
630 3559 799 3644 excelsis
826 3558 937 3663 Deo,
965 3558 1155 3643 similiter
1184 3561 1227 3640 at
1257 3557 1418 3643 missam
1448 3561 1669 3644 seeundum

258 3716 348 3773 oum
381 3687 526 3774 Gloria
554 3689 596 3775 ia
625 3690 797 3776 excelsis
824 3688 912 3777 Deo
950 3695 1117 3775 eantare
1157 3687 1303 3791 debet,
1332 3687 1452 3774 aienti
1482 3690 1669 3800 primam.
1716 3713 1719 3719 ·

156 3825 163 3840 '
258 3819 373 3920 Quod
412 3847 509 3906 vero
547 3821 670 3906 dicit:
712 3822 783 3929 qai
819 3823 917 3908 ordo
956 3818 1188 3932 vipiliaram
1228 3819 1338 3904 omra'
1377 3828 1551 3926 tempore
1586 3827 1670 3906 tara

257 3951 423 4038 uastatis
434 4012 447 4054 ,
480 3977 601 4059 quom
637 3951 782 4040 latomia
810 3951 1032 4063 aequaliter
1060 3952 1107 4037 ia
1142 3953 1207 4038 die
1247 3950 1447 4037 dorniaioo
1474 3957 1669 4054 torreatur,

257 4081 315 4166 ito
351 4082 474 4168 debet
514 4080 712 4194 intelligi:
752 4112 836 4169 ιιοιι
878 4086 986 4170 enim
1025 4083 1149 4187 dioit,
1189 4088 1237 4166 nt
1274 4084 1334 4168 ito
1369 4082 1669 4190 debeant-:esso

258 4215 432 4323 grandes
460 4213 656 4298 lectiones
684 4215 727 4300 in
756 4217 911 4304 aestivo
940 4225 1147 4327 tempore,
1178 4214 1285 4299 aiant
1313 4215 1356 4299 in
1385 4211 1570 4317 hiemali,
1599 4215 1668 4298 sed
1780 4321 1783 4327 v
1941 4269 1949 4282 ·

258 4373 349 4430 cnm
387 4346 489 4434 dioit
523 4346 770 4456 aequaliter,
809 4374 857 4433 ao
885 4348 920 4433 ai
949 4347 1119 4432 diceret:
1155 4343 1381 4455 aequaliter
1408 4351 1598 4431 teneatur
1626 4347 1669 4429 in

258 4478 410 4564 aestino
451 4484 657 4591 tempore,
696 4479 802 4565 siant
838 4505 963 4592 agere
1002 4478 1302 4591 permittuntur
1329 4507 1354 4562 a
1382 4486 1515 4563 noete.
1572 4475 1670 4560 Non

249 4608 364 4694 'enim
404 4609 447 4694 in
482 4609 640 4708 aestivo
680 4616 865 4722 tempore
891 4610 1114 4722 aliqnando
1142 4609 1408 4721 prolongare,
1447 4608 1668 4720 aliquando
1714 4599 1717 4608 ¹

258 4739 452 4847 minuere,
479 4742 559 4854 aad
579 4743 807 4854 aequaliter
833 4748 1026 4830 teneatur
1051 4743 1080 4832 i.
1109 4768 1146 4828 e.
1172 4741 1233 4826 ita
1261 4751 1434 4850 magnae
1460 4740 1669 4844 lectiones,

156 4873 159 4881 '
257 4865 362 4958 siiut
409 4874 463 4962 ab
518 4880 666 4963 octova
712 4875 816 4962 liora
859 4873 1064 4987 permittit
1113 4870 1304 4982 spatium.
1374 4869 1669 4958 Verumtamen
1722 4865 1725 4870 ’

255 5005 464 5092 rolandum
492 5013 575 5110 eat,
616 5006 727 5124 qnia
751 5008 811 5093 ito
847 5006 1075 5121 aequaliter
1112 5006 1266 5092 debent
1301 5001 1392 5088 fieri
1426 5006 1669 5090 terminatae
1811 4995 1820 5072 ἶ

256 5133 449 5260 lectiones
466 5145 581 5241 tuno,
610 5139 776 5250 qnando
796 5167 870 5250 per
889 5165 1067 5228 errorem
1088 5136 1208 5224 raldo
1230 5135 1454 5248 temperius
1471 5133 1668 5250 surgitur,
