3968 5774
168 281 255 451 ria
748 355 1015 452 mannum

277 575 492 688 Sequitur:
524 574 720 664 Cannium
746 599 839 660 cero
865 599 959 660 esus
975 570 1156 681 infirmis
1181 572 1344 659 omniuo
1369 569 1586 658 debilitau-

169 737 245 818 puc
265 733 345 816 pro
371 701 629 818 reparatione
655 705 905 793 corradatur.
962 706 1018 792 Aa
1044 705 1115 791 ubi
1132 703 1335 790 meliorati
1361 703 1532 812 formul,
1559 735 1587 791 a

169 841 362 932 concitus
390 866 499 926 oreore
524 838 641 926 solito
668 865 805 926 murres
822 838 1062 930 abstineant.
1122 839 1274 926 Curram
1301 844 1434 921 auteur
1454 839 1587 923 moni·

171 1004 279 1062 rocam
308 971 628 1075 tabernullas,
669 999 722 1056 uc
747 1002 774 1057 u
803 969 1035 1055 cellarariis
1070 978 1141 1056 aul
1171 969 1432 1056 servitoribus
1460 965 1589 1077 aepli-

169 1113 323 1218 poulur
349 1103 519 1210 iutiourci,
544 1103 643 1210 puin
670 1103 728 1186 ad
753 1105 888 1212 ipsum
906 1102 1084 1208 respicit,
1112 1103 1353 1210 quidquido
1375 1101 1588 1206 discipulis

171 1237 431 1346 delinquitur.
488 1231 611 1319 Nunc
629 1233 849 1318 ridendum
871 1238 949 1334 est,
978 1235 1076 1342 qnia
1101 1234 1172 1319 alii
1201 1237 1299 1318 sunt
1321 1231 1489 1332 debiles,
1517 1233 1587 1319 alii

172 1368 345 1480 aegroti,
370 1369 442 1476 qui
459 1395 625 1452 carnem
640 1367 950 1478 quadrupedum
969 1368 1124 1454 debent
1142 1365 1369 1453 comedere.
1425 1361 1590 1448 Debilcs

172 1503 304 1588 tribus
322 1500 453 1584 madia
473 1505 647 1609 possunt
664 1498 862 1608 intelligi:
892 1529 977 1583 nna
996 1501 1189 1602 infantes,
1218 1498 1289 1606 qui
1312 1523 1396 1606 quo
1413 1495 1590 1580 minores

173 1636 284 1732 snut,
312 1658 362 1714 eo
391 1632 522 1740 magis
550 1633 648 1712 snut
677 1627 857 1728 debiles;
885 1631 1066 1714 secundo
1097 1629 1219 1712 modo
1246 1655 1376 1727 senes,
1405 1626 1477 1735 qui
1506 1655 1589 1734 quo

175 1762 307 1870 magis
334 1767 431 1844 suunt
459 1787 588 1859 senen,
617 1786 667 1841 eo
697 1759 827 1865 magis
854 1767 952 1842 sunt
970 1758 1144 1856 debilem
1172 1757 1299 1840 tertio
1315 1755 1442 1838 etiam
1467 1755 1589 1838 modo

174 1898 273 1975 sunt
302 1889 457 1973 debiles
485 1887 609 1972 etiam
638 1888 812 1996 majores
835 1891 1030 1998 juvenes,
1062 1889 1134 2000 qui
1165 1917 1240 1998 pro
1267 1886 1405 1996 aliqua
1433 1886 1591 1968 incom-

88 2075 91 2082 ·
178 2021 377 2106 moditate
404 2020 602 2130 corporis,
630 2020 701 2128 qui
730 2023 803 2102 aut
833 2047 909 2128 pra
930 2019 1058 2104 nimio
1076 2019 1210 2104 calore
1232 2023 1306 2101 ant
1327 2045 1402 2127 pro
1429 2045 1591 2126 spasmo

161 2141 239 2237 ¹uel
268 2181 344 2260 pro
371 2150 521 2260 aliqua,
550 2151 656 2235 sicut
683 2148 782 2250 dini,
809 2149 1147 2234 incommoditate
1177 2151 1283 2232 liunt
1309 2178 1335 2231 a
1362 2149 1589 2257 semetipsis

176 2283 342 2368 debiles.
401 2279 500 2363 Ideo
530 2281 596 2363 isti
621 2280 738 2383 tales,
750 2279 781 2382 ¹)
810 2308 914 2388 quos
937 2281 1021 2364 dixi
1037 2280 1204 2381 debiles,
1232 2278 1475 2388 intelligunt
1497 2278 1615 2360 dac·-

175 2422 286 2499 tores
315 2440 457 2497 carnes
497 2399 812 2523 quadrupedum
849 2412 1119 2496 connectendas
1157 2438 1265 2510 esse,
1305 2439 1359 2492 ne
1404 2439 1478 2518 pro
1505 2412 1593 2516 ipsa

156 2545 418 2629 infirmitate
447 2543 627 2653 ipsorum
657 2541 978 2626 invaletudinem
1007 2541 1178 2625 nimiam
1208 2542 1437 2649 acquirant,
1469 2569 1505 2627 u.
1529 2569 1592 2648 gr.

155 2675 305 2760 ueluti
333 2677 477 2758 tisicus
504 2679 587 2771 est;
629 2671 837 2756 sciendum
866 2679 929 2756 est
956 2673 1081 2776 euim,
1109 2673 1206 2781 quia
1233 2673 1276 2754 in
1297 2669 1469 2754 Francia
1496 2700 1593 2754 con-

177 2805 350 2891 suetudo
380 2812 442 2888 est
470 2810 656 2908 tantum,
696 2808 855 2888 utnon
885 2806 1004 2891 detur
1036 2804 1201 2888 infirmo
1231 2805 1476 2886 manducare
1505 2832 1594 2887 car·

49 3043 53 3054 ¹
177 2967 284 3040 nem,
312 2941 533 3046 autequam
561 2935 734 3046 incipiat
760 2965 809 3020 ex
832 2936 1094 3046 aegritudine
1120 2965 1194 3018 sua
1212 2934 1352 3036 leuari,
1381 2943 1425 3018 et
1452 2944 1594 3044 postea
1657 3027 1660 3032 .

122 3066 130 3084 '
177 3074 339 3154 mutum
369 3068 430 3152 illi
459 3069 628 3171 tribuit,
657 3068 684 3152 i.
713 3097 750 3156 e.
779 3067 1061 3168 administrat,
1098 3094 1227 3175 nsque
1256 3063 1354 3148 dum
1382 3066 1595 3176 perueniat

178 3202 229 3288 ad
259 3199 452 3310 pristinas
481 3199 597 3286 uires.
655 3197 813 3285 Deinde
853 3227 946 3284 cnm
989 3198 1134 3306 recipit
1170 3197 1241 3280 ille
1274 3197 1461 3280 infirmus
1490 3199 1594 3280 uires
1640 3297 1643 3304 1

82 3369 89 3382 ·
179 3338 222 3416 et
249 3331 469 3415 reuertitur
503 3330 554 3412 de
595 3329 718 3414 domo
758 3330 1016 3413 infirmorum
1045 3329 1088 3412 in
1129 3326 1393 3411 relectorium
1421 3325 1596 3409 mandu-

136 3464 139 3472 ’
180 3489 284 3561 care,
313 3469 412 3544 tunc
440 3465 660 3568 praeparat
687 3459 726 3542 ei
743 3460 977 3544 cellararius
1009 3459 1166 3559 melius,
1196 3485 1320 3567 quam
1347 3456 1452 3557 aliis,
1482 3483 1597 3538 man·

182 3592 352 3692 ducere,
387 3589 465 3673 hoc
494 3596 576 3689 est,
618 3598 691 3674 aut
720 3593 850 3700 pisces
877 3597 951 3674 aut
977 3590 1117 3700 aliqua
1143 3589 1313 3672 meliora
1341 3587 1496 3672 cibaria
1523 3614 1597 3696 per
1751 3677 1754 3682 ,

111 3719 118 3733 ’
180 3723 281 3805 duas
309 3722 372 3803 rel
402 3726 485 3803 tres
512 3721 611 3825 dies,
639 3749 688 3806 eo
717 3721 826 3830 quud
857 3751 940 3806 non
970 3730 1033 3805 est
1056 3721 1226 3814 bouum,
1254 3726 1302 3801 nt
1330 3719 1473 3802 statim
1503 3723 1596 3826 past

180 3880 343 3936 caricem
372 3851 579 3934 dimissam
608 3850 829 3938 descendat
861 3854 913 3938 ad
942 3854 1060 3937 illum
1097 3852 1235 3937 cibum
1265 3848 1549 3944 manducandi,
1561 3848 1595 3958 ²)

181 3984 279 4094 qnia
307 3983 424 4066 ualde
465 3987 588 4066 crocet
626 3982 842 4069 subitanea
882 3982 1057 4068 cantatio
1096 3981 1305 4080 cibornm3
1346 3981 1416 4066 sed
1456 3986 1596 4064 tamen
1815 3976 1817 3979 ’

181 4115 386 4226 gradatim
415 4113 538 4198 debet
556 4113 671 4196 illum
690 4114 925 4200 cellararius
943 4115 1228 4227 descendere³)
1256 4115 1308 4201 ad
1337 4141 1595 4200 communem

181 4249 333 4351 cibum,
362 4252 408 4332 ut
432 4246 502 4329 ille
519 4247 660 4349 irater,
687 4248 760 4360 qui
781 4247 969 4331 infirmus
990 4246 1082 4350 luit,
1113 4249 1244 4359 magis
1267 4246 1440 4358 diligere
1465 4246 1599 4330 ualeat

169 4407 360 4464 amarem
391 4381 610 4486 paternum
639 4383 682 4463 et
710 4379 866 4464 firmins
894 4380 938 4463 in
965 4409 1014 4466 eo
1042 4379 1245 4466 fortitudo
1272 4380 1455 4490 corporis
1484 4359 1599 4463 acce·

38 4599 44 4610 ,
150 4496 320 4618 lueret)
357 4509 448 4594 Hoc
477 4511 601 4592 etiam
641 4511 1050 4632 animaduertendum
1092 4519 1176 4613 est,
1217 4513 1315 4625 quia
1353 4511 1415 4596 illi
1443 4509 1596 4597 infirmi

184 4646 339 4730 debent
365 4670 527 4727 carnem
567 4643 833 4748 manducare,
874 4645 945 4756 qui
980 4675 1056 4758 pro
1095 4645 1337 4731 infirmitate
1361 4649 1503 4759 jacent
1529 4671 1599 4727 sex

184 4784 258 4861 ant
285 4782 381 4860 acto
409 4775 508 4863 dies.
565 4775 681 4860 Etsi
710 4783 772 4860 est
800 4778 949 4887 aliquis
976 4778 1151 4864 forsitan
1180 4777 1289 4882 talis,
1320 4807 1443 4890 quem
1471 4775 1599 4864 abbas

113 5001 114 5005 ,
186 4987 450 5005 U-——u—*u

274 5111 302 5197 ι)
323 5105 403 5175 saa
424 5059 641 5193 coniuncta).
712 5197 714 5202 ι

273 5225 305 5301 ²)
328 5214 612 5286 unanducandnm
633 5216 693 5304 (l).

277 5329 305 5420 ³)
328 5325 502 5397 deducere
523 5327 581 5418 (l).
