3968 5774
119 155 177 220 ’·
238 108 321 278 aco
813 149 1142 279 ccxxxv-fl

120 357 126 367 .
236 405 397 516 fragilis
423 409 470 490 et
496 403 750 504 inconstans.
792 403 915 491 Nono
943 403 1165 490 ridendum
1192 413 1268 503 est,
1296 401 1476 512 qualiter
1501 404 1647 498 solatia

213 621 215 626 ,
238 529 512 654 imbecillibus
539 534 800 645 procuranda
814 539 935 642 ,sunt
980 535 1068 620 Aut
1086 533 1195 618 enim
1217 534 1253 618 si
1272 532 1541 620 inveniuntur
1566 538 1647 642 (luo

236 666 301 750 rel
330 669 415 749 tres
442 664 512 772 qui
541 665 702 773 possint
728 665 836 761 illud,
860 665 1041 748 cilicium
1076 663 1459 773 implere,.insimul
1496 665 1648 754 debent

98 835 108 896 χ
207 798 392 898 iacere,
429 799 472 878 et
509 796 589 879 illis
625 796 668 878 in
709 825 793 880 unu
832 795 1089 878 bebdomada
1128 799 1341 904 reputetur
1378 795 1648 904 solummodo,

182 980 187 990 ·
236 934 309 1010 aut
349 929 460 1010 certe
500 954 605 1008 unus
644 955 767 1010 sanus
805 923 928 1009 debet
963 925 1161 1032 conjungi
1202 952 1293 1007 cum
1341 924 1533 1008 imbecilli
1576 957 1648 1036 per

237 1057 365 1154 diem:
402 1059 609 1141 ettamen
646 1055 716 1140 ille
750 1069 874 1140 sanus
911 1085 985 1166 pro
1013 1055 1092 1138 boc
1129 1083 1211 1138 non
1241 1061 1378 1164 potest
1416 1057 1550 1142 dicere
1576 1090 1647 1145 cx·

179 1249 181 1254 -
235 1183 439 1272 cusn‘udo:
469 1187 665 1296 quiajam
689 1187 733 1269 in
752 1186 930 1295 coquina
950 1185 1111 1286 serviri,
1140 1193 1188 1270 ut
1208 1215 1323 1269 suam
1349 1185 1645 1274 hebdomadam

235 1322 279 1404 in
308 1319 484 1428 coquina
511 1347 594 1401 non
623 1316 762 1402 iaciat.
808 1317 857 1402 V.
887 1346 950 1428 gr.
979 1317 1102 1401 debet
1130 1319 1265 1402 dicere
1293 1318 1365 1400 nni
1390 1320 1507 1404 tratri
1530 1321 1647 1406 deca·

238 1479 334 1536 nus:
377 1449 471 1534 Uno
507 1450 595 1550 dio:
629 1451 779 1548 irater,
814 1449 992 1532 debuisti
1030 1447 1305 1532 obedientium
1344 1449 1466 1534 hodie
1501 1481 1646 1558 agere:

237 1585 360 1684 vade,
395 1582 545 1691 acljuuu
573 1581 687 1664 illum
719 1583 886 1666 fratrem
924 1581 1182 1668 imbecillem.
1240 1579 1397 1666 Deinde
1424 1584 1556 1668 altero
1583 1586 1648 1671 die

84 1813 90 1824 ,
231 1715 378 1824 jubeat
415 1713 534 1796 alteri
572 1714 691 1796 fratri
728 1717 771 1794 et
810 1710 998 1795 similiter
1035 1714 1076 1794 in
1116 1715 1282 1821 reliquis
1319 1712 1474 1799 diebus.
1531 1717 1645 1813 Quod

237 1874 335 1928 vero
363 1843 463 1928 dicit
491 1841 752 1926 imbecillibus
773 1849 1044 1948 procreentur
1070 1844 1215 1926 solutio
1249 1893 1298 1910 -·
1332 1847 1448 1952 quusi
1477 1845 1645 1930 diceret:

125 2053 134 2072 ,
237 1973 512 2068 imbecillibus
540 1971 902 2056 subministrentur
928 1975 1158 2082 adjutoria,
1187 1983 1230 2057 ut
1256 2001 1336 2058 :ron
1364 2001 1453 2055 cum
1481 1977 1646 2058 tristitia

141 2089 144 2100 ¹
190 2203 192 2208 .
235 2107 308 2190 doc
333 2106 504 2210 sociarit.
547 2103 664 2186 Tunc
689 2101 796 2185 enim
822 2104 1012 2186 tristatur
1041 2105 1180 2206 irater,
1208 2133 1299 2189 cnm
1327 2135 1402 2216 pro
1425 2134 1499 2186 stra
1522 2104 1648 2188 imbe-

236 2235 407 2320 cillitats
448 2263 530 2316 uon
555 2239 708 2341 ¹potest
744 2241 984 2343 praeparata
1026 2235 1176 2318 babere
1214 2226 1379 2334 omnia,
1417 2235 1523 2318 sicut
1562 2238 1648 2344 ipsc

153 2455 160 2478 Ι
184 2383 201 2413 '·
236 2367 453 2466 desiderat,
472 2373 515 2448 et
531 2363 623 2449 idco
638 2365 789 2448 debent
806 2362 868 2449 illi
887 2364 1292 2475 duriadjutoriaduo
1308 2365 1470 2449 veltres
1491 2369 1649 2464 iratres,

73 2575 76 2580 .
238 2501 308 2608 qui
339 2527 421 2596 non
452 2523 628 2603 magnac
658 2495 820 2579 virtutis
848 2503 958 2596 sunt,
986 2504 1060 2580 aut
1080 2503 1216 2580 certae
1240 2525 1345 2578 nurus
1369 2525 1542 2607 magnae
1570 2497 1649 2578 uir·

71 2621 86 2706 ¹.
242 2631 356 2732 tutis,
385 2629 571 2738 eoquod
602 2634 774 2737 uterque
802 2627 947 2711 modus
976 2626 1153 2738 intelligi
1182 2627 1316 2714 debet.

169 2887 177 2906 .
348 2827 565 2936 Sequitur:
588 2827 661 2910 sed
686 2831 723 2908 ct
753 2851 888 2908 curreres
908 2825 1080 2910 dubcont
1096 2825 1244 2910 solutio
1258 2825 1475 2908 seecundum
1489 2827 1647 2908 niodum

237 2959 555 3066 corrqrequlionis
576 2963 613 3040 cl
625 2956 866 3061 positionem
885 2955 974 3038 loci.
1018 2957 1173 3041 Modus
1195 2957 1513 3064 corrqrcqutionis
1529 2955 1649 3037 iutel-
1805 3063 1807 3068 Ι
1851 3005 1856 3053 2

84 3190 87 3198 ¹
196 3085 199 3094 ’
236 3092 383 3202 ligitur
423 3089 633 3198 quantitas
675 3089 862 3170 fratrum.
935 3087 1091 3172 Pusillo
1130 3117 1221 3172 uero
1259 3089 1335 3173 loci
1377 3087 1646 3196 intelligitur:

230 3224 345 3320 sicut
386 3223 543 3330 positus
581 3223 644 3300 est
682 3217 807 3304 locus.
874 3215 949 3300 Est
987 3220 1082 3304 talis
1117 3221 1254 3346 locus,
1292 3221 1362 3330 qui
1400 3245 1527 3328 prope
1554 3245 1649 3302 nou
1745 3279 1750 3286 .

239 3353 365 3437 habet
394 3379 542 3461 aquam
578 3352 652 3431 aut
688 3346 854 3430 hortum
889 3353 964 3431 aut
1002 3350 1116 3460 ligna
1153 3352 1389 3460 etreliqua
1426 3349 1650 3433 necessaria

239 3483 295 3570 ibi
325 3482 645 3591 pertinentia-
672 3507 720 3561 ac
749 3480 782 3560 si
813 3479 987 3567 diceret:
1012 3483 1133 3592 juxta
1161 3484 1433 3593 quantitatem
1463 3481 1649 3575 fratrum,

107 3635 138 3684 ὓ
239 3622 283 3698 et
310 3616 417 3699 sicut
447 3615 604 3723 positus
631 3616 693 3694 est
723 3609 793 3693 ille
820 3611 932 3696 locris
960 3619 1002 3695 et
1032 3614 1303 3722 indigentiam
1329 3613 1467 3715 babet,
1497 3615 1556 3696 ita
1573 3613 1648 3696 sibi
1851 3720 1858 3735 ⁸

144 3817 146 3822 .
241 3745 413 3829 vicissim
443 3743 624 3828 seruiunt
650 3743 692 3826 in
723 3742 912 3849 coquina.
951 3744 996 3828 Si
1025 3753 1290 3844 necessest,
1319 3743 1650 3829 ntduofratres
1812 3801 1817 3810 ·

143 3901 147 3910 ·
241 3876 475 3959 ministrent
509 3875 594 3957 sire
622 3881 705 3958 tres
745 3874 829 3956 sive
858 3882 1036 3984 quatuor
1071 3881 1116 3960 et
1152 3877 1331 3987 reliqua,
1358 3877 1438 3985 ipsi
1475 3875 1649 3959 vicissim
1683 3963 1687 3971 ,
1723 3893 1726 3898 ·
1848 3876 1858 3961 1

239 4036 332 4093 cum
362 4008 534 4092 caritate
563 4006 729 4093 faciant.

257 4294 260 4303 ,
350 4204 567 4314 Sequitur:
610 4201 659 4288 si
688 4205 819 4307 urujor
846 4206 973 4307 {ruerit
1006 4207 1282 4316 eorumquiin,
1310 4203 1550 4290 cellararius
1582 4232 1654 4288 cc·
1700 4303 1702 4306 ¹
1853 4196 1856 4199 ’

239 4345 449 4424 nouerca
478 4338 658 4444 coqrrinu.
715 4335 758 4418 Si
788 4336 926 4420 decem
966 4337 1114 4423 iratres
1151 4343 1269 4442 sunt,
1308 4367 1390 4422 nou
1429 4343 1493 4421 est
1522 4339 1652 4447 major

239 4469 531 4581 congregatio:
566 4467 600 4553 si
631 4451 947 4579 auum'viginti
977 4471 1124 4556 iratres
1151 4477 1262 4576 sunt,
1285 4473 1373 4581 jam
1401 4475 1651 4581 potestesse

191 4586 196 4596 ¹
240 4603 372 4712 major
401 4602 694 4712 congregatio,
723 4603 830 4686 sicut
865 4602 1043 4688 diximus
1078 4603 1264 4715 superius
1294 4603 1339 4687 in
1367 4602 1511 4688 decani
1539 4600 1652 4710 capi·

238 4737 341 4820 tulo.
400 4733 520 4818 Unde
557 4735 591 4817 si
629 4733 698 4817 ille
733 4735 968 4819 cellararius
1008 4735 1090 4818 tale
1126 4735 1204 4818 sibi
1238 4735 1500 4820 commissum
1530 4727 1652 4818 mini·

239 4867 408 4951 sterium
439 4865 577 4968 babet,
606 4865 714 4950 sient
739 4866 925 4977 superius
954 4865 1052 4968 diri,
1086 4868 1208 4951 debet
1237 4867 1434 4968 excusari,
1463 4898 1513 4952 co
1542 4866 1651 4978 quod

241 5026 326 5080 non
365 5001 503 5105 potest
542 5000 743 5082 manibus·
768 5001 851 5082 suis
890 5026 1077 5082 exercere
1117 4999 1162 5083 in
1201 5001 1378 5110 coquina
1419 5006 1462 5083 et
1502 5000 1649 5084 iterum

155 5153 161 5175 ¹
240 5156 377 5214 curam
391 5129 594 5214 initantum
610 5129 901 5240 nuthospitmn
914 5128 1243 5215 relinlirmorum
1255 5136 1299 5216 et
1318 5133 1476 5241 reliqna
1488 5131 1651 5231 babere,
