3974 5778
275 187 379 318 ‚eoo
753 142 758 150 ⁴
915 187 1088 286 cun

291 409 456 514 dicitnr,
483 409 558 518 ite,
579 409 608 496 i.
628 434 665 498 c.
680 435 812 522 usqne
836 411 891 499 ad
910 441 1049 528 genua
1064 441 1225 520 mam,
1252 415 1363 502 ucat
1377 441 1504 528 sopra
1520 414 1710 524 diximus,

291 547 336 628 ct
373 570 504 656 nsque
537 541 592 629 ad
620 541 800 652 Spiritui
825 549 966 634 macto
1004 546 1288 634 inclinandum
1315 549 1394 636 cot.
1449 546 1542 634 Hoc
1569 555 1732 637 autem

290 675 536 764 intuendam
563 681 648 780 cst,
689 675 812 791 quis,
850 707 945 765 cam
982 679 1086 766 dicit
1122 686 1296 788 quatuor
1320 679 1508 770 lectiam
1532 680 1585 768 de
1608 709 1708 770 nouo

291 815 524 894 testamento
550 807 763 918 lcyoutru,
802 811 1075 922 intelligitur,
1109 816 1160 897 ot
1197 819 1295 900 octo
1333 813 1536 902 lectiones
1567 815 1707 902 riade

292 969 416 1049 novo,
441 941 504 1026 ris
526 941 580 1026 de
604 940 733 1026 veteri
760 947 1011 1030 testamento
1039 945 1200 1058 possint
1226 944 1332 1056 lcffl'z
1361 973 1455 1030 nam
1484 945 1580 1031 sslae
1606 974 1709 1058 qua-

290 1077 388 1158 tuor
414 1073 697 1184 posteriores,
725 1073 753 1162 i.
782 1102 824 1161 e..
847 1075 893 1160 in
919 1077 1047 1162 tertia
1080 1081 1218 1161 turma
1253 1077 1492 1164 omnimodo
1519 1078 1572 1163 do
1598 1107 1707 1167 novo

290 1208 541 1290 testamento
568 1204 653 1316 legi
680 1203 847 1294 debent.
902 1207 986 1294 Sed
1012 1207 1094 1294 hoc
1114 1210 1360 1294 intuendum
1388 1217 1466 1314 eat,
1492 1211 1591 1323 qnia
1616 1213 1708 1298 illas

291 1343 388 1423 octo
427 1333 626 1423 lectiones
664 1338 726 1422 ita
752 1337 891 1448 legere
919 1337 1067 1446 debes,
1093 1341 1122 1429 i.
1151 1369 1189 1427 e.
1211 1343 1335 1453 juxta
1361 1348 1547 1452 tempus,
1575 1372 1616 1432 r.
1643 1373 1707 1456 gr.

290 1469 326 1552 si
352 1473 518 1580 tempus
544 1473 631 1576 cst,
668 1468 834 1579 quaudo
870 1471 975 1580 legis
1012 1471 1210 1581 epistolas
1239 1469 1357 1559 Pauli
1383 1480 1428 1566 et
1452 1483 1707 1562 caeterorum

290 1599 573 1710 apostolorum
599 1606 675 1688 aut
699 1600 991 1713 apocalypsin,
1028 1605 1141 1686 totas
1175 1611 1273 1692 octo
1311 1605 1509 1691 lectiones
1536 1607 1630 1718 lege
1656 1606 1707 1692 de

130 1829 141 1850 .
291 1759 401 1852 novo
439 1735 711 1836 testamento,
739 1731 782 1820 h.
811 1759 847 1820 e.
884 1732 1081 1842 epistolas
1108 1738 1183 1818 ant
1209 1736 1492 1846 apocalypsin,
1529 1736 1707 1846 reliquas

290 1888 389 1946 vero
425 1870 605 1973 quatuor
645 1863 844 1948 lectiones
882 1864 945 1950 ris
979 1864 1195 1976 epistolas,
1231 1864 1294 1949 ris
1320 1868 1588 1979 apocalypsin
1615 1867 1706 1978 lege

267 2003 365 2120 Haut
401 1995 593 2104 homilias
631 1994 837 2105 evangelii
887 2001 962 2080 aut
1003 1997 1281 2106 expositiones
1327 1997 1592 2108 epistolarum
1644 1999 1705 2081 rel

291 2127 560 2238 apocalypsis.
614 2126 662 2212 Si
687 2133 826 2213 autem
853 2131 1018 2239 tempus
1044 2133 1121 2231 est,
1149 2126 1317 2238 quando
1343 2133 1481 2237 legere
1503 2127 1628 2221 debes
1653 2129 1705 2211 de
1886 2213 1892 2225 ,

291 2262 421 2345 reteri
447 2264 719 2362 testamento,
759 2266 854 2347 oeto
881 2260 1079 2346 lectiones
1106 2258 1199 2370 lege
1224 2259 1276 2342 de
1301 2259 1393 2368 ipso
1419 2261 1550 2344 reteri
1577 2267 1705 2344 testa·

34 2385 38 2394 ’
189 2501 194 2510 ι
289 2398 447 2496 mento,
473 2399 653 2505 quatuor
678 2421 778 2479 vero
804 2393 1001 2480 lectiones
1028 2393 1136 2503 lege,
1162 2392 1200 2476 si
1227 2390 1301 2494 ris,
1329 2401 1404 2477 aut
1429 2393 1706 2502 expositiones

289 2525 494 2636 evangelii
520 2533 596 2611 aut
615 2525 875 2638 apocalypsis
898 2533 973 2608 aut
986 2523 1279 2634 epistolarum
1307 2551 1403 2608 uam
1430 2523 1706 2634 expositiones

290 2658 342 2744 ‹le
359 2659 485 2744 reteri
514 2663 764 2744 testamento
785 2655 1025 2743 nonidebes
1051 2655 1203 2765 legere,
1231 2657 1329 2767 quia
1356 2683 1442 2740 non
1469 2660 1534 2740 est
1553 2683 1703 2741 norum

186 2864 196 2881 .
287 2795 596 2893 testamentum,
623 2792 739 2903 qnasi
770 2790 925 2874 diceret
952 2787 996 2875 S.
1025 2787 1275 2875 Benedictus
1301 2787 1394 2874 aliis
1421 2788 1578 2876 verbisc
1605 2794 1702 2873 octo
1883 2812 1901 2920 ,Ξ

189 3005 192 3013 .
286 2923 483 3008 lectiones
510 2922 603 3034 lege
630 2923 691 3007 vis
719 2923 771 3006 de
798 2951 933 3024 novo,
970 2922 1032 3005 vis
1059 2921 1113 3005 de
1139 2920 1269 3006 veteri
1304 2925 1557 3004 testamento
1579 2921 1702 3030 juxta
1883 2919 1898 2951 ²

286 3055 473 3139 ordinem
510 3052 732 3152 libromm3
772 3081 869 3136 nam
909 3059 1088 3162 quatuor
1128 3051 1326 3136 lectiones
1366 3079 1527 3158 semper
1570 3053 1705 3136 omni·
1883 3048 1896 3078 ’·

175 3213 180 3224 ·
287 3185 411 3270 modo
433 3184 609 3270 donoro
628 3189 877 3270 testamento
906 3182 1013 3293 lege.
1055 3182 1336 3289 Apocalypsin
1351 3179 1501 3266 tilmon
1516 3179 1702 3267 Joarrocc
1883 3190 1900 3300 ,ᾗ

284 3313 530 3448 conspoliata
566 3315 733 3423 scripsit
759 3340 806 3400 eo
831 3323 1026 3418 teuepore,
1066 3337 1144 3417 quo
1177 3313 1227 3396 ob
1265 3309 1462 3418 econpctii
1483 3311 1726 3418 proedioo·'

284 3449 432 3532 tionem
453 3446 498 3530 iu
518 3445 699 3529 insulam
713 3443 909 3534 Potamos
925 3443 1106 3528 truditur
1118 3441 1331 3550 mleqotem.
1381 3441 1701 3549 »Apocalypsis«
1834 3536 1837 3540 A
1883 3527 1888 3548 ἓ

284 3565 418 3662 oedem
454 3603 506 3661 ee
538 3602 685 3684 praeeo
712 3578 758 3658 in
785 3575 959 3658 letiorem
999 3575 1190 3658 revelatio
1215 3575 1520 3678 interpretemur.
1575 3571 1704 3656 Reue-

284 3707 382 3791 lotio
409 3711 516 3792 ereim
544 3709 694 3791 dieitur
720 3687 995 3811 meeisestotio
1012 3731 1162 3806 mnam,
1190 3731 1294 3813 queue
1310 3702 1547 3788 abscondito
1569 3709 1703 3805 crurd,
1883 3711 1892 3781 ζ·

274 3839 402 3946 jeruto
429 3841 537 3945 quod
564 3846 603 3922 et
625 3839 715 3944 ipsc
728 3837 916 3922 Joorroea
943 3833 1063 3920 dicit:
1093 3833 1392 3942 ›Apocolypeis
1412 3833 1519 3918 Jeau
1536 3832 1703 3939 Christi,

282 3997 405 4077 quom
431 3971 543 4055 dedit
569 3949 636 4052 illi
663 3967 781 4053 Deus
799 3965 948 4072 pulum
971 3966 1268 4070 sucereserois
1293 3963 1469 4072 suis.‹¹)

394 4101 440 4188 Si
467 4130 568 4188 vero
597 4099 781 4183 officinm
809 4096 890 4181 diei
911 4097 1007 4180 festi
1036 4097 1176 4198 inerit,
1205 4095 1247 4183 la
1276 4123 1313 4184 e.
1335 4095 1370 4178 si
1389 4093 1539 4179 natalis
1559 4093 1703 4180 Sancti

282 4235 409 4320 luerit
449 4235 493 4318 in
531 4235 599 4318 die
637 4229 868 4330 dominico,
906 4228 969 4311 ita
1004 4226 1210 4338 agendum
1240 4232 1328 4331 est,
1362 4227 1406 4312 h.
1434 4253 1471 4314 e.
1507 4227 1543 4310 si
1577 4225 1720 4311 fuerit
1888 4221 1899 4261 ·‘

180 4356 186 4366 ’
282 4370 528 4479 praecipuus
546 4367 736 4466 Sanctus,
763 4365 791 4448 i.
807 4371 857 4450 e.
884 4367 959 4444 aot
984 4359 1190 4444 festivitas
1212 4361 1255 4446 S.
1278 4357 1454 4444 Joaanis
1473 4355 1704 4466 Baptistae,

281 4509 355 4583 aut
371 4498 415 4586 S.
437 4501 561 4600 Petri,
589 4505 664 4582 aut
691 4495 735 4580 S.
764 4493 935 4578 Martini
962 4497 1041 4578 aut·
1066 4495 1178 4574 certo
1204 4489 1245 4576 S.
1263 4489 1470 4589 Andreae,
1496 4487 1540 4575 h.
1562 4516 1599 4574 e.
1621 4487 1722 4589 isti,.
1753 4535 1757 4542 ·

136 4713 140 4722 .
281 4633 351 4741 qni
368 4631 627 4716 solummodo
647 4658 722 4739 per
738 4627 974 4711 universum
997 4622 1200 4708 mundum
1213 4619 1467 4705 celeberrimi
1485 4618 1705 4719 habentur,

280 4763 447 4871 plenum
477 4760 742 4850 officiumde
770 4757 854 4840 illis
881 4755 1047 4840 Sanctis
1074 4753 1199 4838 debet
1219 4753 1327 4855 cani,
1355 4750 1399 4836 h.
1427 4778 1464 4834 e.
1484 4749 1700 4836 duodecim

139 4917 145 4938 ¹
279 4893 476 4978 lectiones
517 4919 610 4977 cum
653 4888 871 4977 duodecim
912 4884 1182 4996 responsoriis
1223 4882 1330 4986 suis,
1369 4887 1414 4968 et
1449 4880 1701 4966 matutinum

279 5081 544 5098 ffl

370 5182 396 5275 ¹)
417 5177 453 5255 S.
474 5175 601 5248 Isidori
623 5174 816 5268 etymolog.
838 5173 905 5244 lib.
926 5177 957 5245 t.
980 5193 1011 5244 c.
1034 5171 1069 5240 2.
1090 5193 1124 5242 ιι.
1148 5171 1205 5242 49.

1805 4645 1809 4652 ·
1895 4587 1904 4785 l
