3974 5778
265 157 367 308 eol·
746 209 750 218 ’
871 217 1084 310 cspxm
1228 139 1235 166 l

153 459 156 464 ’
266 437 364 524 dnm
392 463 511 524 nrum
539 435 693 530 (licitur
710 437 919 546 priam
946 465 1042 526 cnm
1058 438 1255 528 dicimus:
1281 441 1467 554 privatus
1486 443 1551 528 est
1564 441 1681 546 milri,

264 597 314 656 ac
340 567 376 658 si
403 561 560 654 diceret
584 567 678 654 ulils
703 569 869 658 verbus
907 571 964 656 ab
990 569 1084 658 eliis
1108 575 1345 682 separatos,
1384 569 1488 656 mihi
1514 569 1681 682 quidem

210 809 214 816 ί
265 701 528 811 conjunctus.
581 697 635 788 In
661 697 743 788 hoc
759 729 859 789 roro
887 703 996 807 loco,
1024 729 1119 790 cum
1146 701 1300 791 (licitur
1320 699 1681 812 privationibus,

265 832 295 916 i.
336 859 372 918 e.
415 829 606 916 alienatis
647 834 693 916 et
727 833 928 942 separatis
969 861 997 918 a
1031 832 1284 955 festivitatis.
1305 833 1373 920 rel
1409 828 1683 936 solemnitatis

265 961 437 1051 honore.

375 1091 596 1204 Sequitur:
632 1093 792 1182 Βίιῠιω
829 1102 963 1184 oedem
996 1096 1178 1204 priuatis
1212 1097 1501 1184 medicorum
1535 1091 1683 1180 solem·

268 1228 381 1313 nitor
407 1226 480 1340 ito·
494 1231 665 1337 opclnr,
703 1227 735 1310 i.
763 1230 1112 1337 comperimus
1137 1235 1277 1314 amns
1298 1224 1488 1336 poscimus
1522 1227 1689 1312 dicotur.

265 1359 356 1445 cine
377 1357 615 1466 antiphona,
642 1357 915 1446 cultrotnrdo
934 1361 1102 1464 mod-icc,
1128 1361 1233 1446 molt
1252 1360 1298 1444 io
1318 1357 1538 1446 dominico.
1578 1359 1682 1442 ilum

81 1559 88 1572 .
264 1490 366 1574 dicit
390 1491 667 1598 sexagesimae
688 1497 829 1576 catos
855 1492 1019 1577 dicotur
1047 1492 1139 1578 rinc
1162 1489 1386 1598 antiphona
1411 1487 1683 1574 subtrahendo

104 1693 108 1702 .
266 1619 432 1722 modice,
459 1620 564 1706 aare
591 1619 661 1707 dic
686 1621 901 1728 doroioioo,
927 1621 1067 1707 reddit
1092 1649 1270 1723 musam,
1298 1649 1441 1733 quure,
1467 1647 1559 1704 cum
1585 1619 1685 1704 sub-

261 1750 424 1862 junxit:
452 1757 661 1838 rotomaco
687 1759 901 1841 occurrant
927 1753 986 1836 od
1010 1751 1397 1861 quinquagesimo.
1453 1752 1555 1838 cnm
1583 1748 1686 1834 dicio

232 1997 237 2006 ¹
264 1883 323 1968 cd
340 1883 724 2000 quinquagesimum,
747 1884 864 1994 qnasi
882 1882 1059 1969 diceret:
1086 1883 1141 1968 ad
1156 1883 1321 1968 initium
1341 1880 1684 1993 quinquagesimi,

243 2013 376 2121 qnia,
403 2013 511 2097 aient
538 2013 771 2100 custoditur
791 2015 837 2098 in
857 2013 1071 2100 nocturnis
1087 2013 1243 2123 vigiliis
1266 2015 1445 2122 spatium
1467 2011 1521 2096 orl
1542 2039 1685 2098 oocnr·

265 2142 440 2229 mudum
467 2147 575 2230 anta·
595 2145 781 2230 Gloriam
807 2143 1066 2254 nonagesimi
1092 2145 1252 2253 quarti,
1281 2144 1339 2230 ita
1368 2143 1684 2230 custodiendum

265 2279 329 2360 est
355 2275 400 2362 in
425 2275 506 2363 isto
532 2277 693 2388 psalmo
720 2275 976 2388 sexagesimo
1003 2281 1121 2360 sexto
1148 2281 1247 2362 ante
1268 2305 1387 2364 suam
1409 2277 1608 2378 Gloriam,
1638 2280 1687 2360 nt

262 2411 371 2522 jam,
412 2409 448 2492 si
484 2411 580 2518 post
614 2407 798 2496 Gloriam
835 2407 1080 2518 sexagesimi
1116 2407 1224 2494 sexti
1260 2408 1409 2518 psalmi
1448 2408 1685 2510 occurrerit,

266 2531 355 2628 non
381 2543 506 2628 debet
532 2545 644 2626 stare
669 2541 715 2624 in
736 2567 812 2624 suo
839 2539 998 2625 ordina.
1050 2539 1317 2626 comantem
1343 2537 1445 2624 dicit
1470 2538 1689 2623 accendam

269 2673 605 2779 consuetudinem,
633 2670 960 2758 subaudiendum
988 2674 1079 2759 est:
1106 2671 1301 2756 ecclesiae
1328 2699 1439 2775 snae,
1467 2673 1566 2782 qnia
1587 2675 1688 2756 tunc

270 2807 464 2894 ecclcsiae
499 2804 610 2890 illins
643 2801 825 2912 regionis
859 2805 921 2888 ita
947 2802 1179 2891 cantabant
1207 2804 1311 2890 dnos
1339 2803 1533 2914 psalmos.
1588 2799 1687 2886 Non
1754 2898 1756 2902 ,
1891 2902 1895 2911 ,

197 2969 206 2986 ·
270 2938 380 3022 cuim
407 2937 561 3047 absque
589 2936 753 3032 ratione
780 2935 826 3018 hi
853 2935 1001 3045 psalmi
1029 2936 1072 3017 iu
1101 2932 1309 3018 matutino
1332 2934 1471 3019 officio
1499 2933 1687 3043 deputati

200 3109 203 3116 ·
271 3073 387 3172 aunt,
429 3067 528 3178 qnia
555 3067 600 3149 iu
630 3091 881 3175 unoquoque
908 3065 1068 3175 psalmo
1095 3065 1308 3148 invenitur
1334 3066 1464 3169 ratio,
1503 3090 1610 3172 qnae
1637 3063 1689 3146 ud

271 3195 523 3286 matutinum
540 3197 706 3298 attinet,
731 3198 820 3279 taur
833 3194 1079 3304 specialiter,
1101 3222 1224 3304 qnam
1243 3193 1368 3276 etiam
1386 3195 1463 3276 snb
1480 3192 1689 3303 mysterio.
1715 3219 1719 3226 ’
1888 3222 1892 3231 ’

101 3409 104 3424 ,
271 3333 323 3414 ln
360 3327 508 3437 quinto
548 3351 645 3410 varo
684 3324 843 3434 psalmo
880 3326 1038 3410 mentio
1075 3324 1126 3408 lit
1164 3323 1385 3424 matutini,
1427 3351 1522 3408 cnm
1564 3322 1689 3407 dicit:

170 3462 173 3474 ’
274 3460 404 3546 Matre
430 3457 573 3545 osloto
600 3455 675 3542 tili
701 3461 739 3542 ct
764 3455 917 3540 uidebo.
973 3455 1025 3538 In
1042 3452 1251 3538 tricesimo
1279 3455 1428 3561 quinto
1456 3452 1613 3536 mentio
1641 3450 1691 3532 lit

104 3677 108 3686 ,
273 3591 394 3693 locis,
425 3589 495 3673 aed
523 3588 600 3672 snb
630 3587 847 3696 mysterio,
874 3587 919 3670 in
934 3575 996 3672 veo
1023 3585 1138 3690 loco,
1164 3583 1238 3668 ubi
1265 3582 1387 3669 dicitr
1425 3579 1534 3666 Filii
1560 3577 1690 3662 lomi·

273 3748 373 3807 errem
398 3721 443 3805 io
474 3719 721 3824 protectione
755 3716 921 3802 alonem
953 3721 1118 3800 luuram
1144 3716 1376 3821 operobrort.
1433 3709 1490 3794 Et
1516 3709 1691 3793 iterum:

274 3853 334 3938 Et
362 3853 408 3936 io
437 3849 588 3966 lusoriae
616 3847 933 3934 tno'oidobimna
960 3845 1108 3934 irenaeo.
1166 3845 1216 3929 lu
1248 3841 1565 3955 quadragesimo
1595 3866 1692 3923 vero

273 3983 455 4069 aecnorlo
482 3985 528 4067 in
555 4011 605 4066 eo
634 3979 751 4080 loco,
788 3978 862 4063 nbi
889 3978 1010 4063 dicit:
1051 3975 1205 4062 Emitte
1230 3974 1356 4060 locem
1383 3965 1496 4058 loom
1523 3977 1561 4057 et
1585 3971 1692 4055 oeri-

274 4123 396 4202 lotcm
422 4121 546 4200 tonora.
603 4112 654 4198 ln
682 4108 1027 4225 quiuquagesimo
1053 4114 1171 4194 sexto
1199 4105 1356 4192 mentio
1385 4107 1435 4189 fit
1461 4103 1587 4201 lucis,
1619 4099 1693 4185 nbi

276 4249 404 4334 ‹licitr
444 4245 662 4356 Emerpom
688 4242 876 4330 diluculo.
933 4238 984 4323 ln
1023 4239 1277 4350 sexagesimo
1315 4237 1497 4323 secundo
1535 4232 1691 4318 mentio

277 4383 326 4472 fit
353 4379 480 4482 lucis,
515 4379 587 4462 nbi
614 4376 737 4464 dicit:
781 4375 1025 4478 Defecerant
1050 4374 1276 4456 omertonlcr
1302 4368 1511 4472 smrlirrio,
1538 4363 1695 4450 accedet

275 4511 392 4598 lrooro
419 4511 477 4598 orl
504 4537 572 4596 cor
600 4512 740 4612 ollam,
768 4507 812 4595 h.
832 4517 868 4595 e.'
896 4503 1112 4588 deliciante
1139 4505 1265 4586 nocte
1290 4499 1460 4586 accedet
1485 4499 1613 4586 homo
1640 4494 1694 4580 ad
1725 4587 1732 4593 ,

104 4635 108 4642 ’
277 4673 349 4730 cor
386 4645 541 4750 altum,
581 4643 624 4731 h.
652 4645 688 4731 el
728 4639 782 4726 ad
819 4640 969 4723 lucem.
1024 4633 1075 4718 ln
1113 4633 1368 4745 sexagesimo
1407 4659 1506 4716 vero
1545 4634 1694 4740 quarto

279 4777 436 4863 mentio
465 4777 514 4862 fit
540 4777 644 4862 lucia
671 4775 716 4860 in
743 4803 793 4861 eo
820 4773 937 4874 loco,
969 4769 1041 4854 ubi
1070 4768 1189 4855 dicit:
1238 4763 1414 4874 Vespere
1438 4773 1478 4852 ct
1504 4763 1693 4850 maledici

278 4901 603 5020 ‹lolecloberr'a'l
635 4906 685 4991 ln
705 4903 1009 5016 septuagesimo
1030 4929 1127 4988 vero
1155 4900 1302 5010 quinto
1329 4901 1486 4984 mantio
1515 4899 1565 4986 lit
1593 4897 1694 4982 locis

224 5211 232 5224 ·
264 5153 268 5160 ¹
369 5199 397 5294 ¹)
418 5193 549 5266 Psalm.
571 5195 626 5282 64,
648 5197 691 5272 9:
715 5196 832 5268 eritne
853 5190 1022 5268 raototirri
1042 5199 1077 5264 et
1100 5211 1238 5286 respon
1261 5187 1456 5262 onerata.
1542 5211 1546 5220 ·
