3930 5788
842 73 926 166 Cap.
951 73 1075 147 txrv.
1198 181 1201 190 ¹
1585 61 1666 168 583
1695 133 1699 142 .
1882 87 1885 94 ⁴

258 293 382 380 fuerit
401 291 482 394 ille,
513 289 726 401 hospitalis
749 291 1022 404 apprehendit
1040 323 1145 396 euni,
1175 301 1217 380 et
1242 300 1338 382 unte
1358 267 1667 382 osunes‘exeun:
1716 300 1722 330 ⁹
1765 404 1768 413 Ι

261 425 382 525 forus,
412 426 456 507 et
484 419 599 505 ducit
625 421 742 506 illum
771 422 921 508 vadens
950 432 1048 510 aute
1077 455 1219 510 ornnes
1245 429 1298 512 ud
1325 427 1567 518 oratorium.

811 619 910 726 cop.
940 619 1109 706 LXIV.

596 801 664 878 DE
693 799 1056 882 ORDINA'I'IOND
1087 803 1336 883 ABBA'I'IS.

367 947 583 1058 Sequitur:
613 947 669 1032 Iu
688 946 846 1030 addatis
865 947 1117 1033 ordinatione
1134 947 1208 1033 illo
1223 977 1379 1058 sonipes·
1394 953 1667 1040 corocidoretur

257 1081 387 1183 ratio,
415 1086 458 1164 nt
484 1078 550 1164 dic
577 1076 857 1181 constituatur,
885 1105 999 1184 preco:
1036 1080 1117 1163 sibi
1150 1081 1282 1166 ouruis
1316 1109 1479 1171 concors
1506 1103 1667 1193 corrpiet
1744 1103 1747 1108 ’
1906 1085 1919 1128 ·’

253 1211 363 1321 potio
383 1209 599 1295 secuudum
621 1208 803 1293 timorem
824 1207 919 1310 Dei,
947 1209 1029 1296 sivo
1057 1212 1176 1296 ctiam
1193 1239 1297 1320 porc
1328 1214 1511 1320 porcionis
1533 1241 1666 1320 porco

257 1341 573 1450 corcyrepotiouis
601 1339 765 1425 sacrior:
793 1340 958 1426 consilio
985 1341 1156 1452 olcpcrit.
1223 1343 1339 1430 Vitae
1365 1350 1498 1428 arctoo:
1526 1347 1678 1431 orscrito'

212 1549 217 1556 .
253 1477 290 1558 ct
317 1472 542 1577 sapientiae
571 1471 755 1557 doctrino
784 1469 967 1580 stipatur,
1008 1474 1077 1581 qui
1104 1475 1360 1562 ordinandas
1388 1485 1468 1577 est,
1506 1475 1665 1560 etiarnsi-

255 1603 421 1688 rdtimus
445 1603 572 1708 fuerit
598 1605 643 1688 in
672 1601 815 1688 ordino
842 1603 1159 1712 corrp'ropotionis
1188 1607 1426 1717 etreliqua.
1458 1655 1510 1672 -
1541 1605 1665 1691 Forte
1754 1677 1757 1683 .
1823 1619 1825 1624 ’

144 1727 147 1731 ’
252 1733 413 1844 quaerit
451 1733 620 1844 aliquis,
650 1761 775 1844 quare
804 1733 845 1818 S.
879 1735 1121 1819 Benedictus
1150 1736 1227 1821 boc
1256 1736 1480 1845 capitulum
1510 1736 1552 1820 iu
1582 1737 1664 1847 pri·

252 1863 409 1950 :nordio
438 1891 522 1948 uou
551 1864 727 1974 scripsit.
786 1865 861 1950 Oui
891 1865 1216 1976 respondendum
1247 1871 1326 1949 est:
1373 1865 1485 1951 Bene
1513 1864 1555 1949 in
1585 1865 1663 1952 boc

251 1997 341 2089 loco
369 1995 448 2080 hoc
477 1996 700 2106 capitulum
729 1995 912 2106 scripsit,
944 2025 1019 2081 :rec
1047 1996 1167 2080 aliter
1194 1996 1317 2080 etium
1349 1997 1490 2082 debuit
1507 1998 1663 2100 incure,

250 2127 321 2238 qui
352 2127 552 2238 imprimis
581 2129 744 2238 scripsit
773 2129 822 2212 de
850 2129 923 2213 ilio
953 2129 1017 2213 vel
1045 2157 1121 2240 pro
1149 2128 1234 2232 ilio,
1264 2155 1357 2212 curn
1386 2130 1511 2216 dixit:
1553 2123 1676 2214 :locs-⁴

251 2254 356 2345 ceddo
384 2285 407 2344 o
431 2259 519 2364 fili,
541 2266 760 2366 praccepta
788 2260 989 2367 :ruopistri
1018 2288 1079 2363 eo,
1110 2262 1218 2372 quod
1248 2261 1490 2372 discipulum
1521 2263 1662 2346 admo·
1808 2302 1813 2313 ¹

251 2390 363 2493 uuit,
393 2397 441 2475 ut
468 2391 654 2476 obediret
680 2391 892 2500 magistro.
951 2389 1109 2476 Deinde
1138 2397 1271 2477 tutum
1302 2420 1450 2504 corpus
1476 2419 1661 2502 compre-

83 2601 87 2610 .
250 2522 416 2626 itendit,
446 2550 537 2606 cunr
568 2523 618 2606 de
646 2521 868 2633 generibus
906 2523 969 2608 vel
999 2523 1082 2606 vita
1110 2523 1406 2609 ruorrachorum
1438 2523 1564 2623 dixit:
1602 2523 1662 2606 uit

250 2656 380 2740 enim:
409 2654 486 2739 Ad·
504 2653 796 2740 :corroditurum
821 2653 1091 2758 fortissimum:
1111 2681 1240 2764 porros
1266 2656 1481 2763 adjacente
1503 2653 1692 2754 dorisco„

248 2787 469 2882 nocrioums.
518 2789 619 2872 Post
648 2812 743 2868 vero
773 2787 887 2896 quasi
919 2795 1043 2896 caput
1071 2787 1191 2896 hujus
1221 2787 1403 2898 corporis
1433 2787 1661 2888 corretituit,
1753 2869 1754 2872 a
1903 2891 1906 2900 ι

247 2947 341 3003 cum
371 2918 421 3003 de
450 2917 599 3004 abbate
628 2916 753 3019 dixit,
783 2919 913 3028 qualis
943 2919 1228 3022 «retentasse,
1257 2926 1340 3005 tum
1372 2921 1414 3004 in
1445 2947 1510 3019 se,
1539 2946 1661 3027 quum
1828 3011 1830 3018 ‚
1860 2909 1863 2916 ’
1912 2905 1918 2920 ’

248 3051 287 3134 iu
309 3047 593 3135 exterioribus.
640 3051 738 3134 Post
761 3077 856 3133 vero
879 3047 928 3133 de
949 3048 1234 3134 instrumentis
1262 3051 1460 3135 bonorum
1491 3067 1659 3158 operum

247 3181 362 3266 dixit.
421 3181 578 3266 Deinde
609 3179 660 3264 de
689 3179 902 3263 duodecim
927 3179 1124 3290 gradibus
1145 3179 1388 3266 humilitatis
1416 3180 1538 3280 dicit:
1568 3187 1662 3290 post

246 3318 386 3397 autem
429 3313 478 3397 de
518 3311 664 3398 officiis
703 3311 871 3414 diuinis,
911 3311 1057 3397 deinde
1098 3312 1148 3396 de
1183 3311 1372 3421 judiciis,
1401 3311 1660 3422 postmodum
1803 3352 1807 3361 ·

160 3553 164 3564 Ι
245 3453 380 3530 autem
412 3445 589 3556 qualiter
626 3444 901 3554 suscipiantur
930 3444 1099 3545 novitii,
1130 3443 1277 3528 deinde
1307 3445 1357 3528 de
1395 3443 1535 3528 urdine
1564 3471 1661 3527 con·
1707 3459 1710 3466 '
1761 3513 1765 3524 .

245 3576 512 3688 gregationis.
559 3574 718 3662 Deinde
747 3575 937 3660 ordinato
966 3575 1099 3686 eapite
1128 3604 1218 3660 cum
1251 3604 1420 3688 corpore
1447 3604 1534 3676 suo,
1565 3572 1661 3684 qnia
1783 3575 1789 3586 '
1912 3580 1917 3593 '

202 3779 205 3784 ,
245 3735 326 3790 uon
358 3709 495 3817 potest
522 3707 657 3809 aliter,
688 3713 734 3791 ut
762 3705 871 3790 istud
900 3713 1036 3818 ceput,
1064 3708 1090 3791 i.
1115 3738 1148 3795 e.
1179 3707 1306 3792 abbas
1340 3736 1421 3791 nou
1447 3706 1659 3808 morietur,

242 3837 336 3923 ideo
374 3867 484 3924 nunc
522 3839 573 3924 de
611 3839 909 3922 restauratione
937 3838 1106 3947 capitis,
1138 3840 1164 3923 i.
1195 3867 1229 3925 e.
1270 3839 1433 3926 abbatis
1474 3865 1660 3948 congruo
1706 3833 1740 3872 ³
1826 3839 1832 3846 ’

243 3969 335 4056 loco
364 3970 442 4056 boc
471 3973 698 4080 capitulum
728 3969 958 4058 constitnit.
1017 3969 1126 4056 Dicit
1154 3971 1283 4054 enim:
1323 3969 1565 4080 In'u'tdotis
1594 3995 1660 4053 or·

242 4102 452 4188 discutione
481 4100 554 4188 illo
571 4129 742 4210 ‘semper
771 4099 1046 4185 consideretur
1073 4100 1191 4204 ratio,
1220 4109 1264 4184 ut
1290 4101 1354 4186 bic
1382 4095 1658 4201 corruit-notor,

240 4261 355 4340 qucum
377 4233 457 4320 siti
474 4235 606 4318 oorcais
630 4259 793 4319 corseone
807 4231 1060 4341 copprcpotio
1075 4232 1293 4318 secuudum
1311 4233 1493 4317 tiomrcm
1507 4231 1590 4316 Dci
1606 4281 1657 4298 ·-
1771 4216 1807 4332 ss

242 4364 569 4452 subaudiendum
585 4371 668 4452 est:
698 4361 942 4476 elegerit-
972 4361 1054 4448 sico
1071 4363 1308 4470 eticonpors
1331 4363 1512 4472 puoorsoic
1522 4389 1657 4470 proruo
1738 4431 1741 4442 .

241 4498 560 4608 conpreputioois
589 4495 950 4584 sacriorooousilio
979 4493 1150 4604 eicpcrit.
1192 4493 1433 4581 Notandum
1462 4521 1560 4581 uero
1584 4503 1677 4600 est·

238 4628 336 4738 quia
362 4639 445 4716 tres
468 4628 752 4716 distinctiones
780 4628 823 4712 in
856 4625 934 4712 boe
962 4626 1055 4712 loco
1083 4623 1183 4710 fecit
1204 4625 1248 4711 S.
1270 4617 1544 4715 Benedictus:
1575 4627 1659 4738 pri·
1757 4653 1761 4662 ·

239 4785 368 4863 mam,
411 4786 505 4846 cum
546 4757 651 4848 dixit
691 4757 731 4844 si
762 4757 894 4842 ononis
932 4781 1094 4844 corrcors
1122 4755 1371 4866 oonprepotio
1400 4783 1489 4844 eorm
1517 4757 1660 4844 timore
1793 4745 1800 4758 ’

215 4889 316 4992 Ι1ὶοί
355 4887 526 4998 :deperit
583 4889 641 4976 bit
682 4889 786 4976 bene
823 4886 929 4974 dixit
967 4913 1055 4976 mm
1089 4887 1231 5002 tinore
1259 4887 1360 4990 Dei:
1401 4887 1498 4999 quia
1527 4893 1570 4974 et
1597 4894 1659 4974 est

239 5019 348 5105 mala
375 5020 593 5108 concordia
622 5019 710 5107 sine
739 5009 888 5106 timore
918 5017 1012 5135 Dei,
1047 5017 1154 5106 sicut
1181 5016 1352 5106 inferius
1381 5017 1563 5105 dicturus
1583 5026 1656 5116 est,
1692 5053 1723 5079 ν
