3974 5778
146 279 155 297 ,
285 211 372 294 312
866 208 959 324 cap
976 207 1110 308 xvlu.

181 455 186 466 ·
225 393 230 404 ¹
283 425 458 512 cretione
485 389 776 534 praecipuum,
818 453 1004 514 emunire
1047 425 1300 514 romono.
1371 426 1500 538 Citius
1534 429 1576 513 si
1612 429 1705 534 puio
1879 438 1885 479 ἴ

109 596 113 606 ·
202 629 236 650 ,.
284 556 379 642 oeiit
415 554 605 643 subtilius
643 583 775 644 mores
809 557 1011 666 citumque
1041 582 1307 668 copuoocere‚·
1333 563 1467 666 potest
1492 557 1540 646 iu
1565 561 1705 645 eodm

285 687 534 774 instinctione
575 679 738 798 reputoe
775 693 909 778 omorio
947 687 1174 798 mopisterii
1209 687 1325 775 cilius
1358 695 1475 778 octus
1510 689 1704 795 inuenire,
1748 793 1751 799 ¹

285 819 382 926 proto
410 825 577 906 soooctns
609 821 675 906 ort
701 803 811 908 nulio
837 821 955 908 modo
975 822 1108 928 poluit
1133 821 1256 908 oliter
1280 821 1422 908 docere
1446 791 1571 932 pauori
1590 823 1704 912 uicit.
1796 807 1799 814 ⁵

287 947 416 1050 Ecce..
433 949 617 1036 laudarit
637 953 683 1041 B.
701 953 923 1066 Gregorius
946 953 1144 1064 regulam,
1166 953 1264 1065 quie
1285 945 1399 1039 illam
1417 953 1532 1064 legit
1559 960 1604 1038 et
1625 953 1705 1036 nisi
1861 953 1864 957 ’

118 1191 120 1198 y
287 1078 471 1188 legeret,
498 1109 583 1166 non
614 1085 815 1171 laudaret
872 1086 929 1170 ln
955 1114 1046 1170 cum
1075 1085 1257 1197 legeret,
1295 1084 1456 1170 invenit
1483 1082 1542 1166 ibi
1570 1082 1703 1192 ipsum

288 1209 472 1316 cilicium
498 1216 689 1324 regulare
717 1219 761 1301 et
788 1217 891 1301 illud
912 1216 1110 1317 laudavit,
1139 1217 1236 1327 quia
1253 1244 1337 1300 non
1359 1215 1522 1327 excepit
1543 1213 1704 1298 dicens:

289 1339 534 1428 discretione
561 1347 852 1456 praecipuam,
896 1351 1070 1456 excepto
1099 1347 1262 1449 officio,
1302 1346 1413 1457 qood
1442 1347 1547 1431 inibi
1573 1347 1707 1430 couti·

248 1521 253 1572 .·
290 1475 423 1558 uetur.
481 1477 598 1574 erod
626 1479 661 1560 si
690 1479 758 1562 ille
787 1479 972 1566 laudavit
1000 1481 1182 1566 oillcinm
1212 1480 1413 1594 regulare,
1441 1479 1511 1588 qui
1535 1477 1708 1562 canoni·

289 1633 383 1689 cum
420 1607 607 1718 scripsit:
646 1609 718 1720 qni
753 1611 852 1696 estis
876 1639 987 1722 uos,
1027 1611 1099 1722 qui
1138 1609 1299 1697 nudetis
1339 1615 1485 1698 contra
1524 1618 1706 1696 uestrum

292 1737 532 1850 magistrum
557 1741 705 1843 dicere,
733 1743 878 1827 melios
894 1771 982 1827 esse
999 1742 1183 1828 officium
1203 1769 1417 1828 romanum
1439 1770 1564 1851 quam
1583 1769 1709 1850 regu·

292 1869 409 1953 lure?
455 1869 638 1981 anam
663 1871 947 1958 indecorosum
976 1879 1019 1958 et
1048 1875 1313 1960 inhonestum
1340 1880 1466 1985 atque
1487 1871 1706 1982 superbum

292 2003 434 2099 socrui,
474 1998 517 2084 iu
548 2001 612 2084 lois
638 2003 769 2087 causis
796 2003 1018 2114 discipulos
1046 2033 1130 2088 uon
1167 2005 1334 2089 lanciare
1369 2009 1414 2088 et
1439 2001 1545 2087 uelle
1582 1999 1710 2084 reliu-

293 2155 430 2236 quere‚
458 2131 567 2239 quod
577 2131 784 2240 ,magister
806 2131 969 2220 illorum
990 2133 1203 2220 humiliter
1222 2133 1407 2220 laudarit
1435 2138 1479 2218 et
1497 2129 1709 2241 amplexus

296 2265 371 2362 est,
401 2257 443 2347 h.
472 2289 507 2347 e.
536 2259 704 2348 amerit.
760 2259 961 2370 Magister
988 2266 1096 2349 enim
1125 2265 1291 2350 illorum
1318 2263 1484 2364 laudat,
1520 2267 1563 2347 et
1590 2260 1712 2344 disci·

205 2495 207 2500 ¹
244 2371 255 2388 ’
296 2389 423 2502 cipuli
449 2390 561 2476 illins
596 2392 748 2477 nolunt
782 2395 985 2510 recipere,
1024 2399 1135 2506 quod
1171 2399 1428 2506 cognoscunt
1465 2393 1709 2504 magistrum
1792 2475 1798 2486 ,

216 2577 218 2584 ·
294 2523 480 2608 laudasse
508 2533 551 2608 et
578 2524 811 2634 amplexum
839 2526 977 2631 fnisse,
1014 2529 1136 2614 sicuti
1163 2529 1251 2638 ipse
1274 2529 1361 2638 jam
1390 2530 1499 2611 intus
1527 2525 1576 2612 B.
1606 2527 1711 2612 Gre-

296 2655 438 2766 gorius
480 2655 663 2739 laudavit
706 2661 832 2766 atque
874 2660 1088 2772 amplexus
1128 2660 1210 2744 fuit
1251 2657 1467 2744 Benedicti
1513 2657 1710 2748 officium.

300 2790 486 2899 Denique
502 2788 665 2873 dicunt:
694 2787 736 2872 S.
755 2787 1003 2876 Benedictus
1028 2821 1112 2878 uon
1131 2791 1346 2891 concessit,
1375 2797 1424 2876 ut
1449 2795 1584 2876 totum
1615 2789 1711 2873 offi·
1792 2853 1794 2858 ,

192 2926 201 2945 '
289 2917 405 3007 'cium
434 2948 552 3006 snum
581 2919 857 3030 relinquetur,
897 2925 967 3008 sed
1005 2927 1166 3008 torulum
1205 2923 1295 3034 ipso
1329 2921 1566 3008 distributio
1602 2921 1713 3032 psal.-

150 3045 153 3051 ’
237 3131 241 3144 ,
298 3081 471 3137 morum.
528 3052 603 3138 Ille
639 3054 747 3138 cuim
775 3055 988 3139 distribuit
1027 3061 1071 3140 et
1109 3053 1334 3156 ordinarit,
1374 3053 1444 3164 qni
1484 3057 1527 3138 et
1566 3053 1714 3163 quanli
1889 3018 1902 3148 i,

299 3185 445 3294 psalmi
473 3213 547 3295 per
574 3186 895 3297 unumquodque
925 3187 1104 3272 officium
1136 3187 1309 3274 canendi
1337 3187 1442 3287 sint,
1472 3190 1515 3268 et
1541 3185 1715 3295 subjuu·
1748 3227 1751 3234 ·

299 3317 383 3408 xit:
421 3315 476 3411 Bi
499 3319 605 3418 (orte
631 3314 756 3400 alicui
789 3317 1043 3422 displicuerit
1071 3320 1168 3403 torreo
1196 3316 1425 3401 distributio
1446 3317 1715 3422 psulouoonm,

68 3470 73 3481 ’
175 3532 188 3558 d
300 3447 458 3540 ordinet
495 3447 636 3547 aliter,
677 3446 716 3528 si
752 3444 896 3531 ortelius
924 3449 1192 3556 judicaverit,
1233 3447 1446 3532 dcoonurodo
1474 3444 1716 3528 onocricuodis

287 3576 345 3660 ,io
372 3577 626 3678 attendatur,
666 3583 710 3658 ut
746 3581 869 3664 totiom
901 3577 1146 3683 psalterium
1186 3603 1274 3662 eorm
1310 3578 1398 3662 soris
1434 3577 1604 3662 coroticis
1636 3601 1717 3680 per

299 3705 549 3810 septimanae
575 3706 768 3816 circulum
789 3709 1011 3814 psallatur.
1069 3711 1130 3796 Ac
1156 3737 1232 3821 per
1259 3709 1339 3794 hoc
1367 3735 1453 3811 voe,
1488 3705 1559 3817 qui
1587 3703 1716 3790 reliu-

300 3835 427 3946 quitis
462 3837 644 3922 officinm
680 3838 888 3947 regulare,
931 3837 1029 3950 qnid
1065 3821 1201 3951 facitis
1239 3841 1290 3924 de
1324 3838 1564 3939 interuallo,
1604 3835 1716 3945 quod

231 4037 239 4044 .
304 3963 352 4051 B.
380 3963 627 4053 Benedictus
657 3969 856 4080 praecipit
885 3970 1156 4058 meditatione
1184 3971 1412 4056 inseruire?
1452 3969 1549 4081 quid
1582 3967 1717 4052 facitis

16 4165 17 4170 i
152 4159 161 4224 3
290 4097 352 4181 de
381 4095 544 4207 hymnis
580 4104 623 4183 et
658 4099 708 4184 de
737 4089 1004 4204 lectionibus,
1047 4105 1213 4213 quando
1254 4103 1468 4218 duodecim
1505 4101 1716 4212 leguntur,

302 4235 345 4312 et
374 4229 425 4313 de
453 4230 584 4314 tribus
612 4233 802 4333 conticis,
847 4264 952 4344 quae
989 4242 1089 4320 tunc
1127 4241 1365 4322 currantur?
1412 4231 1478 4317 Bt
1504 4233 1654 4316 lterum
1676 4215 1754 4314 oi'

239 4393 244 4404 ·
302 4391 517 4449 romanum
540 4363 722 4448 olllcium
744 4363 892 4466 tacitis,
921 4367 1057 4449 uolnus
1080 4366 1266 4477 psallitis,
1295 4393 1417 4477 quam
1438 4364 1606 4470 regulae
1624 4361 1717 4446 olli·

300 4495 408 4578 cium
426 4497 656 4595 contiueat;
686 4525 782 4599 nam
793 4495 825 4608 ¹)
839 4485 882 4579 iu
904 4495 1161 4581 hebdomada
1178 4504 1271 4607 post
1286 4495 1454 4596 Pascha,
1478 4521 1718 4604 quaevoca·
1751 4476 1758 4490 ⁸
1895 4509 1902 4590 t

301 4631 371 4709 tur
397 4627 512 4728 albu,
552 4632 596 4711 et
623 4628 669 4712 in'
695 4627 954 4711 hebdomada
984 4627 1277 4731 Pentecosten,
1316 4629 1362 4712 in
1398 4627 1550 4737 quibos
1581 4631 1716 4710 totum
1815 4657 1817 4666 ’

278 4760 540 4868 psalterium
577 4788 662 4870 non
700 4759 884 4864 curritur,
923 4759 1034 4868 quod
1070 4761 1270 4872 praecipit
1300 4759 1444 4870 regule
1471 4785 1546 4869 per
1574 4785 1718 4842 unam·

302 4919 507 5001 quamque
534 4891 807 5000 septimanum
837 4892 1074 4976 omnimodo
1102 4923 1188 4978 esse
1224 4893 1453 4976 canendum
1491 4917 1586 4973 cum
1618 4917 1719 4972 cau·

390 5178 419 5268 ¹)
439 5199 522 5248 nam
546 5205 588 5250 =
611 5203 644 5288 'e
666 5201 719 5269 er·
741 5181 789 5274 d)
