4334 5750
927 139 1012 232 dep.
1039 139 1103 213 111.
1545 121 1549 132 '
1674 145 1753 244 135
1865 69 1868 76 ‚

346 365 560 451 videndum
601 366 685 462 cut,
729 359 934 468 qumrmdc
964 386 1126 461 onmes,
1166 357 1298 442 idest
1330 367 1412 442 taur
1443 359 1587 456 abbae,
1628 387 1750 467 qutun
1784 449 1787 458 ,

345 492 527 581 monachi
568 489 682 599 sequi
732 481 909 572 debeant
955 487 1194 599 magistram
1241 487 1439 594 regulam.
1478 487 1768 596 'dirigistram'

339 625 518 736 regulam
572 624 820 728 sequuntur,
868 617 902 701 si
947 646 1038 701 cum
1083 618 1329 701 auctoritate
1383 618 1549 728 regulae
1594 617 1752 700 faciunt
1777 663 1804 696 ι
1852 725 1855 732 ⁴

338 755 556 868 spiritalia:
585 749 825 860 magistram
854 757 1083 859 sequuntur
1105 749 1303 858 regulam,
1334 748 1367 830 si
1397 747 1468 831 illa
1495 749 1749 858 temporalia,

338 917 438 1008 (puae
467 889 611 995 agunt,
643 882 815 965 honeste
845 887 887 965 et
916 882 1037 965 solerti
1066 879 1228 964 animae
1258 880 1518 988 proficienter
1546 887 1691 990 agunt.
1721 935 1723 939 .

445 1017 660 1126 Sequitur:
706 1009 841 1095 vrrrllus
876 1011 928 1096 ut
972 1042 1020 1098 ca
1057 1017 1200 1096 terraeve
1237 1009 1455 1096 declinetur
1483 1039 1509 1094 n
1536 1038 1746 1119 quoquam.

340 1153 510 1252 Taenare,
540 1146 665 1230 idest
693 1144 1008 1252 praesumptive,
1038 1144 1116 1227 boc
1144 1149 1205 1227 est
1223 1171 1330 1245 auur,
1359 1145 1469 1252 quod
1497 1145 1747 1229 contrarium

335 1287 396 1367 ost
432 1279 618 1390 regulae,
658 1281 812 1385 agunt,
853 1275 938 1360 eive
975 1282 1118 1359 terrave
1158 1272 1405 1384 intelligitur
1439 1277 1624 1380 praestan,
1663 1277 1747 1360 sive
1816 1347 1819 1352 .
1952 1323 1957 1333 ·

329 1410 496 1517 lbrlrritn
531 1411 594 1492 vel
633 1409 886 1518 rvcplipcnlcv.
944 1407 1239 1491 Verumtamen
1279 1405 1488 1490 sciendum
1529 1414 1610 1504 est,
1651 1407 1746 1515 quia
1924 1503 1927 1512 Ι

334 1541 437 1626 istud
477 1539 696 1624 declinetur·
723 1537 995 1651 impersonale
1024 1541 1098 1642 est,
1137 1537 1177 1621 id
1208 1543 1271 1622 est
1298 1537 1435 1619 ruallus
1464 1536 1516 1620 ab
1546 1565 1592 1620 ea
1621 1535 1745 1620 decli·
2008 1525 2010 1532 ’

333 1678 449 1756 uetur
487 1700 512 1754 a
552 1699 770 1780 quoquam.
800 1689 802 1694 ·
829 1653 880 1753 Α
906 1694 1125 1778 quoquam,
1171 1668 1211 1753 id
1251 1679 1314 1753 est
1351 1669 1607 1779 abaliquo,
1648 1667 1744 1752 sub-

330 1803 576 1887 audiendum
606 1806 688 1885 ent:
719 1805 804 1884 tarn
833 1799 886 1883 ab
914 1800 1080 1901 abbate,
1110 1829 1233 1909 quam
1261 1801 1315 1885 ab
1343 1800 1425 1884 alio
1454 1799 1669 1885 monacho.

296 1945 301 1958 '
351 1952 354 1958 ·
436 1932 649 2043 Sequitur:
680 1929 831 2017 Nullae
859 1931 903 2015 iu
933 1931 1180 2050 arronuetevic
1202 1932 1368 2036 proprii
1395 1937 1582 2038 coquatur·
1609 1931 1743 2016 cordia·

332 2067 579 2152 aoln—ntntcm.
639 2062 747 2148 Nam
773 2063 872 2172 quid
901 2063 955 2146 eit
978 2053 1141 2168 proprii
1163 2062 1303 2175 cordia
1330 2061 1528 2165 calamae,
1557 2061 1743 2174 superine

329 2196 370 2278 iu
399 2197 573 2308 prologo
600 2197 683 2308 jam
714 2193 902 2282 dixinme.
1746 2302 1749 2311 ‚

436 2325 652 2439 Sequitur:
692 2355 817 2434 neque
853 2331 1088 2434 anvreevunut
1123 2327 1336 2434 qrrieqnam
1375 2351 1464 2410 cnm
1488 2323 1642 2409 *cdlrutc
1668 2322 1741 2409 eno
2000 2423 2003 2436 y

321 2468 505 2568 proterve
542 2468 614 2544 ard
648 2459 755 2565 foris
793 2461 1037 2544 rraorraelevio
1064 2456 1308 2546 comendare.
1368 2457 1469 2548 Cum
1507 2456 1626 2540 dicit:
1669 2465 1740 2542 ord
1858 2471 1861 2496 ⁴
1977 2451 1996 2534 f

279 2637 295 2675 ,ν
323 2593 427 2696 sbrie
456 2593 713 2699 rrroucslcrv'o,
741 2591 1064 2682 subaudiendum
1096 2595 1176 2676 est:
1209 2591 1333 2676 intus.
1391 2589 1473 2674 leto
1500 2589 1739 2674 locusvrnie

326 2721 583 2836 intelligitur.
641 2725 725 2810 Alii
752 2728 862 2826 eunt,
891 2723 961 2835 qui
989 2722 1243 2834 intelligunt,
1274 2728 1322 2806 ut
1340 2727 1530 2833 proterve
1553 2722 1605 2807 ad
1625 2723 1737 2806 intus

212 2923 214 2927 -
261 2879 265 2887 ’
324 2855 519 2962 attineat,
561 2861 607 2942 ut
635 2855 689 2940 sit
723 2883 886 2960 seusus,
926 2877 986 2942 ac'
1010 2857 1043 2941 si
1084 2856 1258 2940 diceret:
1294 2855 1410 2944 ,intra
1445 2854 1734 2940 monasterium

323 2987 444 3072 debet
470 2989 732 3090 contendere,
761 2989 830 3074 sed
859 2991 947 3074 sine
982 2989 1270 3099 protervitate,
1300 2988 1378 3073 lroc
1417 2995 1480 3073 eet
1506 2987 1659 3098 dicere:
1701 2989 1735 3070 si

322 3117 430 3205 intus
457 3123 628 3232 rogatus
658 3118 783 3206 fuerit
812 3117 1058 3223 monachus,
1099 3125 1236 3231 potest
1265 3119 1527 3204 ruauifestare
1556 3148 1732 3223 caueam,

322 3252 389 3337 sed
419 3281 512 3336 cum
541 3250 795 3354 humilitate,
833 3250 1071 3352 etiterum,
1115 3251 1221 3337 sicut
1250 3251 1356 3357 dixi,
1393 3251 1595 3336 rationem
1625 3250 1734 3336 illiue

321 3413 474 3487 caueae,
502 3383 535 3468 si
563 3383 689 3469 abbas
719 3383 877 3469 dederit
906 3382 1132 3485 licentiam,
1169 3383 1419 3493 subjungere
1446 3382 1592 3482 debet:
1633 3383 1733 3466 foria

320 3541 413 3599 vero
443 3519 732 3603 monasterium
763 3516 1020 3601 solummodo
1056 3543 1219 3600 causum
1258 3514 1412 3615 dicere,
1453 3521 1606 3599 et'nou
1636 3517 1733 3601 licet

216 3674 221 3688 ·
320 3646 468 3733 dicere:
499 3647 532 3734 ei
562 3649 678 3734 vobis
707 3649 853 3757 placet,
884 3675 961 3758 ego
991 3647 1113 3731 nritto
1141 3647 1354 3748 rationem,
1384 3674 1512 3757 quare
1541 3649 1641 3734 mibi
1670 3652 1732 3738 ite
1770 3639 1773 3647 ¹

320 3777 489 3881 videtur,
519 3789 689 3892 propter
719 3778 812 3864 illos
841 3779 1039 3883 homines,
1077 3780 1147 3889 qui
1178 3779 1286 3864 sorte
1313 3777 1480 3878 alteriue
1509 3779 1618 3866 vitae
1646 3783 1729 3867 illic

318 3911 481 4012 suerint,
510 3941 561 3998 ne
589 3911 742 3996 malum
773 3911 831 3996 illi
861 3913 1092 4022 exemplum
1115 3939 1163 3995 ex
1192 3912 1271 3996 hoc
1292 3913 1507 4023 accipiant,
1532 3943 1622 3998 curu
1646 3945 1728 4000 nou

302 4042 557 4158 intelligunt
585 4045 784 4132 rationem
816 4045 941 4148 illam,
978 4073 1101 4156 quam
1130 4043 1315 4132 audiunt.
1359 4046 1443 4129 ulii
1476 4045 1727 4157 intelligunt,
2026 4131 2027 4144 Ν

318 4181 363 4257 ut
381 4181 567 4280 protervo
593 4178 862 4264 subaudiatur
889 4179 941 4262 ad
970 4177 1082 4262 intus
1104 4183 1147 4262 et
1168 4179 1278 4280 loris,
1308 4208 1356 4262 ac
1384 4177 1419 4260 ei
1439 4177 1612 4264 diceret:
1642 4209 1725 4263 uon
1787 4191 1792 4202 '
1907 4207 1910 4214 ·
2026 4185 2027 4194 '

316 4312 545 4415 praesumat
573 4313 761 4420 proterve
800 4308 1014 4422 quiequam
1054 4311 1166 4395 intus
1204 4337 1296 4394 cunr
1334 4310 1485 4396 abbate
1521 4293 1613 4410 eno,
1654 4319 1727 4394 aut

296 4433 412 4522 'soria
442 4444 631 4549 proterve
660 4429 942 4545 contendere,
970 4447 1018 4526 ut
1045 4441 1100 4526 sit
1127 4470 1288 4528 senene:
1330 4469 1462 4552 neque
1489 4441 1602 4526 intus
1629 4471 1726 4554 pro·
1758 4537 1760 4542 ,
1881 4511 1884 4518 .

269 4605 271 4610 ·
316 4575 426 4653 terve
466 4579 539 4654 aut
577 4569 700 4657 etiam
744 4574 842 4658 foris
886 4579 1075 4693 proterve
1116 4573 1360 4676 contendat,
1401 4573 1441 4660 h.
1471 4602 1505 4657 e.
1547 4571 1653 4658 sicut
1682 4574 1725 4658 in

314 4701 559 4788 :nonasterio
581 4703 820 4789 manifestat
834 4709 878 4789 et
892 4702 1110 4815 subjungit
1127 4703 1325 4789 rationem
1343 4733 1416 4814 per
1431 4705 1723 4816 congruentius

314 4833 354 4911 ct
381 4830 704 4938 contrarietates,
733 4835 856 4921 itaet
878 4835 975 4923 lorie
998 4834 1232 4921 nrarriloetet
1252 4861 1412 4920 crineum
1432 4840 1474 4919 et
1495 4823 1725 4946 sulajuugat
1847 4933 1852 4944 ⁴

314 4960 513 5048 rationem
541 4991 613 5074 per
641 4963 933 5076 congruentiae
961 4973 1004 5050 et
1042 4964 1354 5051 contrarietates
1388 4964 1475 5050 aino
1503 4967 1721 5076 protervia.

312 5089 389 5178 Sed
426 5091 496 5180 ille
535 5125 676 5183 aeneus
715 5097 869 5208 primns
908 5094 1088 5183 nobilior
1126 5102 1189 5184 eet
1223 5090 1437 5184 eecrrudo..
1483 5093 1538 5179 itt
1573 5093 1720 5181 iterum
