<?xml version="1.0" encoding="UTF-8"?>
<!DOCTYPE html PUBLIC "-//W3C//DTD XHTML 1.0 Transitional//EN"
    "http://www.w3.org/TR/xhtml1/DTD/xhtml1-transitional.dtd">
<html xmlns="http://www.w3.org/1999/xhtml" xml:lang="en" lang="en">
 <head>
  <title>
</title>
<meta http-equiv="Content-Type" content="text/html;charset=utf-8" />
  <meta name='ocr-system' content='tesseract 3.04.00' />
  <meta name='ocr-capabilities' content='ocr_page ocr_carea ocr_par ocr_line ocrx_word'/>
</head>
<body>
  <div class='ocr_page' id='page_1' title='image "./vitaetregulassp01benegoog_0042.png"; bbox 0 0 3934 5762; ppageno 0'>
   <div class='ocr_carea' id='block_1_1' title="bbox 866 195 1665 288">
    <p class='ocr_par' dir='ltr' id='par_1_1' title="bbox 866 195 1665 288">
     <span class='ocr_line' id='line_1_1' title="bbox 866 195 1665 288; baseline 0 -20"><span class='ocrx_word' id='word_1_1' title='bbox 866 195 1049 288; x_wconf 73' lang='lat' dir='ltr'><strong>Prologus.</strong></span> <span class='ocrx_word' id='word_1_2' title='bbox 1616 203 1665 288; x_wconf 86' lang='lat'><strong>13</strong></span> 
     </span>
    </p>
   </div>
   <div class='ocr_carea' id='block_1_2' title="bbox 256 404 1666 525">
    <p class='ocr_par' dir='ltr' id='par_1_2' title="bbox 256 404 1666 525">
     <span class='ocr_line' id='line_1_2' title="bbox 256 404 1666 525; baseline -0.002 -21"><span class='ocrx_word' id='word_1_3' title='bbox 256 445 324 519; x_wconf 89' lang='lat' dir='ltr'><strong>ea,</strong></span> <span class='ocrx_word' id='word_1_4' title='bbox 365 441 470 524; x_wconf 88' lang='lat' dir='ltr'><strong>quae</strong></span> <span class='ocrx_word' id='word_1_5' title='bbox 498 415 540 499; x_wconf 94' lang='lat' dir='ltr'><strong>iu</strong></span> <span class='ocrx_word' id='word_1_6' title='bbox 571 415 694 501; x_wconf 85' lang='lat' dir='ltr'><strong>domo</strong></span> <span class='ocrx_word' id='word_1_7' title='bbox 721 404 839 515; x_wconf 78' lang='lat' dir='ltr'><strong>aaut,</strong></span> <span class='ocrx_word' id='word_1_8' title='bbox 879 415 988 525; x_wconf 85' lang='lat' dir='ltr'><strong>regit</strong></span> <span class='ocrx_word' id='word_1_9' title='bbox 1024 419 1067 500; x_wconf 88' lang='lat' dir='ltr'><strong>et</strong></span> <span class='ocrx_word' id='word_1_10' title='bbox 1094 414 1322 524; x_wconf 75' lang='lat' dir='ltr'><strong>gubernat,</strong></span> <span class='ocrx_word' id='word_1_11' title='bbox 1365 418 1425 502; x_wconf 92' lang='lat' dir='ltr'><strong>ita</strong></span> <span class='ocrx_word' id='word_1_12' title='bbox 1465 417 1666 503; x_wconf 80' lang='lat' dir='ltr'>Dominus</span> 
     </span>
    </p>
   </div>
   <div class='ocr_carea' id='block_1_3' title="bbox 255 543 1834 656">
    <p class='ocr_par' dir='ltr' id='par_1_3' title="bbox 255 543 1834 656">
     <span class='ocr_line' id='line_1_3' title="bbox 255 543 1834 656; baseline 0 -24"><span class='ocrx_word' id='word_1_13' title='bbox 255 547 392 632; x_wconf 87' lang='lat' dir='ltr'><strong>omnia</strong></span> <span class='ocrx_word' id='word_1_14' title='bbox 432 545 541 655; x_wconf 82' lang='lat' dir='ltr'><strong>regit</strong></span> <span class='ocrx_word' id='word_1_15' title='bbox 583 549 708 656; x_wconf 87' lang='lat' dir='ltr'><strong>atque</strong></span> <span class='ocrx_word' id='word_1_16' title='bbox 747 547 967 655; x_wconf 79' lang='lat' dir='ltr'><strong>gubernat.</strong></span> <span class='ocrx_word' id='word_1_17' title='bbox 1025 543 1106 630; x_wconf 90' lang='lat' dir='ltr'><strong>Ubi</strong></span> <span class='ocrx_word' id='word_1_18' title='bbox 1145 545 1254 630; x_wconf 87' lang='lat' dir='ltr'><strong>eninr</strong></span> <span class='ocrx_word' id='word_1_19' title='bbox 1291 549 1541 633; x_wconf 75' lang='lat' dir='ltr'>mentionem</span> <span class='ocrx_word' id='word_1_20' title='bbox 1572 547 1666 632; x_wconf 80' lang='lat' dir='ltr'><strong>Filii</strong></span> <span class='ocrx_word' id='word_1_21' title='bbox 1827 581 1834 589; x_wconf 64' lang='lat'>¹</span> 
     </span>
    </p>
   </div>
   <div class='ocr_carea' id='block_1_4' title="bbox 161 653 1666 1050">
    <p class='ocr_par' dir='ltr' id='par_1_4' title="bbox 161 653 1666 1050">
     <span class='ocr_line' id='line_1_4' title="bbox 164 653 1666 787; baseline -0.001 -23"><span class='ocrx_word' id='word_1_22' title='bbox 164 653 190 726; x_wconf 84' lang='lat'><strong>.&#39;</strong></span> <span class='ocrx_word' id='word_1_23' title='bbox 257 677 335 764; x_wconf 90' lang='lat' dir='ltr'><strong>Dei</strong></span> <span class='ocrx_word' id='word_1_24' title='bbox 364 675 482 761; x_wconf 89' lang='lat' dir='ltr'><strong>audis</strong></span> <span class='ocrx_word' id='word_1_25' title='bbox 509 676 575 759; x_wconf 91' lang='lat' dir='ltr'><strong>vel</strong></span> <span class='ocrx_word' id='word_1_26' title='bbox 603 675 719 784; x_wconf 84' lang='lat' dir='ltr'><strong>legis,</strong></span> <span class='ocrx_word' id='word_1_27' title='bbox 747 675 987 784; x_wconf 76' lang='lat' dir='ltr'><strong>mysterium</strong></span> <span class='ocrx_word' id='word_1_28' title='bbox 1017 681 1114 758; x_wconf 90' lang='lat' dir='ltr'><strong>tuoe</strong></span> <span class='ocrx_word' id='word_1_29' title='bbox 1136 675 1429 787; x_wconf 73' lang='lat' dir='ltr'><strong>redemptionis</strong></span> <span class='ocrx_word' id='word_1_30' title='bbox 1452 679 1516 765; x_wconf 92' lang='lat' dir='ltr'><strong>vel</strong></span> <span class='ocrx_word' id='word_1_31' title='bbox 1539 679 1666 764; x_wconf 90' lang='lat' dir='ltr'><strong>totins</strong></span> 
     </span>
     <span class='ocr_line' id='line_1_5' title="bbox 255 802 1664 918; baseline -0.002 -24"><span class='ocrx_word' id='word_1_32' title='bbox 255 808 422 894; x_wconf 88' lang='lat' dir='ltr'><strong>hnmani</strong></span> <span class='ocrx_word' id='word_1_33' title='bbox 450 807 613 918; x_wconf 80' lang='lat' dir='ltr'><strong>generis</strong></span> <span class='ocrx_word' id='word_1_34' title='bbox 642 808 698 890; x_wconf 92' lang='lat' dir='ltr'><strong>ibi</strong></span> <span class='ocrx_word' id='word_1_35' title='bbox 728 802 874 890; x_wconf 79' lang='lat' dir='ltr'><strong>recole.</strong></span> <span class='ocrx_word' id='word_1_36' title='bbox 917 803 974 889; x_wconf 78' lang='lat' dir='ltr'><strong>itt</strong></span> <span class='ocrx_word' id='word_1_37' title='bbox 1001 833 1248 915; x_wconf 87' lang='lat' dir='ltr'><strong>quamquam</strong></span> <span class='ocrx_word' id='word_1_38' title='bbox 1274 807 1473 893; x_wconf 80' lang='lat' dir='ltr'><strong>redemtio</strong></span> <span class='ocrx_word' id='word_1_39' title='bbox 1496 809 1664 894; x_wconf 87' lang='lat' dir='ltr'><strong>hauraui</strong></span> 
     </span>
     <span class='ocr_line' id='line_1_6' title="bbox 161 935 1665 1050; baseline 0 -28"><span class='ocrx_word' id='word_1_40' title='bbox 161 999 168 1012; x_wconf 78' lang='grc'><strong>.</strong></span> <span class='ocrx_word' id='word_1_41' title='bbox 253 937 413 1050; x_wconf 84' lang='lat' dir='ltr'><strong>generis</strong></span> <span class='ocrx_word' id='word_1_42' title='bbox 443 937 496 1022; x_wconf 91' lang='lat' dir='ltr'><strong>ad</strong></span> <span class='ocrx_word' id='word_1_43' title='bbox 527 935 807 1048; x_wconf 73' lang='lat' dir='ltr'><strong>operationem</strong></span> <span class='ocrx_word' id='word_1_44' title='bbox 837 935 921 1019; x_wconf 90' lang='lat' dir='ltr'><strong>eive</strong></span> <span class='ocrx_word' id='word_1_45' title='bbox 950 935 1253 1020; x_wconf 79' lang='lat' dir='ltr'><strong>miserationem</strong></span> <span class='ocrx_word' id='word_1_46' title='bbox 1281 941 1449 1022; x_wconf 75' lang='lat' dir='ltr'><strong>narratae</strong></span> <span class='ocrx_word' id='word_1_47' title='bbox 1488 944 1531 1022; x_wconf 92' lang='lat' dir='ltr'><strong>et</strong></span> <span class='ocrx_word' id='word_1_48' title='bbox 1558 938 1665 1024; x_wconf 89' lang='lat' dir='ltr'><strong>iudi·</strong></span> 
     </span>
    </p>
   </div>
   <div class='ocr_carea' id='block_1_5' title="bbox 253 1065 1787 1441">
    <p class='ocr_par' dir='ltr' id='par_1_5' title="bbox 253 1065 1824 1441">
     <span class='ocr_line' id='line_1_7' title="bbox 256 1065 1787 1192; baseline 0.001 -40"><span class='ocrx_word' id='word_1_49' title='bbox 256 1066 399 1152; x_wconf 89' lang='lat' dir='ltr'><strong>viduae</strong></span> <span class='ocrx_word' id='word_1_50' title='bbox 413 1065 629 1152; x_wconf 81' lang='lat' dir='ltr'><strong>Trinitatis</strong></span> <span class='ocrx_word' id='word_1_51' title='bbox 652 1067 866 1167; x_wconf 81' lang='lat' dir='ltr'><strong>referatur,</strong></span> <span class='ocrx_word' id='word_1_52' title='bbox 884 1073 1023 1152; x_wconf 89' lang='lat' dir='ltr'><strong>tamen</strong></span> <span class='ocrx_word' id='word_1_53' title='bbox 1047 1066 1098 1151; x_wconf 87' lang='lat' dir='ltr'><strong>ed</strong></span> <span class='ocrx_word' id='word_1_54' title='bbox 1121 1065 1271 1152; x_wconf 80' lang='lat' dir='ltr'><strong>Filium</strong></span> <span class='ocrx_word' id='word_1_55' title='bbox 1292 1067 1524 1176; x_wconf 81' lang='lat' dir='ltr'><strong>specialiter</strong></span> <span class='ocrx_word' id='word_1_56' title='bbox 1540 1071 1665 1154; x_wconf 85' lang='lat' dir='ltr'><strong>ret&#39;er·</strong></span> <span class='ocrx_word' id='word_1_57' title='bbox 1740 1182 1743 1192; x_wconf 92' lang='lat'>.</span> <span class='ocrx_word' id='word_1_58' title='bbox 1772 1081 1787 1184; x_wconf 13' lang='lat'><strong>1&#39;</strong></span> 
     </span>
     <span class='ocr_line' id='line_1_8' title="bbox 253 1195 1677 1308; baseline -0.002 -23"><span class='ocrx_word' id='word_1_59' title='bbox 253 1211 334 1301; x_wconf 92' lang='lat' dir='ltr'><strong>tur,</strong></span> <span class='ocrx_word' id='word_1_60' title='bbox 354 1198 451 1308; x_wconf 92' lang='lat' dir='ltr'><strong>quia</strong></span> <span class='ocrx_word' id='word_1_61' title='bbox 470 1196 539 1282; x_wconf 92' lang='lat' dir='ltr'><strong>ille</strong></span> <span class='ocrx_word' id='word_1_62' title='bbox 562 1197 805 1307; x_wconf 81' lang='lat' dir='ltr'><strong>sanguinem</strong></span> <span class='ocrx_word' id='word_1_63' title='bbox 827 1195 935 1282; x_wconf 84' lang='lat' dir='ltr'><strong>ludit</strong></span> <span class='ocrx_word' id='word_1_64' title='bbox 946 1223 1022 1308; x_wconf 91' lang='lat' dir='ltr'><strong>pro</strong></span> <span class='ocrx_word' id='word_1_65' title='bbox 1041 1198 1293 1284; x_wconf 81' lang='lat' dir='ltr'><strong>redemtione</strong></span> <span class='ocrx_word' id='word_1_66' title='bbox 1313 1196 1677 1307; x_wconf 79' lang='lat' dir='ltr'><strong>lnrmauigeueriu,¹</strong></span> 
     </span>
     <span class='ocr_line' id='line_1_9' title="bbox 253 1327 1663 1441; baseline 0 -27"><span class='ocrx_word' id='word_1_67' title='bbox 253 1356 334 1414; x_wconf 92' lang='lat' dir='ltr'><strong>uon</strong></span> <span class='ocrx_word' id='word_1_68' title='bbox 364 1329 490 1414; x_wconf 88' lang='lat' dir='ltr'><strong>Pater</strong></span> <span class='ocrx_word' id='word_1_69' title='bbox 530 1332 572 1412; x_wconf 93' lang='lat' dir='ltr'><strong>et</strong></span> <span class='ocrx_word' id='word_1_70' title='bbox 601 1327 779 1438; x_wconf 82' lang='lat' dir='ltr'><strong>Spiritus</strong></span> <span class='ocrx_word' id='word_1_71' title='bbox 807 1334 995 1430; x_wconf 87' lang='lat' dir='ltr'><strong>sauctus,</strong></span> <span class='ocrx_word' id='word_1_72' title='bbox 1037 1357 1087 1414; x_wconf 92' lang='lat' dir='ltr'><strong>eo</strong></span> <span class='ocrx_word' id='word_1_73' title='bbox 1116 1328 1226 1439; x_wconf 90' lang='lat' dir='ltr'><strong>qood</strong></span> <span class='ocrx_word' id='word_1_74' title='bbox 1255 1329 1377 1414; x_wconf 90' lang='lat' dir='ltr'><strong>Pater</strong></span> <span class='ocrx_word' id='word_1_75' title='bbox 1413 1334 1456 1413; x_wconf 90' lang='lat' dir='ltr'><strong>et</strong></span> <span class='ocrx_word' id='word_1_76' title='bbox 1484 1327 1663 1441; x_wconf 82' lang='lat' dir='ltr'><strong>Spiritus</strong></span> 
     </span>
    </p>
   </div>
   <div class='ocr_carea' id='block_1_6' title="bbox 252 1457 1664 1697">
    <p class='ocr_par' dir='ltr' id='par_1_6' title="bbox 252 1457 1664 1697">
     <span class='ocr_line' id='line_1_10' title="bbox 252 1457 1255 1580; baseline 0 -38"><span class='ocrx_word' id='word_1_77' title='bbox 252 1465 417 1545; x_wconf 90' lang='lat' dir='ltr'><strong>sauctus</strong></span> <span class='ocrx_word' id='word_1_78' title='bbox 446 1487 534 1580; x_wconf 73' lang='lat' dir='ltr'><strong>uon</strong></span> <span class='ocrx_word' id='word_1_79' title='bbox 560 1457 781 1567; x_wconf 84' lang='lat' dir='ltr'><strong>assumpsit</strong></span> <span class='ocrx_word' id='word_1_80' title='bbox 808 1485 986 1560; x_wconf 76' lang='lat' dir='ltr'><strong>carerem,</strong></span> <span class='ocrx_word' id='word_1_81' title='bbox 1015 1458 1085 1544; x_wconf 90' lang='lat' dir='ltr'><strong>sed</strong></span> <span class='ocrx_word' id='word_1_82' title='bbox 1115 1458 1255 1545; x_wconf 84' lang='lat' dir='ltr'><strong>Filius.</strong></span> 
     </span>
     <span class='ocr_line' id='line_1_11' title="bbox 360 1586 1664 1697; baseline 0.003 -25"><span class='ocrx_word' id='word_1_83' title='bbox 360 1586 483 1673; x_wconf 89' lang='lat' dir='ltr'><strong>Nouo</strong></span> <span class='ocrx_word' id='word_1_84' title='bbox 523 1587 745 1674; x_wconf 87' lang='lat' dir='ltr'><strong>ridendum</strong></span> <span class='ocrx_word' id='word_1_85' title='bbox 784 1589 871 1686; x_wconf 90' lang='lat' dir='ltr'><strong>est,</strong></span> <span class='ocrx_word' id='word_1_86' title='bbox 914 1615 1039 1697; x_wconf 89' lang='lat' dir='ltr'><strong>quare</strong></span> <span class='ocrx_word' id='word_1_87' title='bbox 1079 1615 1160 1674; x_wconf 90' lang='lat' dir='ltr'><strong>nou</strong></span> <span class='ocrx_word' id='word_1_88' title='bbox 1201 1589 1307 1692; x_wconf 81' lang='lat' dir='ltr'><strong>dixit</strong></span> <span class='ocrx_word' id='word_1_89' title='bbox 1345 1590 1386 1677; x_wconf 89' lang='lat' dir='ltr'><strong>S.</strong></span> <span class='ocrx_word' id='word_1_90' title='bbox 1418 1589 1664 1676; x_wconf 74' lang='lat' dir='ltr'><strong>Benedictus</strong></span> 
     </span>
    </p>
   </div>
   <div class='ocr_carea' id='block_1_7' title="bbox 200 1716 1663 1963">
    <p class='ocr_par' dir='ltr' id='par_1_7' title="bbox 200 1716 1663 1963">
     <span class='ocr_line' id='line_1_12' title="bbox 251 1716 1663 1826; baseline -0.001 -20"><span class='ocrx_word' id='word_1_91' title='bbox 251 1723 413 1806; x_wconf 89' lang='lat' dir='ltr'><strong>tanturn</strong></span> <span class='ocrx_word' id='word_1_92' title='bbox 434 1716 622 1820; x_wconf 86' lang='lat' dir='ltr'><strong>Dorrrirro,</strong></span> <span class='ocrx_word' id='word_1_93' title='bbox 652 1717 721 1802; x_wconf 87' lang='lat' dir='ltr'><strong>sed</strong></span> <span class='ocrx_word' id='word_1_94' title='bbox 749 1716 909 1802; x_wconf 89' lang='lat' dir='ltr'><strong>addidit</strong></span> <span class='ocrx_word' id='word_1_95' title='bbox 943 1717 1137 1804; x_wconf 74' lang='lat' dir='ltr'><strong>t&#39;lvrtsio?</strong></span> <span class='ocrx_word' id='word_1_96' title='bbox 1180 1719 1276 1806; x_wconf 89' lang='lat' dir='ltr'><strong>ideo</strong></span> <span class='ocrx_word' id='word_1_97' title='bbox 1304 1719 1465 1806; x_wconf 90' lang='lat' dir='ltr'><strong>addidit</strong></span> <span class='ocrx_word' id='word_1_98' title='bbox 1487 1720 1663 1826; x_wconf 75' lang='lat' dir='ltr'><strong>Cleristo,</strong></span> 
     </span>
     <span class='ocr_line' id='line_1_13' title="bbox 200 1847 1662 1963; baseline -0.001 -27"><span class='ocrx_word' id='word_1_99' title='bbox 200 1897 204 1904; x_wconf 94' lang='lat'>·</span> <span class='ocrx_word' id='word_1_100' title='bbox 251 1851 347 1963; x_wconf 88' lang='lat' dir='ltr'><strong>quia</strong></span> <span class='ocrx_word' id='word_1_101' title='bbox 364 1877 437 1960; x_wconf 89' lang='lat' dir='ltr'><strong>per</strong></span> <span class='ocrx_word' id='word_1_102' title='bbox 453 1848 561 1934; x_wconf 88' lang='lat' dir='ltr'><strong>istud</strong></span> <span class='ocrx_word' id='word_1_103' title='bbox 582 1877 745 1950; x_wconf 90' lang='lat' dir='ltr'><strong>nomen,</strong></span> <span class='ocrx_word' id='word_1_104' title='bbox 768 1847 877 1960; x_wconf 91' lang='lat' dir='ltr'><strong>quod</strong></span> <span class='ocrx_word' id='word_1_105' title='bbox 896 1854 960 1934; x_wconf 89' lang='lat' dir='ltr'><strong>est</strong></span> <span class='ocrx_word' id='word_1_106' title='bbox 976 1849 1269 1960; x_wconf 85' lang='lat' dir='ltr'><strong>appellativum</strong></span> <span class='ocrx_word' id='word_1_107' title='bbox 1289 1849 1394 1954; x_wconf 78' lang='lat' dir='ltr'><strong>Filii,</strong></span> <span class='ocrx_word' id='word_1_108' title='bbox 1423 1849 1662 1962; x_wconf 81' lang='lat' dir='ltr'><strong>mysterium</strong></span> 
     </span>
    </p>
   </div>
   <div class='ocr_carea' id='block_1_8' title="bbox 32 1979 1918 2228">
    <p class='ocr_par' dir='ltr' id='par_1_8' title="bbox 32 1979 1918 2228">
     <span class='ocr_line' id='line_1_14' title="bbox 36 1979 1918 2100; baseline -0.001 -34"><span class='ocrx_word' id='word_1_109' title='bbox 36 2070 41 2083; x_wconf 71' lang='grc'>,</span> <span class='ocrx_word' id='word_1_110' title='bbox 252 1979 542 2090; x_wconf 87' lang='lat' dir='ltr'><strong>redemptionis</strong></span> <span class='ocrx_word' id='word_1_111' title='bbox 558 1986 654 2065; x_wconf 91' lang='lat' dir='ltr'><strong>tuae</strong></span> <span class='ocrx_word' id='word_1_112' title='bbox 677 1979 750 2063; x_wconf 92' lang='lat' dir='ltr'><strong>tibi</strong></span> <span class='ocrx_word' id='word_1_113' title='bbox 775 1979 905 2064; x_wconf 91' lang='lat' dir='ltr'><strong>voluit</strong></span> <span class='ocrx_word' id='word_1_114' title='bbox 921 1979 962 2065; x_wconf 91' lang='lat' dir='ltr'><strong>iu</strong></span> <span class='ocrx_word' id='word_1_115' title='bbox 985 1981 1221 2066; x_wconf 89' lang='lat' dir='ltr'><strong>memoriam</strong></span> <span class='ocrx_word' id='word_1_116' title='bbox 1240 1983 1454 2081; x_wconf 68' lang='lat' dir='ltr'><strong>reducerer</strong></span> <span class='ocrx_word' id='word_1_117' title='bbox 1479 1983 1664 2092; x_wconf 88' lang='lat' dir='ltr'><strong>superios</strong></span> <span class='ocrx_word' id='word_1_118' title='bbox 1764 2090 1769 2100; x_wconf 27' lang='grc'>1</span> <span class='ocrx_word' id='word_1_119' title='bbox 1827 2036 1829 2039; x_wconf 93' lang='grc'>-</span> <span class='ocrx_word' id='word_1_120' title='bbox 1915 1996 1918 2004; x_wconf 88' lang='grc'><strong>’</strong></span> 
     </span>
     <span class='ocr_line' id='line_1_15' title="bbox 32 2093 1663 2228; baseline 0.001 -34"><span class='ocrx_word' id='word_1_121' title='bbox 32 2093 40 2143; x_wconf 66' lang='lat'><em>³</em></span> <span class='ocrx_word' id='word_1_122' title='bbox 105 2223 107 2228; x_wconf 10' lang='grc' dir='ltr'><strong><em>Α</em></strong></span> <span class='ocrx_word' id='word_1_123' title='bbox 252 2113 359 2196; x_wconf 85' lang='lat' dir='ltr'><strong>errim</strong></span> <span class='ocrx_word' id='word_1_124' title='bbox 390 2112 563 2211; x_wconf 87' lang='lat' dir='ltr'><strong>dixerat,</strong></span> <span class='ocrx_word' id='word_1_125' title='bbox 605 2137 741 2220; x_wconf 83' lang='grc' dir='ltr'><strong>ιιιμιο</strong></span> <span class='ocrx_word' id='word_1_126' title='bbox 773 2137 844 2219; x_wconf 88' lang='lat' dir='ltr'><strong>per</strong></span> <span class='ocrx_word' id='word_1_127' title='bbox 874 2110 1178 2196; x_wconf 87' lang='lat' dir='ltr'><strong>inobedientiae</strong></span> <span class='ocrx_word' id='word_1_128' title='bbox 1207 2111 1401 2197; x_wconf 85' lang='lat' dir='ltr'><strong>desidiam</strong></span> <span class='ocrx_word' id='word_1_129' title='bbox 1431 2141 1663 2213; x_wconf 86' lang='lat' dir='ltr'><strong>recesseras,</strong></span> 
     </span>
    </p>
   </div>
   <div class='ocr_carea' id='block_1_9' title="bbox 249 2238 1664 2614">
    <p class='ocr_par' dir='ltr' id='par_1_9' title="bbox 249 2238 1664 2614">
     <span class='ocr_line' id='line_1_16' title="bbox 250 2238 1664 2347; baseline -0.001 -22"><span class='ocrx_word' id='word_1_130' title='bbox 250 2271 358 2327; x_wconf 91' lang='lat' dir='ltr'><strong>nuuc</strong></span> <span class='ocrx_word' id='word_1_131' title='bbox 399 2255 535 2327; x_wconf 89' lang='lat' dir='ltr'><strong>autem</strong></span> <span class='ocrx_word' id='word_1_132' title='bbox 577 2242 670 2325; x_wconf 92' lang='lat' dir='ltr'><strong>ideo</strong></span> <span class='ocrx_word' id='word_1_133' title='bbox 708 2238 870 2325; x_wconf 89' lang='lat' dir='ltr'><strong>eddidit</strong></span> <span class='ocrx_word' id='word_1_134' title='bbox 901 2240 1128 2343; x_wconf 77' lang='lat' dir='ltr'><strong>Olrristrmr,</strong></span> <span class='ocrx_word' id='word_1_135' title='bbox 1172 2248 1219 2325; x_wconf 93' lang='lat' dir='ltr'><strong>ut</strong></span> <span class='ocrx_word' id='word_1_136' title='bbox 1255 2242 1537 2326; x_wconf 81' lang='lat' dir='ltr'><strong>manifestaret</strong></span> <span class='ocrx_word' id='word_1_137' title='bbox 1572 2243 1664 2347; x_wconf 92' lang='lat' dir='ltr'><strong>tibi,</strong></span> 
     </span>
     <span class='ocr_line' id='line_1_17' title="bbox 249 2370 1661 2484; baseline 0.002 -28"><span class='ocrx_word' id='word_1_138' title='bbox 249 2372 346 2481; x_wconf 90' lang='lat' dir='ltr'><strong>quia</strong></span> <span class='ocrx_word' id='word_1_139' title='bbox 368 2401 440 2481; x_wconf 92' lang='lat' dir='ltr'><strong>per</strong></span> <span class='ocrx_word' id='word_1_140' title='bbox 459 2373 545 2482; x_wconf 91' lang='lat' dir='ltr'><strong>ejus</strong></span> <span class='ocrx_word' id='word_1_141' title='bbox 565 2371 796 2484; x_wconf 86' lang='lat' dir='ltr'><strong>specialiter</strong></span> <span class='ocrx_word' id='word_1_142' title='bbox 814 2370 1138 2481; x_wconf 87' lang='lat' dir='ltr'><strong>redemptionem</strong></span> <span class='ocrx_word' id='word_1_143' title='bbox 1161 2376 1376 2456; x_wconf 85' lang='lat' dir='ltr'><strong>revocatus</strong></span> <span class='ocrx_word' id='word_1_144' title='bbox 1391 2399 1433 2456; x_wconf 88' lang='lat' dir='ltr'><strong>es</strong></span> <span class='ocrx_word' id='word_1_145' title='bbox 1447 2372 1500 2457; x_wconf 91' lang='lat' dir='ltr'><strong>ad</strong></span> <span class='ocrx_word' id='word_1_146' title='bbox 1519 2371 1661 2460; x_wconf 90' lang='lat' dir='ltr'><strong>Deum.</strong></span> 
     </span>
     <span class='ocr_line' id='line_1_18' title="bbox 250 2499 1661 2614; baseline 0.001 -28"><span class='ocrx_word' id='word_1_147' title='bbox 250 2501 358 2586; x_wconf 91' lang='lat' dir='ltr'><strong>Nam</strong></span> <span class='ocrx_word' id='word_1_148' title='bbox 388 2504 577 2587; x_wconf 74' lang='lat' dir='ltr'><strong>Christus</strong></span> <span class='ocrx_word' id='word_1_149' title='bbox 606 2502 697 2586; x_wconf 90' lang='lat' dir='ltr'><strong>ideo</strong></span> <span class='ocrx_word' id='word_1_150' title='bbox 726 2508 790 2587; x_wconf 82' lang='lat' dir='ltr'><strong>ert</strong></span> <span class='ocrx_word' id='word_1_151' title='bbox 817 2501 1112 2612; x_wconf 85' lang='lat' dir='ltr'><strong>appellativum</strong></span> <span class='ocrx_word' id='word_1_152' title='bbox 1141 2530 1290 2587; x_wconf 89' lang='lat' dir='ltr'><strong>nornen</strong></span> <span class='ocrx_word' id='word_1_153' title='bbox 1321 2499 1428 2607; x_wconf 75' lang='lat' dir='ltr'><strong>Filii,</strong></span> <span class='ocrx_word' id='word_1_154' title='bbox 1471 2532 1520 2588; x_wconf 92' lang='lat' dir='ltr'><strong>eo</strong></span> <span class='ocrx_word' id='word_1_155' title='bbox 1549 2505 1661 2614; x_wconf 90' lang='lat' dir='ltr'><strong>quod</strong></span> 
     </span>
    </p>
   </div>
   <div class='ocr_carea' id='block_1_10' title="bbox 248 2631 1938 2750">
    <p class='ocr_par' dir='ltr' id='par_1_10' title="bbox 248 2631 1938 2750">
     <span class='ocr_line' id='line_1_19' title="bbox 248 2631 1938 2750; baseline 0.002 -34"><span class='ocrx_word' id='word_1_156' title='bbox 248 2631 369 2717; x_wconf 90' lang='lat' dir='ltr'><strong>multi</strong></span> <span class='ocrx_word' id='word_1_157' title='bbox 399 2633 588 2750; x_wconf 75' lang='lat' dir='ltr'><strong>fuerunt,</strong></span> <span class='ocrx_word' id='word_1_158' title='bbox 630 2634 700 2744; x_wconf 93' lang='lat' dir='ltr'><strong>qni</strong></span> <span class='ocrx_word' id='word_1_159' title='bbox 730 2632 872 2718; x_wconf 87' lang='lat' dir='ltr'><strong>christi</strong></span> <span class='ocrx_word' id='word_1_160' title='bbox 902 2634 1002 2720; x_wconf 90' lang='lat' dir='ltr'><strong>dieti</strong></span> <span class='ocrx_word' id='word_1_161' title='bbox 1031 2641 1152 2734; x_wconf 78' lang='lat' dir='ltr'><strong>suut3</strong></span> <span class='ocrx_word' id='word_1_162' title='bbox 1193 2633 1261 2718; x_wconf 89' lang='lat' dir='ltr'><strong>sed</strong></span> <span class='ocrx_word' id='word_1_163' title='bbox 1293 2662 1539 2746; x_wconf 87' lang='lat' dir='ltr'><strong>quemquam</strong></span> <span class='ocrx_word' id='word_1_164' title='bbox 1569 2663 1662 2719; x_wconf 88' lang='lat' dir='ltr'><strong>eum</strong></span> <span class='ocrx_word' id='word_1_165' title='bbox 1816 2729 1818 2735; x_wconf 45' lang='grc'>,</span> <span class='ocrx_word' id='word_1_166' title='bbox 1937 2659 1938 2666; x_wconf 65' lang='lat'>‘</span> 
     </span>
    </p>
   </div>
   <div class='ocr_carea' id='block_1_11' title="bbox 211 2761 1662 3398">
    <p class='ocr_par' dir='ltr' id='par_1_11' title="bbox 211 2761 1662 3398">
     <span class='ocr_line' id='line_1_20' title="bbox 211 2761 1661 2876; baseline 0.002 -31"><span class='ocrx_word' id='word_1_167' title='bbox 211 2867 214 2873; x_wconf 11' lang='lat' dir='ltr'>y</span> <span class='ocrx_word' id='word_1_168' title='bbox 248 2763 482 2849; x_wconf 89' lang='lat' dir='ltr'><strong>bominibus</strong></span> <span class='ocrx_word' id='word_1_169' title='bbox 509 2764 805 2875; x_wconf 86' lang='lat' dir='ltr'><strong>appellativum</strong></span> <span class='ocrx_word' id='word_1_170' title='bbox 828 2767 895 2867; x_wconf 89' lang='lat' dir='ltr'><strong>eit,</strong></span> <span class='ocrx_word' id='word_1_171' title='bbox 925 2765 985 2850; x_wconf 92' lang='lat' dir='ltr'><strong>illi</strong></span> <span class='ocrx_word' id='word_1_172' title='bbox 1010 2773 1146 2850; x_wconf 89' lang='lat' dir='ltr'><strong>tamen</strong></span> <span class='ocrx_word' id='word_1_173' title='bbox 1174 2795 1256 2849; x_wconf 90' lang='lat' dir='ltr'><strong>uon</strong></span> <span class='ocrx_word' id='word_1_174' title='bbox 1280 2772 1344 2849; x_wconf 90' lang='lat' dir='ltr'><strong>est</strong></span> <span class='ocrx_word' id='word_1_175' title='bbox 1365 2761 1661 2876; x_wconf 87' lang='lat' dir='ltr'><strong>appellativum</strong></span> 
     </span>
     <span class='ocr_line' id='line_1_21' title="bbox 222 2893 1662 3007; baseline 0.003 -31"><span class='ocrx_word' id='word_1_176' title='bbox 222 2922 338 3002; x_wconf 87' lang='lat' dir='ltr'><strong>¹cum</strong></span> <span class='ocrx_word' id='word_1_177' title='bbox 373 2895 493 2980; x_wconf 85' lang='lat' dir='ltr'><strong>Patre</strong></span> <span class='ocrx_word' id='word_1_178' title='bbox 521 2902 565 2979; x_wconf 93' lang='lat' dir='ltr'><strong>et</strong></span> <span class='ocrx_word' id='word_1_179' title='bbox 593 2893 750 3006; x_wconf 88' lang='lat' dir='ltr'><strong>Spiritu</strong></span> <span class='ocrx_word' id='word_1_180' title='bbox 780 2902 937 2998; x_wconf 89' lang='lat' dir='ltr'><strong>sancto,</strong></span> <span class='ocrx_word' id='word_1_181' title='bbox 980 2897 1185 3007; x_wconf 86' lang='lat' dir='ltr'><strong>quiahoc</strong></span> <span class='ocrx_word' id='word_1_182' title='bbox 1214 2925 1362 2980; x_wconf 90' lang='lat' dir='ltr'><strong>nomeu</strong></span> <span class='ocrx_word' id='word_1_183' title='bbox 1393 2896 1445 2980; x_wconf 91' lang='lat' dir='ltr'><strong>ad</strong></span> <span class='ocrx_word' id='word_1_184' title='bbox 1476 2897 1662 2982; x_wconf 87' lang='lat' dir='ltr'><strong>incarna-</strong></span> 
     </span>
     <span class='ocr_line' id='line_1_22' title="bbox 245 3024 1662 3138; baseline 0.001 -30"><span class='ocrx_word' id='word_1_185' title='bbox 245 3027 399 3112; x_wconf 87' lang='lat' dir='ltr'><strong>tionem</strong></span> <span class='ocrx_word' id='word_1_186' title='bbox 430 3024 525 3110; x_wconf 80' lang='lat' dir='ltr'><strong>Filii</strong></span> <span class='ocrx_word' id='word_1_187' title='bbox 566 3027 730 3111; x_wconf 88' lang='lat' dir='ltr'><strong>attinet.</strong></span> <span class='ocrx_word' id='word_1_188' title='bbox 788 3025 908 3138; x_wconf 69' lang='lat' dir='ltr'><strong>llnde</strong></span> <span class='ocrx_word' id='word_1_189' title='bbox 939 3025 1051 3112; x_wconf 89' lang='lat' dir='ltr'><strong>Beda</strong></span> <span class='ocrx_word' id='word_1_190' title='bbox 1084 3029 1125 3112; x_wconf 90' lang='lat' dir='ltr'><strong>iu</strong></span> <span class='ocrx_word' id='word_1_191' title='bbox 1157 3031 1338 3112; x_wconf 89' lang='lat' dir='ltr'><strong>tractatu</strong></span> <span class='ocrx_word' id='word_1_192' title='bbox 1365 3030 1532 3111; x_wconf 85' lang='lat' dir='ltr'><strong>actuum</strong></span> <span class='ocrx_word' id='word_1_193' title='bbox 1561 3057 1662 3138; x_wconf 89' lang='lat' dir='ltr'><strong>apo·</strong></span> 
     </span>
     <span class='ocr_line' id='line_1_23' title="bbox 247 3153 1662 3259; baseline 0.001 -19"><span class='ocrx_word' id='word_1_194' title='bbox 247 3156 445 3241; x_wconf 88' lang='lat' dir='ltr'><strong>stolorum</strong></span> <span class='ocrx_word' id='word_1_195' title='bbox 476 3157 534 3240; x_wconf 90' lang='lat' dir='ltr'><strong>ita</strong></span> <span class='ocrx_word' id='word_1_196' title='bbox 563 3157 679 3242; x_wconf 85' lang='lat' dir='ltr'><strong>dicit:</strong></span> <span class='ocrx_word' id='word_1_197' title='bbox 709 3153 895 3242; x_wconf 82' lang='lat' dir='ltr'><strong>Christus</strong></span> <span class='ocrx_word' id='word_1_198' title='bbox 922 3159 1029 3244; x_wconf 90' lang='lat' dir='ltr'><strong>enim</strong></span> <span class='ocrx_word' id='word_1_199' title='bbox 1059 3158 1350 3259; x_wconf 69' lang='lat' dir='ltr'><strong>rubricantur</strong></span> <span class='ocrx_word' id='word_1_200' title='bbox 1370 3157 1396 3244; x_wconf 89' lang='lat' dir='ltr'><strong>i.</strong></span> <span class='ocrx_word' id='word_1_201' title='bbox 1416 3184 1450 3243; x_wconf 91' lang='lat' dir='ltr'><strong>e.</strong></span> <span class='ocrx_word' id='word_1_202' title='bbox 1481 3156 1534 3239; x_wconf 89' lang='lat' dir='ltr'><strong>ab</strong></span> <span class='ocrx_word' id='word_1_203' title='bbox 1561 3185 1662 3242; x_wconf 91' lang='lat' dir='ltr'><strong>nuc·</strong></span> 
     </span>
     <span class='ocr_line' id='line_1_24' title="bbox 244 3285 1662 3398; baseline -0.001 -28"><span class='ocrx_word' id='word_1_204' title='bbox 244 3289 357 3370; x_wconf 88' lang='lat' dir='ltr'><strong>tione</strong></span> <span class='ocrx_word' id='word_1_205' title='bbox 373 3315 525 3372; x_wconf 87' lang='lat' dir='ltr'><strong>nomeu</strong></span> <span class='ocrx_word' id='word_1_206' title='bbox 553 3286 713 3398; x_wconf 83' lang='lat' dir='ltr'><strong>aceepit</strong></span> <span class='ocrx_word' id='word_1_207' title='bbox 729 3288 852 3396; x_wconf 86' lang='lat' dir='ltr'><strong>juxta</strong></span> <span class='ocrx_word' id='word_1_208' title='bbox 876 3289 985 3398; x_wconf 90' lang='lat' dir='ltr'><strong>quod</strong></span> <span class='ocrx_word' id='word_1_209' title='bbox 1010 3290 1179 3375; x_wconf 90' lang='lat' dir='ltr'><strong>dicitur.</strong></span> <span class='ocrx_word' id='word_1_210' title='bbox 1217 3287 1343 3372; x_wconf 78' lang='lat' dir='ltr'><strong>Uusr&#39;t</strong></span> <span class='ocrx_word' id='word_1_211' title='bbox 1361 3295 1399 3372; x_wconf 88' lang='lat' dir='ltr'><strong>te</strong></span> <span class='ocrx_word' id='word_1_212' title='bbox 1418 3285 1662 3370; x_wconf 80' lang='lat' dir='ltr'><strong>DorarDrrrs</strong></span> 
     </span>
    </p>
   </div>
   <div class='ocr_carea' id='block_1_12' title="bbox 243 3417 1810 3528">
    <p class='ocr_par' dir='ltr' id='par_1_12' title="bbox 243 3417 1810 3528">
     <span class='ocr_line' id='line_1_25' title="bbox 243 3417 1810 3528; baseline -0.002 -25"><span class='ocrx_word' id='word_1_213' title='bbox 243 3425 336 3503; x_wconf 86' lang='lat' dir='ltr'><strong>tuus</strong></span> <span class='ocrx_word' id='word_1_214' title='bbox 360 3417 661 3520; x_wconf 51' lang='lat' dir='ltr'><strong>oleolaetitiaos</strong></span> <span class='ocrx_word' id='word_1_215' title='bbox 649 3446 675 3502; x_wconf 90' lang='grc' dir='ltr'><strong>ι.</strong></span> <span class='ocrx_word' id='word_1_216' title='bbox 693 3446 728 3505; x_wconf 90' lang='lat' dir='ltr'><strong>e.</strong></span> <span class='ocrx_word' id='word_1_217' title='bbox 746 3417 903 3528; x_wconf 86' lang='lat' dir='ltr'><strong>Spiritu</strong></span> <span class='ocrx_word' id='word_1_218' title='bbox 921 3428 1087 3519; x_wconf 75' lang='lat' dir='ltr'><strong>sanctor</strong></span> <span class='ocrx_word' id='word_1_219' title='bbox 1116 3419 1301 3506; x_wconf 71' lang='lat' dir='ltr'><strong>Cla-israe</strong></span> <span class='ocrx_word' id='word_1_220' title='bbox 1318 3418 1425 3503; x_wconf 89' lang='lat' dir='ltr'><strong>euim</strong></span> <span class='ocrx_word' id='word_1_221' title='bbox 1442 3445 1587 3528; x_wconf 81' lang='lat' dir='ltr'><strong>graece</strong></span> <span class='ocrx_word' id='word_1_222' title='bbox 1604 3420 1661 3502; x_wconf 90' lang='lat' dir='ltr'><strong>la·</strong></span> <span class='ocrx_word' id='word_1_223' title='bbox 1782 3453 1783 3456; x_wconf 20' lang='grc' dir='ltr'><strong>ι</strong></span> <span class='ocrx_word' id='word_1_224' title='bbox 1807 3445 1810 3452; x_wconf 93' lang='grc'><strong><em>·</em></strong></span> 
     </span>
    </p>
   </div>
   <div class='ocr_carea' id='block_1_13' title="bbox 177 3527 1719 4316">
    <p class='ocr_par' dir='ltr' id='par_1_13' title="bbox 177 3527 1719 4316">
     <span class='ocr_line' id='line_1_26' title="bbox 243 3527 1659 3687; baseline -0.001 -55"><span class='ocrx_word' id='word_1_225' title='bbox 243 3551 329 3632; x_wconf 90' lang='lat' dir='ltr'><strong>tiue</strong></span> <span class='ocrx_word' id='word_1_226' title='bbox 356 3555 497 3634; x_wconf 83' lang='lat' dir='ltr'><strong>rructrrs</strong></span> <span class='ocrx_word' id='word_1_227' title='bbox 526 3548 689 3635; x_wconf 89' lang='lat' dir='ltr'><strong>dicitnr.</strong></span> <span class='ocrx_word' id='word_1_228' title='bbox 737 3554 952 3659; x_wconf 74' lang='lat' dir='ltr'><strong>tinotquot</strong></span> <span class='ocrx_word' id='word_1_229' title='bbox 983 3552 1091 3636; x_wconf 90' lang='lat' dir='ltr'><strong>euim</strong></span> <span class='ocrx_word' id='word_1_230' title='bbox 1121 3527 1352 3687; x_wconf 75' lang='lat' dir='ltr'><strong>antiquitus¹</strong></span> <span class='ocrx_word' id='word_1_231' title='bbox 1380 3576 1498 3658; x_wconf 79' lang='lat' dir='ltr'><strong>reges</strong></span> <span class='ocrx_word' id='word_1_232' title='bbox 1529 3555 1659 3651; x_wconf 88' lang='lat' dir='ltr'><strong>eraut,</strong></span> 
     </span>
     <span class='ocr_line' id='line_1_27' title="bbox 177 3640 1658 3790; baseline -0.001 -28"><span class='ocrx_word' id='word_1_233' title='bbox 177 3709 179 3714; x_wconf 69' lang='grc'>’</span> <span class='ocrx_word' id='word_1_234' title='bbox 247 3681 386 3766; x_wconf 80' lang='lat' dir='ltr'><strong>rlrrirtr‘</strong></span> <span class='ocrx_word' id='word_1_235' title='bbox 415 3681 677 3780; x_wconf 89' lang='lat' dir='ltr'><strong>dicebantur,</strong></span> <span class='ocrx_word' id='word_1_236' title='bbox 721 3683 818 3788; x_wconf 91' lang='lat' dir='ltr'><strong>quia</strong></span> <span class='ocrx_word' id='word_1_237' title='bbox 857 3683 972 3766; x_wconf 90' lang='lat' dir='ltr'><strong>uncti</strong></span> <span class='ocrx_word' id='word_1_238' title='bbox 1012 3693 1131 3766; x_wconf 90' lang='lat' dir='ltr'><strong>eraut</strong></span> <span class='ocrx_word' id='word_1_239' title='bbox 1167 3640 1433 3790; x_wconf 83' lang='lat' dir='ltr'><strong>apropltetis</strong></span> <span class='ocrx_word' id='word_1_240' title='bbox 1463 3679 1658 3762; x_wconf 88' lang='lat' dir='ltr'><strong>unctione</strong></span> 
     </span>
     <span class='ocr_line' id='line_1_28' title="bbox 241 3803 1695 3928; baseline -0.002 -34"><span class='ocrx_word' id='word_1_241' title='bbox 241 3809 513 3921; x_wconf 88' lang='lat' dir='ltr'><strong>corruptibili</strong></span> <span class='ocrx_word' id='word_1_242' title='bbox 569 3810 653 3895; x_wconf 88' lang='lat' dir='ltr'><strong>Iste</strong></span> <span class='ocrx_word' id='word_1_243' title='bbox 681 3817 818 3928; x_wconf 77' lang='lat' dir='ltr'><strong>autmu</strong></span> <span class='ocrx_word' id='word_1_244' title='bbox 850 3812 1036 3898; x_wconf 78' lang='lat' dir='ltr'><strong>Christus</strong></span> <span class='ocrx_word' id='word_1_245' title='bbox 1076 3818 1223 3898; x_wconf 88' lang='lat' dir='ltr'><strong>unctus</strong></span> <span class='ocrx_word' id='word_1_246' title='bbox 1252 3817 1315 3894; x_wconf 88' lang='lat' dir='ltr'><strong>est</strong></span> <span class='ocrx_word' id='word_1_247' title='bbox 1350 3837 1435 3894; x_wconf 92' lang='lat' dir='ltr'><strong>non</strong></span> <span class='ocrx_word' id='word_1_248' title='bbox 1465 3803 1695 3893; x_wconf 82' lang='lat' dir='ltr'><strong>unctione</strong></span> 
     </span>
     <span class='ocr_line' id='line_1_29' title="bbox 245 3907 1659 4052; baseline -0.002 -28"><span class='ocrx_word' id='word_1_249' title='bbox 245 3939 516 4052; x_wconf 82' lang='lat' dir='ltr'><strong>corruptibili,</strong></span> <span class='ocrx_word' id='word_1_250' title='bbox 541 3941 611 4027; x_wconf 90' lang='lat' dir='ltr'><strong>sed</strong></span> <span class='ocrx_word' id='word_1_251' title='bbox 633 3919 827 4028; x_wconf 89' lang='lat' dir='ltr'><strong>unctione</strong></span> <span class='ocrx_word' id='word_1_252' title='bbox 846 3942 1036 4051; x_wconf 90' lang='lat' dir='ltr'><strong>spiritali,</strong></span> <span class='ocrx_word' id='word_1_253' title='bbox 1058 3942 1100 4027; x_wconf 92' lang='lat' dir='ltr'><strong>id</strong></span> <span class='ocrx_word' id='word_1_254' title='bbox 1126 3947 1189 4027; x_wconf 93' lang='lat' dir='ltr'><strong>est</strong></span> <span class='ocrx_word' id='word_1_255' title='bbox 1210 3907 1468 4051; x_wconf 86' lang='lat' dir='ltr'><strong>plenitndiue</strong></span> <span class='ocrx_word' id='word_1_256' title='bbox 1483 3937 1659 4047; x_wconf 77' lang='lat' dir='ltr'><strong>Spiritus</strong></span> 
     </span>
     <span class='ocr_line' id='line_1_30' title="bbox 241 4071 1658 4181; baseline -0.003 -25"><span class='ocrx_word' id='word_1_257' title='bbox 241 4073 386 4175; x_wconf 87' lang='lat' dir='ltr'><strong>sancti,</strong></span> <span class='ocrx_word' id='word_1_258' title='bbox 405 4073 455 4156; x_wconf 92' lang='lat' dir='ltr'><strong>de</strong></span> <span class='ocrx_word' id='word_1_259' title='bbox 470 4100 553 4181; x_wconf 91' lang='lat' dir='ltr'><strong>quo</strong></span> <span class='ocrx_word' id='word_1_260' title='bbox 571 4073 728 4158; x_wconf 89' lang='lat' dir='ltr'><strong>dictum</strong></span> <span class='ocrx_word' id='word_1_261' title='bbox 751 4077 838 4158; x_wconf 75' lang='lat' dir='ltr'><strong>ests</strong></span> <span class='ocrx_word' id='word_1_262' title='bbox 864 4071 1047 4178; x_wconf 84' lang='lat' dir='ltr'><strong>Spiritus</strong></span> <span class='ocrx_word' id='word_1_263' title='bbox 1062 4071 1234 4158; x_wconf 81' lang='lat' dir='ltr'><strong>Domini</strong></span> <span class='ocrx_word' id='word_1_264' title='bbox 1255 4097 1378 4175; x_wconf 84' lang='lat' dir='ltr'><strong>super</strong></span> <span class='ocrx_word' id='word_1_265' title='bbox 1392 4097 1467 4172; x_wconf 87' lang='lat' dir='ltr'><strong>mc,</strong></span> <span class='ocrx_word' id='word_1_266' title='bbox 1486 4077 1658 4175; x_wconf 84' lang='lat' dir='ltr'><strong>propter</strong></span> 
     </span>
     <span class='ocr_line' id='line_1_31' title="bbox 245 4201 1719 4316; baseline -0.002 -32"><span class='ocrx_word' id='word_1_267' title='bbox 245 4206 350 4308; x_wconf 75' lang='lat' dir='ltr'><strong>quod</strong></span> <span class='ocrx_word' id='word_1_268' title='bbox 376 4204 540 4289; x_wconf 60' lang='lat' dir='ltr'><strong>casseu</strong></span> <span class='ocrx_word' id='word_1_269' title='bbox 567 4229 641 4310; x_wconf 83' lang='lat' dir='ltr'><strong>rrrc,</strong></span> <span class='ocrx_word' id='word_1_270' title='bbox 670 4204 736 4289; x_wconf 92' lang='lat' dir='ltr'><strong>cui</strong></span> <span class='ocrx_word' id='word_1_271' title='bbox 763 4204 887 4289; x_wconf 88' lang='lat' dir='ltr'><strong>etiam</strong></span> <span class='ocrx_word' id='word_1_272' title='bbox 910 4201 1125 4290; x_wconf 87' lang='lat' dir='ltr'><strong>Psabnista</strong></span> <span class='ocrx_word' id='word_1_273' title='bbox 1154 4202 1278 4287; x_wconf 88' lang='lat' dir='ltr'><strong>dicit:</strong></span> <span class='ocrx_word' id='word_1_274' title='bbox 1301 4207 1519 4307; x_wconf 80' lang='lat' dir='ltr'><strong>propterea</strong></span> <span class='ocrx_word' id='word_1_275' title='bbox 1541 4202 1658 4284; x_wconf 77' lang='lat' dir='ltr'><strong>arrisit</strong></span> <span class='ocrx_word' id='word_1_276' title='bbox 1687 4234 1689 4240; x_wconf 54' lang='lat'><strong><em>¹</em></strong></span> <span class='ocrx_word' id='word_1_277' title='bbox 1717 4313 1719 4316; x_wconf 13' lang='grc' dir='ltr'>ι</span> 
     </span>
    </p>
   </div>
   <div class='ocr_carea' id='block_1_14' title="bbox 240 4331 1849 4572">
    <p class='ocr_par' dir='ltr' id='par_1_14' title="bbox 240 4331 1849 4572">
     <span class='ocr_line' id='line_1_32' title="bbox 240 4331 1795 4439; baseline -0.003 -22"><span class='ocrx_word' id='word_1_278' title='bbox 240 4342 281 4417; x_wconf 84' lang='lat' dir='ltr'><strong>te</strong></span> <span class='ocrx_word' id='word_1_279' title='bbox 308 4333 423 4420; x_wconf 82' lang='lat' dir='ltr'><strong>Dare</strong></span> <span class='ocrx_word' id='word_1_280' title='bbox 451 4333 568 4420; x_wconf 83' lang='lat' dir='ltr'><strong>Deua</strong></span> <span class='ocrx_word' id='word_1_281' title='bbox 596 4343 689 4422; x_wconf 76' lang='lat' dir='ltr'><strong>treus</strong></span> <span class='ocrx_word' id='word_1_282' title='bbox 717 4334 761 4420; x_wconf 83' lang='lat' dir='ltr'><strong>iu</strong></span> <span class='ocrx_word' id='word_1_283' title='bbox 790 4341 996 4419; x_wconf 84' lang='lat' dir='ltr'><strong>aeteruum</strong></span> <span class='ocrx_word' id='word_1_284' title='bbox 1024 4331 1107 4420; x_wconf 86' lang='lat' dir='ltr'><strong>otro</strong></span> <span class='ocrx_word' id='word_1_285' title='bbox 1143 4333 1320 4419; x_wconf 84' lang='lat' dir='ltr'><strong>loetitiae</strong></span> <span class='ocrx_word' id='word_1_286' title='bbox 1351 4355 1460 4439; x_wconf 85' lang='lat' dir='ltr'><strong>prae</strong></span> <span class='ocrx_word' id='word_1_287' title='bbox 1495 4357 1657 4416; x_wconf 83' lang='lat' dir='ltr'><strong>causor·</strong></span> <span class='ocrx_word' id='word_1_288' title='bbox 1781 4347 1795 4368; x_wconf 75' lang='lat'><strong>‘·</strong></span> 
     </span>
     <span class='ocr_line' id='line_1_33' title="bbox 240 4463 1849 4572; baseline -0.002 -24"><span class='ocrx_word' id='word_1_289' title='bbox 240 4465 347 4551; x_wconf 83' lang='lat' dir='ltr'><strong>tilmr</strong></span> <span class='ocrx_word' id='word_1_290' title='bbox 376 4466 470 4552; x_wconf 79' lang='lat' dir='ltr'><strong>tuis.</strong></span> <span class='ocrx_word' id='word_1_291' title='bbox 528 4465 702 4567; x_wconf 82' lang='lat' dir='ltr'><strong>Quando</strong></span> <span class='ocrx_word' id='word_1_292' title='bbox 742 4465 851 4550; x_wconf 92' lang='lat' dir='ltr'><strong>euim</strong></span> <span class='ocrx_word' id='word_1_293' title='bbox 890 4475 1100 4552; x_wconf 81' lang='lat' dir='ltr'><strong>consortes</strong></span> <span class='ocrx_word' id='word_1_294' title='bbox 1137 4463 1426 4565; x_wconf 88' lang='lat' dir='ltr'><strong>nominantur,</strong></span> <span class='ocrx_word' id='word_1_295' title='bbox 1464 4466 1654 4546; x_wconf 77' lang='lat' dir='ltr'><strong>araturam</strong></span> <span class='ocrx_word' id='word_1_296' title='bbox 1767 4551 1772 4572; x_wconf 45' lang='grc'><strong>,</strong></span> <span class='ocrx_word' id='word_1_297' title='bbox 1846 4463 1849 4471; x_wconf 87' lang='grc'><strong>’</strong></span> 
     </span>
    </p>
   </div>
   <div class='ocr_carea' id='block_1_15' title="bbox 232 4595 1656 5245">
    <p class='ocr_par' dir='ltr' id='par_1_15' title="bbox 232 4595 1656 5239">
     <span class='ocr_line' id='line_1_34' title="bbox 240 4595 1654 4710; baseline -0.001 -29"><span class='ocrx_word' id='word_1_298' title='bbox 240 4599 376 4682; x_wconf 81' lang='lat' dir='ltr'><strong>earnis</strong></span> <span class='ocrx_word' id='word_1_299' title='bbox 402 4597 609 4710; x_wconf 79' lang='lat' dir='ltr'><strong>intellige,</strong></span> <span class='ocrx_word' id='word_1_300' title='bbox 653 4599 751 4709; x_wconf 87' lang='lat' dir='ltr'><strong>quia</strong></span> <span class='ocrx_word' id='word_1_301' title='bbox 780 4597 892 4685; x_wconf 90' lang='lat' dir='ltr'><strong>Deus</strong></span> <span class='ocrx_word' id='word_1_302' title='bbox 934 4603 1143 4685; x_wconf 88' lang='lat' dir='ltr'><strong>consortes</strong></span> <span class='ocrx_word' id='word_1_303' title='bbox 1169 4597 1426 4688; x_wconf 85' lang='lat' dir='ltr'><strong>substautias</strong></span> <span class='ocrx_word' id='word_1_304' title='bbox 1454 4595 1550 4680; x_wconf 86' lang='lat' dir='ltr'><strong>suae</strong></span> <span class='ocrx_word' id='word_1_305' title='bbox 1579 4625 1654 4679; x_wconf 91' lang='lat' dir='ltr'><strong>uos</strong></span> 
     </span>
     <span class='ocr_line' id='line_1_35' title="bbox 241 4727 1652 4842; baseline -0.001 -29"><span class='ocrx_word' id='word_1_306' title='bbox 241 4756 325 4814; x_wconf 91' lang='lat' dir='ltr'><strong>nou</strong></span> <span class='ocrx_word' id='word_1_307' title='bbox 366 4728 505 4816; x_wconf 87' lang='lat' dir='ltr'><strong>babet.</strong></span> <span class='ocrx_word' id='word_1_308' title='bbox 562 4727 619 4815; x_wconf 85' lang='lat' dir='ltr'><strong>Et</strong></span> <span class='ocrx_word' id='word_1_309' title='bbox 655 4731 753 4842; x_wconf 87' lang='lat' dir='ltr'><strong>quia</strong></span> <span class='ocrx_word' id='word_1_310' title='bbox 789 4735 878 4817; x_wconf 87' lang='lat' dir='ltr'><strong>eret</strong></span> <span class='ocrx_word' id='word_1_311' title='bbox 910 4732 1054 4816; x_wconf 87' lang='lat' dir='ltr'><strong>arretio</strong></span> <span class='ocrx_word' id='word_1_312' title='bbox 1082 4728 1278 4841; x_wconf 86' lang='lat' dir='ltr'><strong>spiritalis</strong></span> <span class='ocrx_word' id='word_1_313' title='bbox 1317 4739 1361 4814; x_wconf 90' lang='lat' dir='ltr'><strong>et</strong></span> <span class='ocrx_word' id='word_1_314' title='bbox 1395 4751 1652 4839; x_wconf 86' lang='lat' dir='ltr'><strong>nequaquam</strong></span> 
     </span>
     <span class='ocr_line' id='line_1_36' title="bbox 240 4857 1654 4974; baseline -0.002 -29"><span class='ocrx_word' id='word_1_315' title='bbox 240 4858 411 4946; x_wconf 89' lang='lat' dir='ltr'><strong>humani</strong></span> <span class='ocrx_word' id='word_1_316' title='bbox 440 4863 636 4974; x_wconf 83' lang='lat' dir='ltr'><strong>eorporis,</strong></span> <span class='ocrx_word' id='word_1_317' title='bbox 667 4869 715 4950; x_wconf 90' lang='lat' dir='ltr'><strong>at</strong></span> <span class='ocrx_word' id='word_1_318' title='bbox 742 4860 858 4949; x_wconf 84' lang='lat' dir='ltr'><strong>tait</strong></span> <span class='ocrx_word' id='word_1_319' title='bbox 845 4891 887 4948; x_wconf 88' lang='lat' dir='ltr'><strong>ra</strong></span> <span class='ocrx_word' id='word_1_320' title='bbox 910 4861 1192 4950; x_wconf 76' lang='lat' dir='ltr'><strong>sacerdotibus</strong></span> <span class='ocrx_word' id='word_1_321' title='bbox 1205 4857 1472 4962; x_wconf 78' lang='lat' dir='ltr'><strong>ludaeorum</strong></span> <span class='ocrx_word' id='word_1_322' title='bbox 1500 4859 1654 4945; x_wconf 86' lang='lat' dir='ltr'><strong>idcirco</strong></span> 
     </span>
     <span class='ocr_line' id='line_1_37' title="bbox 232 4991 1656 5108; baseline -0.006 -30"><span class='ocrx_word' id='word_1_323' title='bbox 232 5019 342 5097; x_wconf 68' lang='lat' dir='ltr'><strong>puae</strong></span> <span class='ocrx_word' id='word_1_324' title='bbox 384 4993 654 5099; x_wconf 68' lang='lat' dir='ltr'><strong>amramitae,</strong></span> <span class='ocrx_word' id='word_1_325' title='bbox 697 4995 740 5080; x_wconf 93' lang='lat' dir='ltr'><strong>id</strong></span> <span class='ocrx_word' id='word_1_326' title='bbox 781 4999 844 5080; x_wconf 89' lang='lat' dir='ltr'><strong>est</strong></span> <span class='ocrx_word' id='word_1_327' title='bbox 883 5024 980 5108; x_wconf 90' lang='lat' dir='ltr'><strong>prae</strong></span> <span class='ocrx_word' id='word_1_328' title='bbox 1018 4994 1164 5080; x_wconf 86' lang='lat' dir='ltr'><strong>ceteris</strong></span> <span class='ocrx_word' id='word_1_329' title='bbox 1191 4991 1345 5078; x_wconf 88' lang='lat' dir='ltr'><strong>sanctis</strong></span> <span class='ocrx_word' id='word_1_330' title='bbox 1383 4995 1532 5077; x_wconf 85' lang='lat' dir='ltr'><strong>urretns</strong></span> <span class='ocrx_word' id='word_1_331' title='bbox 1569 5018 1656 5074; x_wconf 83' lang='lat' dir='ltr'><strong>esse</strong></span> 
     </span>
     <span class='ocr_line' id='line_1_38' title="bbox 240 5107 1652 5245; baseline -0.004 -37"><span class='ocrx_word' id='word_1_332' title='bbox 240 5107 501 5229; x_wconf 85' lang='lat' dir='ltr'><strong>memoratur,</strong></span> <span class='ocrx_word' id='word_1_333' title='bbox 541 5130 658 5239; x_wconf 88' lang='lat' dir='ltr'><strong>cujus</strong></span> <span class='ocrx_word' id='word_1_334' title='bbox 686 5131 828 5214; x_wconf 86' lang='lat' dir='ltr'><strong>arretio</strong></span> <span class='ocrx_word' id='word_1_335' title='bbox 857 5128 929 5214; x_wconf 92' lang='lat' dir='ltr'><strong>illo</strong></span> <span class='ocrx_word' id='word_1_336' title='bbox 958 5127 1123 5238; x_wconf 88' lang='lat' dir='ltr'><strong>expleta</strong></span> <span class='ocrx_word' id='word_1_337' title='bbox 1151 5130 1213 5208; x_wconf 86' lang='lat' dir='ltr'><strong>est</strong></span> <span class='ocrx_word' id='word_1_338' title='bbox 1241 5128 1449 5236; x_wconf 73' lang='lat' dir='ltr'><strong>teumore,</strong></span> <span class='ocrx_word' id='word_1_339' title='bbox 1487 5123 1652 5245; x_wconf 85' lang='lat' dir='ltr'><strong>quaudo</strong></span> 
     </span>
    </p>
   </div>
   <div class='ocr_carea' id='block_1_16' title="bbox 0 0 1972 5762">
    <p class='ocr_par' dir='ltr' id='par_1_16' title="bbox 0 0 1972 5762">
     <span class='ocr_line' id='line_1_39' title="bbox 0 0 1972 5762; baseline 0 5"><span class='ocrx_word' id='word_1_340' title='bbox 0 0 1972 5762; x_wconf 95' lang='lat' dir='ltr'><strong> </strong></span> 
     </span>
    </p>
   </div>
  </div>
 </body>
</html>
