3930 5788
336 237 419 322 580
522 249 527 264 ’
922 229 1155 326 ceetxlv.
1277 225 1282 233 ·

319 455 419 541 sine
445 417 721 566 permixtione
749 483 876 544 ranae
902 453 1062 568 gloriae
1088 459 1162 540 aut
1188 451 1360 565 aiicujus
1384 453 1566 540 muneris
1589 443 1654 542 rel
1680 481 1742 540 re·
1902 450 1908 599 ξ

24 585 59 638 ’-
163 705 166 712 ,
329 585 581 674 tributionis.
638 587 738 674 Zeto
772 587 858 675 Dri
895 587 1048 672 attinet
1084 585 1137 671 ad
1172 613 1362 672 umorem·
1384 583 1484 686 Dei3
1520 584 1634 670 selus
1669 585 1742 672 Dei
1900 640 1908 699 ς

330 720 395 804 est
420 745 538 804 amor
563 717 800 830 perficiendi
831 717 908 804 Dei
936 721 1168 830 praecepta.
1223 715 1338 801 'l'uiis
1364 716 1477 802 enim
1510 744 1655 802 sensns
1680 725 1740 802 est
1899 742 1907 801 .·

24 823 26 886 ³
139 901 141 908 -
240 945 244 954 .
330 849 374 934 in
401 847 482 935 hoc
510 848 616 954 loco,
645 877 738 934 curn
767 849 868 948 dicit
894 855 1002 936 coste
1027 843 1177 934 etrele
1207 845 1312 951 Dei,
1343 847 1477 958 qualis
1503 851 1640 956 estin
1668 850 1738 934 illo
1899 924 1907 960 ,

232 999 235 1010 ’
329 980 445 1084 ioco,
475 980 546 1065 nbi
574 978 677 1066 dicit
704 980 932 1093 propbeta:
971 979 1131 1066 Beatus
1155 978 1227 1085 pei
1252 981 1400 1065 eredit
1432 1007 1599 1109 operm
1625 1007 1740 1070 mum
1899 997 1906 1065 t

205 1151 208 1160 ·
330 1113 383 1197 ob
423 1113 535 1198 moui
570 1137 761 1218 muuere5
787 1141 909 1223 quem
947 1100 1113 1196 sensum
1151 1109 1201 1196 B.
1238 1109 1464 1222 Gregorius
1502 1113 1674 1223 exponit
1700 1113 1762 1228 iu·
1899 1176 1905 1199 .

207 1225 213 1244 ⁸
330 1237 558 1354 evangelio,
578 1244 651 1328 nbi
669 1243 869 1330 Dominus
882 1243 1004 1331 dicit:
1031 1240 1440 1350 »Grotisoccepistis
1456 1242 1591 1352 erotis
1603 1243 1743 1330 dotes:
1899 1308 1907 1335 .

332 1373 594 1460 Proesoiebet
619 1403 791 1484 uocemue
818 1374 1031 1463 erorerrrdtos
1060 1441 1070 1464 .
1101 1442 1114 1463 .
1143 1437 1155 1458 .
1183 1438 1195 1460 .
1223 1373 1269 1458 in
1290 1374 1456 1481 perbiico
1496 1374 1692 1460 ostendet.
1708 1377 1743 1488 ¹)
1898 1412 1905 1489 g

441 1505 654 1617 Sequitur:
696 1506 923 1595 Ordiootrcs
950 1513 1083 1594 orcum
1109 1505 1238 1612 obbas
1263 1507 1401 1614 copitet
1428 1531 1600 1614 semper,
1628 1507 1743 1616 prroie
1898 1540 1905 1604 ξ

331 1664 434 1723 orsus
472 1639 667 1746 eoepit,
709 1646 747 1722 et
786 1639 851 1724 ceri
888 1640 1124 1725 redditores
1159 1644 1219 1724 est
1255 1639 1453 1725 rationem
1506 1638 1745 1723 vilicationis
1898 1609 1905 1657 ³

332 1796 456 1875 suoe,·
482 1773 670 1878 sciatque
698 1770 779 1854 sibi
805 1779 984 1878 oportere
1003 1772 1201 1879 prodesse
1227 1771 1373 1878 napis,
1401 1796 1523 1878 psum
1542 1795 1746 1878 proeesse.
1898 1808 1904 1890 3

333 1901 544 1986 Hactenus
559 1904 672 2008 dicit,
692 1904 869 2015 qualiter
884 1904 958 1988 fiat
972 1905 1114 1992 abbas.
1158 1899 1280 1986 Nunc
1299 1901 1535 1988 ordinatum
1556 1903 1747 1988 abbatem
1898 1976 1905 2020 ¹

333 2035 456 2118 docet
477 2035 646 2146 [illum],
676 2035 854 2146 qualiter
870 2041 984 2146 agot,
1012 2041 1056 2120 et
1079 2035 1210 2119 mittit
1227 2035 1390 2118 frenum
1411 2035 1487 2137 illi,
1514 2063 1607 2119 cnm
1626 2034 1747 2118 dicit:
1898 2021 1906 2129 ἱ

342 2161 568 2250 Ordinatur
605 2174 738 2252 eutem
765 2165 892 2251 obbas
919 2166 1059 2274 eopitet
1085 2191 1264 2272 seraper,
1291 2163 1409 2272 purete
1436 2191 1538 2250 orces
1564 2165 1748 2271 srrscepit,
1899 2158 1904 2200 ²

332 2295 463 2378 etesi
490 2294 727 2382 redditores
755 2303 815 2382 est
841 2283 1039 2380 rationem
1065 2295 1308 2382 vilicationis
1338 2322 1438 2382 scere
1464 2302 1508 2380 et
1544 2297 1616 2385 ret.
1673 2296 1749 2381 Per
1899 2300 1904 2317 “

335 2423 414 2507 hoo
442 2429 594 2530 autern,
623 2426 733 2537 quod
768 2425 870 2511 dicit
896 2425 1112 2509 ordinatos
1138 2431 1271 2510 notem
1298 2425 1426 2510 oddus
1457 2428 1608 2536 crepitet,
1635 2427 1751 2534 poete

335 2579 437 2638 orsus
474 2558 648 2664 suscepit
676 2562 719 2642 et
755 2556 898 2666 reliq„
938 2556 1237 2642 attendendum
1275 2562 1358 2658 est,
1395 2559 1491 2665 quia
1526 2585 1613 2641 non
1653 2558 1751 2643 dicit
1900 2552 1905 2659 ἶ

337 2685 595 2772 solummodo
622 2689 782 2798 eopitct,
825 2688 896 2772 sed
925 2687 1027 2773 dicit
1060 2713 1244 2794 serrrper,
1286 2689 1315 2776 i.
1344 2715 1378 2773 e.
1410 2715 1493 2794 nou
1522 2717 1596 2798 per
1624 2690 1750 2773 inter·
1894 2669 1906 2789 ’ξ

338 2816 490 2899 ratium
519 2817 690 2928 cogitet,
719 2819 789 2904 sed
818 2847 991 2929 semper.
1047 2818 1268 2905 Sciendum
1295 2829 1361 2904 est
1388 2822 1514 2919 enirn,
1542 2821 1640 2930 quia
1669 2851 1750 2906 nou

335 2949 437 3035 dicit
463 2949 610 3056 laceror,
638 2951 707 3035 sed
736 2976 851 3052 orrers,
879 2953 905 3034 i.
941 2979 976 3036 e.
1008 2950 1182 3060 pondus.
1237 2949 1293 3033 bit
1321 2952 1428 3036 bene
1456 2952 1617 3062 pondus
1646 2951 1749 3036 dixit
1878 2969 1903 3038 ’ἰ

181 3073 184 3080 ’
335 3080 452 3166 iilum
491 3081 715 3192 suscepisse
753 3089 796 3165 et
832 3111 917 3167 non
957 3082 1179 3186 honorem,
1208 3081 1326 3192 quia,
1362 3084 1433 3194 qui
1474 3081 1553 3167 boo
1591 3083 1750 3193 pondus
1851 3078 1854 3084 ’
1900 3055 1903 3063 ¹

335 3211 525 3323 suscipit,
555 3242 638 3299 non
667 3216 715 3295 ut
742 3211 991 3316 honoretur,
1029 3212 1237 3324 suscipere
1274 3213 1378 3298 iilud
1414 3213 1561 3315 debet,
1599 3212 1669 3296 sed
1706 3216 1753 3293 ut

337 3345 499 3431 taboret
525 3352 570 3431 et
595 3348 687 3434 aliis
714 3347 927 3458 proficiet,
951 3347 1078 3447 ¹sicut
1104 3347 1193 3454 ipsc
1219 3345 1435 3456 subjungit
1470 3346 1649 3452 sciatque
1675 3343 1754 3429 sibi
1844 3458 1847 3467 Ι
1899 3335 1903 3394 3

320 3485 516 3582 oportere
535 3483 734 3586 prodesse
760 3478 894 3589 irrepis
921 3503 1043 3584 qoem
1073 3503 1281 3584 proeesse.
1339 3474 1650 3562 Attendendum
1665 3479 1754 3580 est,
1897 3548 1901 3597 ξ

336 3610 545 3719 quianon
573 3612 914 3719 dicitproecsse,
946 3609 1016 3694 sed
1039 3609 1261 3714 prodesse,
1296 3611 1413 3718 quusi
1442 3607 1614 3694 diceret:
1649 3609 1755 3717 Cog·
1896 3624 1901 3712 ξ

338 3747 483 3826 noscat
521 3743 671 3848 abbas,
701 3743 794 3827 ideo
835 3743 916 3827 hoc
957 3739 1141 3827 officium
1181 3739 1427 3849 suscepisse,
1454 3742 1551 3852 quia
1588 3742 1755 3850 oportet
1895 3720 1900 3797 3

338 3871 539 3983 [iilud],²)
569 3881 616 3958 ut
642 3867 735 3957 otiis
763 3874 953 3982 proficiat
980 3878 1023 3957 et
1051 3900 1135 3956 non
1165 3873 1331 3982 praesit.
1376 3872 1475 3958 Moli
1503 3871 1753 3958 econtrario
1894 3880 1898 3891 '

313 4031 422 4087 ‘nun
450 4031 494 4087 se
520 4005 657 4090 sciunt
685 4005 899 4122 prodesse,
928 4006 1015 4102 sed¹
1039 4033 1250 4114 praeesse,
1279 4002 1307 4090 i.
1337 4031 1372 4090 e.
1412 4004 1504 4089 ideo
1545 4003 1756 4116 accipiunt
1893 4045 1896 4050 Δ

337 4134 518 4256 osticium
547 4138 765 4246 pastorale,
795 4145 843 4221 nt
870 4137 1062 4225 honorati
1087 4142 1129 4220 et
1150 4134 1324 4246 praelati
1347 4134 1576 4236 rideantur,
1607 4163 1690 4220 non
1708 4139 1757 4218 ut
1893 4214 1898 4224 .

337 4264 429 4349 aliis
467 4266 628 4378 possint
669 4268 882 4377 prodesse,
921 4270 949 4358 i.
987 4298 1023 4356 e.
1062 4266 1314 4379 adjutorium
1356 4268 1574 4376 praebere,
1600 4266 1672 4348 sed
1708 4272 1758 4349 nt

189 4429 192 4436 ⁴
239 4433 241 4438 ·
337 4400 470 4511 magis
496 4429 546 4484 ac
573 4399 706 4510 magis
734 4399 896 4484 divitias
924 4406 968 4486 et
989 4400 1166 4485 bonores
1191 4399 1268 4483 sibi
1290 4399 1566 4510 exposcunt³t
1588 4399 1753 4488 assum.

39 4549 42 4556 ’
218 4552 233 4632 ’,
345 4581 387 4600 ·-
423 4525 646 4635 Proeesse,
677 4531 702 4618 i.
731 4561 765 4620 e.
795 4523 1016 4642 superesse.
1082 4529 1337 4634 Vidisset-ionis
1363 4557 1486 4633 seue,
1515 4531 1542 4618 i.
1570 4561 1606 4620 e.
1636 4531 1758 4614 mini·

202 4735 205 4740 .
323 4665 451 4749 ‘'sterii
492 4664 576 4767 sui;
615 4664 758 4748 silicus
786 4664 895 4748 enim
920 4663 1129 4748 derivator
1157 4663 1316 4769 aviliu,
1344 4663 1454 4749 nude
1479 4663 1647 4775 quidum
1675 4662 1756 4748 hoo
1888 4686 1892 4697 '

427 4998 457 5090 ι)
477 4995 608 5070 nemsi.
629 4997 663 5071 4.
686 5020 721 5070 n.
743 4997 778 5068 4.
799 4997 833 5068 s.
866 4955 1013 5089 (meus,
1036 5001 1123 5070 rom.
1146 4996 1200 5072 rs.
1222 4995 1290 5072 001.
1314 4997 1410 5070 coer.
1438 4995 1550 5087 rosc)

427 5108 457 5200 θ)
477 5104 592 5181 ilium.
636 5106 723 5180 (iod.
745 5105 937 5182 Melitonos
1101 5135 1112 5150 ·

20 5245 23 5256 ·
339 5321 343 5328 .
427 5221 457 5312 ³)
476 5224 669 5310 exposcant
690 5221 754 5311 (t).
884 5245 888 5254 ·
