3934 5762
254 300 309 382 54
863 387 866 394 Δ
891 289 1075 382 tolosa·-

362 497 584 624 Sequitur:
620 513 736 602 sicar
761 537 834 599 aec
861 511 1021 600 Paulas
1048 509 1257 620 apostolas
1285 511 1335 596 dc
1357 509 1667 618 praedieatione

252 673 329 732 saa
356 645 438 730 siti
464 643 624 754 aliquid
641 643 855 752 iarpmtanit
873 642 1034 728 dieeas:
1053 627 1219 728 'Gratia
1247 639 1332 726 Dei
1358 667 1449 726 arun
1476 642 1536 744 id,
1562 642 1667 746 qaod

250 803 355 862 sam
412 773 700 874 Quaerendum
743 779 828 878 est,
869 799 952 884 qua
990 772 1152 858 ratione
1188 771 1290 855 dicit
1316 769 1367 858 B.
1396 769 1665 856 Benedictasr

255 903 410 992 Peadas
439 907 491 990 dc
517 905 734 1010 sapientia,
765 909 809 990 et
838 933 924 986 non
952 903 1059 987 dixit
1086 903 1137 987 de
1164 903 1319 1005 cirtam,
1347 929 1440 988 eum
1467 903 1554 1012 ipse
1581 904 1668 987 exi·

253 1036 358 1121 mins
386 1034 469 1120 init
495 1035 649 1120 virtute
676 1034 815 1136 etiam,
855 1033 1079 1142 sicutipse
1108 1031 1260 1117 Paulus
1300 1037 1478 1116 testatur
1505 1031 1669 1118 dicens:

112 1171 114 1174 ’
165 1205 168 1212 ’
207 1179 211 1188 ’
256 1166 362 1254 Plus
400 1165 584 1251 oarrridas
610 1163 806 1252 laborari.
866 1163 1015 1248 Paulus
1048 1164 1260 1276 apostolus
1296 1162 1377 1249 suit
1416 1163 1670 1274 incompara-

255 1301 348 1384 bilis
375 1299 591 1410 sapientia,
630 1325 752 1408 qnam
783 1295 1027 1408 sapientiam
1059 1298 1205 1382 Petras
1234 1296 1460 1408 Apostolus
1498 1295 1669 1382 miratus

255 1438 330 1535 est,
359 1459 454 1516 cnm
483 1431 609 1514 dixit:
666 1429 781 1516 Sicut
817 1430 1057 1516 carissimas
1088 1433 1223 1534 trater
1249 1433 1385 1512 noster
1415 1425 1573 1513 Pardus
1600 1455 1666 1512 sc·

99 1607 112 1632 .
255 1565 431 1652 errrrdam
458 1563 538 1647 sibi
566 1563 706 1648 datrna
735 1563 981 1668 sapientiam
999 1562 1165 1668 scripsit
1192 1541 1316 1645 rodis.
1361 1559 1481 1645 Hanc
1508 1563 1670 1670 sapien·
1835 1560 1843 1669 'J

254 1695 357 1782 tiam
395 1695 621 1780 admiratus
657 1702 720 1778 est
747 1695 797 1782 B.
827 1693 1088 1796 Benedictus,
1125 1694 1217 1778 ideo
1255 1691 1361 1774 dixit
1396 1692 1600 1798 sapientia
1628 1698 1670 1777 et
1764 1747 1768 1756 ·
1838 1724 1844 1735 ·

256 1856 341 1912 noa
381 1827 487 1911 dixit
519 1832 688 1930 virtute,
724 1827 821 1936 quia
863 1827 970 1908 iorte
1009 1825 1163 1908 virtute
1205 1821 1283 1906 init
1317 1821 1465 1930 alianis
1506 1828 1670 1907 sanctas

256 1958 400 2043 siaritis
441 1956 514 2058 ilii,
551 1958 622 2040 sed
660 1957 861 2066 sapientia
890 1957 1040 2058 rutulius,
1079 1981 1127 2038 ae
1161 1952 1196 2036 si
1225 1952 1398 2037 diceret:
1427 1954 1486 2035 ita
1517 1980 1597 2037 noa
1626 1983 1669 2038 se

256 2087 437 2171 reddant
464 2087 605 2190 elatos,
635 2090 707 2200 qai
736 2115 809 2197 per
837 2085 945 2170 viam
977 2085 1052 2168 Dei
1081 2081 1259 2166 tendunt
1282 2081 1335 2164 ad
1359 2083 1668 2166 tabernaculam

71 2227 74 2236 '
256 2218 342 2302 sire
370 2224 553 2303 montera
576 2223 792 2329 operantes
821 2217 943 2316 bona,
973 2213 1082 2324 qaod
1105 2242 1187 2296 non
1206 2211 1669 2321 santiacomparnbilia,

257 2348 300 2432 id
336 2353 421 2450 est,
460 2376 546 2432 non
589 2333 665 2432 sibi
707 2347 918 2458 imputant
957 2345 1026 2428 sed
1066 2343 1166 2444 Deo,
1207 2344 1314 2426 sicut
1352 2369 1428 2426 nec
1461 2343 1672 2452 apostolas

258 2479 409 2564 l'aalns
445 2479 525 2564 sibi
558 2479 614 2580 de
655 2477 967 2590 iuconrparabiii
1003 2473 1205 2587 sapientia
1245 2500 1319 2556 saa
1358 2473 1429 2556 sed
1474 2472 1561 2556 lieo
1598 2475 1672 2558 nd·

258 2611 433 2722 scripsit.

368 2853 584 2962 Sequitur:
634 2849 784 2935 Gratia
813 2847 895 2933 Dei
921 2872 1012 2930 seraa
1040 2845 1098 2947 id,
1126 2847 1234 2953 qaod
1262 2873 1365 2936 sam
1408 2847 1552 2932 Gratia
1581 2850 1672 2935 ideo

259 2985 431 3083 dicitnr,
475 3011 523 3066 eo
559 2981 669 3092 qnod
705 2981 836 3092 gratis
874 2979 1020 3078 datur,
1062 2977 1132 3062 atri
1180 2979 1291 3062 enim
1331 2976 1466 3089 gratia
1508 2978 1673 3085 dicitur,

260 3145 381 3202 nume
409 3114 600 3199 meritam
630 3111 875 3198 excinditur.
916 3109 1067 3193 l‘antas
1094 3110 1236 3222 itaque
1264 3111 1474 3222 apostolas
1499 3109 1673 3196 eximius

227 3335 230 3342 ,
261 3247 564 3357 praedicatione
591 3253 717 3356 atque
746 3245 899 3328 virtute
927 3244 1136 3352 cognorit,
1175 3244 1273 3354 qnia
1300 3273 1326 3328 a
1353 3273 1397 3328 se
1426 3271 1510 3327 non
1546 3241 1674 3328 habe

261 3381 346 3484 bat,
374 3406 480 3486 qnae
507 3367 699 3480 habebat,
735 3382 777 3461 et
806 3375 897 3462 ideo
925 3375 1052 3461 dixit:
1112 3377 1262 3462 Gratia
1301 3374 1384 3460 Dei
1422 3403 1527 3480 sam,
1564 3406 1614 3462 ac
1639 3377 1675 3460 si

260 3506 436 3590 diceret:
468 3508 665 3618 quidquid
705 3508 850 3612 habeo,
887 3537 971 3592 nan
1009 3537 1101 3594 meo
1135 3508 1296 3606 merito,
1337 3507 1407 3592 scd
1437 3509 1575 3617 gratia
1597 3507 1674 3594 Dei

260 3639 407 3725 habeo.
433 3637 504 3728 ,Et
533 3647 673 3726 tamen
702 3643 795 3751 qnia
828 3643 869 3723 in
892 3639 1030 3751 gratia
1050 3639 1127 3724 Dei
1156 3641 1428 3743 laboraverat,
1457 3647 1675 3751 propterca

143 3799 147 3808 ·
260 3770 498 3878 subjunxit:
539 3779 576 3856 ct
599 3773 736 3882 pratia
768 3771 851 3856 Dei
878 3771 922 3854 ia
951 3797 1014 3854 mc
1048 3798 1176 3858 cacata
1206 3796 1283 3855 aaa
1311 3771 1415 3876 fait,-
1454 3801 1552 3854 nam
1592 3801 1675 3856 uon

260 3900 404 3984 fuisset
439 3905 583 4014 magni
627 3902 784 3988 dicere:
822 3904 959 4011 pratia
1000 3901 1085 3986 Dei
1124 3903 1165 3984 ia
1206 3927 1270 3985 mc
1303 3927 1429 3986 caetra
1467 3928 1544 3986 rroa
1581 3903 1674 4008 fait,

135 4127 141 4140 ι
260 4032 338 4115 nisi
375 4033 572 4136 scivisset,
600 4035 646 4116 in
686 4033 776 4118 aliis
813 4036 989 4146 gratiam
1033 4033 1108 4118 Dei
1150 4062 1319 4118 vacuam
1358 4063 1468 4132 esser
1508 4037 1551 4117 et
1579 4037 1676 4144 qaia

203 4169 205 4175 ‘
260 4164 391 4267 scivit,
434 4165 613 4274 gratiam
646 4164 721 4248 Dei
758 4167 801 4250 in
842 4167 933 4250 aliis
962 4193 1132 4250 uacuam
1161 4193 1261 4266 esse,
1300 4165 1392 4250 ideo
1419 4167 1521 4250 alias
1549 4168 1673 4255 dixit:

260 4295 489 4380 Jloruour
517 4323 584 4381 ros
609 4297 776 4402 tratres,
807 4325 856 4381 nc
883 4298 926 4380 ia
956 4323 1122 4381 saraam
1142 4297 1322 4405 qratiam
1339 4295 1423 4382 Dci
1445 4300 1675 4405 recipiatis:
1766 4325 1794 4348 ·‘

155 4460 156 4464 ¹
259 4427 330 4512 ille
371 4430 479 4513 enirn
517 4429 560 4514 in
601 4457 772 4514 s'acsmm
815 4431 990 4546 grat-iam
1033 4427 1111 4514 Dei
1154 4427 1315 4538 recipit,
1355 4432 1427 4541 qni
1461 4459 1544 4516 non
1575 4433 1677 4518 vivit

235 4564 483 4648 -secandnm
513 4563 664 4649 donum
696 4561 786 4668 Dei,
815 4564 926 4673 quod
954 4564 1135 4672 accepitc
1164 4564 1278 4648 uerbi
1307 4564 1455 4674 gratia,
1484 4565 1675 4676 accepisti

260 4696 535 4807 baptisimum
576 4697 609 4780 si
651 4727 735 4807 uon
784 4697 885 4780 rivis
924 4698 1148 4783 secandam
1191 4697 1460 4807 baptismam,
1499 4699 1675 4810 gratiam

261 4826 339 4912 Dei
376 4827 420 4910 in
458 4857 630 4914 saonam
669 4829 877 4939 accepisti.
934 4831 1113 4914 lteram:
1150 4830 1343 4940 accepisti
1385 4832 1537 4918 donam
1578 4833 1677 4916 aba

160 4991 167 5010 ·
261 4961 465 5062 dientiae3
493 4963 527 5044 si
548 4962 708 5044 nonnis
731 4961 1008 5046 obedientiam
1024 4962 1227 5061 exiribcre,
1249 4961 1291 5044 in
1311 4990 1480 5046 rasuram
1498 4965 1675 5072 gratiam

262 5091 339 5175 Dei
368 5091 576 5199 accepisti.
635 5093 840 5201 decepisti
879 5094 1033 5177 ‹lonmn
1063 5095 1393 5202 praedicationis,
1433 5094 1467 5177 si
1503 5096 1678 5179 nonnis

259 5224 352 5307 aliis
381 5223 628 5333 praedicare,
659 5225 836 5333 gratiam
868 5224 943 5308 Dei
972 5225 1015 5307 in
1048 5253 1219 5311 uacuum
1247 5228 1457 5337 suscepisti.
1527 5259 1530 5266 ’
