3930 5788
147 423 156 446 δ
327 313 410 400 564
938 302 1027 397 Q
1048 300 1141 384 ffl-

161 629 165 638 Ι
231 627 234 634 ,
328 523 675 642 (Bigilmsnnum)
712 505 947 614 innostro
983 519 1180 636 parochis
1216 521 1385 608 doctum
1421 549 1472 609 sc
1507 521 1737 626 detonsum,

289 695 293 710 ·
326 657 433 746 sicut
461 656 549 770 ipse
576 653 843 760 desiderarit,
870 653 1081 766 perhanc
1108 650 1378 738 dimissoriam
1405 652 1620 763 epistolem
1647 681 1737 764 per·

327 787 523 892 misimus,
550 784 723 872 licenter
750 789 929 872 restrum
958 789 1150 896 expetere
1175 780 1426 896 adjutorium
1443 788 1488 869 et
1506 785 1585 868 sub
1604 791 1738 872 vestm

300 897 305 910 ⁸
328 919 528 1032 regimine
555 920 639 1006 suis
666 917 919 1004 utilitatibus
947 917 1160 1008 deservire.
1216 911 1346 999 Vobis
1373 917 1497 1000 etium
1527 914 1736 1000 licentium

327 1051 525 1156 dedimus,
555 1056 604 1136 ut
625 1049 660 1136 si
688 1077 782 1136 eum
810 1049 999 1134 doctrine
1021 1051 1065 1134 et
1084 1047 1266 1133 moribus
1290 1045 1462 1157 dignum
1487 1049 1736 1154 censueritis,

325 1182 379 1267 ed
394 1210 532 1268 succos
548 1181 711 1268 ordines
725 1207 966 1294 promovere
980 1208 1065 1265 nou
1078 1177 1289 1264 dubitetis.
1318 1175 1374 1262 Et
1389 1175 1553 1263 uthuec
1566 1181 1737 1288 permis·

325 1314 387 1398 sio
401 1314 552 1400 certior
567 1317 726 1398 vestroe
747 1309 926 1396 clurituti
951 1309 1158 1412 reddetur,
1178 1309 1334 1421 groecis
1355 1308 1463 1396 hunc
1477 1309 1607 1394 literis
1615 1312 1736 1424 juxte

327 1451 490 1558 potrum
519 1444 856 1533 constitutionem
888 1442 1051 1562 firmare
1078 1442 1321 1530 curavimus.
1375 1441 1529 1529 Sancte
1556 1441 1738 1528 'inuitus

325 1607 397 1663 vos
415 1579 568 1689 ubique
585 1579 691 1662 bene
705 1575 840 1662 velere
857 1577 1069 1664 concedet
1097 1605 1271 1690 arcuo-a·-
1290 1571 1498 1664 xcvfln.
1513 1575 1738 1660 indictione

326 1705 467 1796 Villi.
492 1709 662 1818 datos.¹)
682 1738 709 1792 u
729 1739 757 1789 n
778 1734 803 1811 γ
824 1735 912 1802 ς·--
928 1703 1074 1795 Dclv.
1101 1707 1207 1790 liurrt
1231 1704 1397 1790 insimul
1411 1705 1734 1815 ilectxxnl’)

298 1836 452 1950 ⁴(hcuc
481 1837 644 1922 literam
673 1865 750 1948 pro
778 1866 804 1920 u
831 1839 1036 1947 ponimus,
1062 1863 1168 1946 quoe
1196 1840 1259 1919 est
1287 1835 1422 1945 prime
1448 1836 1569 1921 litere
1588 1835 1737 1921 Wuol·

325 1963 441 2067 ticon,
467 1965 574 2050 sicut
594 1966 853 2077 euangelium
870 1994 946 2075 pro
961 1965 1173 2076 euangelio
1195 1964 1383 2075 dicimus)
1406 1966 1450 2048 iu
1467 1964 1540 2084 Dei
1559 1969 1736 2059 nomine.

326 2141 378 2160 -
393 2091 547 2204 incipit
565 2095 754 2206 epistole,
782 2123 887 2204 ques
911 2095 1090 2180 formato
1104 2093 1256 2178 dicitur
1273 2094 1359 2179 sive
1377 2097 1733 2184 commendatitio:

239 2269 243 2280 ·
324 2223 677 2310 lteverendissimo
703 2230 831 2334 etque
858 2225 1165 2336 religiosissimo
1194 2228 1239 2308 et
1265 2251 1290 2307 e
1317 2225 1438 2310 nobis
1462 2253 1555 2316 cum
1578 2217 1737 2312 summe

324 2355 588 2439 veneratione
615 2355 894 2466 nuncupando
922 2357 980 2438 ill.
1009 2357 1203 2464 episcopo
1230 2382 1309 2464 ego
1336 2355 1408 2439 ille
1425 2365 1633 2441 extremus
1659 2359 1737 2442 sub

276 2509 280 2520 ·
322 2484 548 2594 pontiticuli
588 2485 727 2570 cilicio
757 2484 845 2572 Deo
881 2486 1168 2570 tumulantium
1203 2492 1445 2600 perpetuum
1483 2488 1528 2571 in
1557 2487 1738 2573 Domino

320 2615 422 2702 Jesu
450 2623 552 2728 opto
578 2616 767 2705 sulutem.
823 2617 1019 2702 Proeseus
1049 2624 1187 2705 uostcr
1214 2620 1342 2705 freter
1369 2621 1492 2731 petiit
1518 2622 1573 2704 ub
1602 2637 1738 2706 extre-

186 2793 192 2810 ·
321 2749 468 2833 mitote
495 2733 637 2832 nustr‘e
665 2748 872 2838 licentium
901 2748 953 2835 ed
982 2755 1160 2834 vestrum
1188 2751 1417 2836 sturitatem
1448 2753 1768 2862 proficiscendi.

118 2979 122 2986 ἱ
195 2953 200 2964 .
322 2885 449 2992 etque
485 2880 696 2966 vobiscum
733 2883 819 2966 eine
858 2911 953 2969 cum
976 2885 1138 2968 -sestris
1175 2883 1404 2974 habitandi.
1460 2883 1536 2968 Cui
1576 2889 1620 2968 et
1659 2915 1738 2970 uos

184 3015 193 3034 '
323 3011 521 3096 beue'uoln
559 3019 699 3098 nreute
726 3019 771 3097 et
811 3014 996 3100 iruteruo
1033 3017 1183 3100 effectu
1224 3045 1308 3099 uon
1345 3014 1478 3100 solum
1506 3018 1545 3101 ei
1574 3013 1733 3128 copiam

186 3159 189 3166 '
320 3143 374 3228 ed
403 3171 476 3230 vos
513 3145 704 3230 veniendi
743 3175 828 3230 uon
865 3148 1128 3256 negavimus,
1167 3175 1307 3232 verum
1337 3149 1461 3232 etium
1490 3155 1593 3234 ute
1623 3151 1737 3235 vobis

320 3276 406 3360 sive
432 3303 459 3360 e
486 3277 633 3360 nestris
660 3278 848 3388 grotitice
876 3279 1123 3388 suscipietur
1150 3281 1421 3390 exposcimus.
1473 3282 1591 3366 Etsi
1619 3283 1736 3368 vobis

158 3517 161 3524 .
320 3406 534 3516 placuerit,
564 3411 612 3490 ut
638 3414 713 3493 sut
739 3409 783 3492 iu
810 3410 957 3522 gredo,
985 3440 1108 3522 quem
1137 3413 1260 3496 modo
1287 3419 1418 3516 tenet,
1445 3417 1571 3500 sacris
1592 3416 1737 3502 elteri·
1860 3441 1863 3448 ’

156 3527 161 3538 ’
321 3539 398 3622 bus
426 3537 643 3622 ministret¹
659 3545 731 3624 out
758 3541 812 3624 ed
839 3541 1029 3626 citiorem
1056 3543 1233 3654 gradum
1272 3553 1564 3654 promoventur
1591 3557 1735 3633 nostro

138 3747 143 3758 ,
317 3668 406 3752 siue
432 3671 569 3752 vestro
596 3669 836 3756 testimonio
864 3669 1069 3782 suscepto,
1097 3673 1141 3758 id
1169 3673 1208 3772 ci
1236 3675 1371 3760 iecere
1399 3679 1544 3778 liceut3
1582 3683 1737 3792 quippe

319 3797 389 3904 qui
418 3795 523 3878 nihil
551 3797 597 3879 in
624 3825 675 3882 eo
701 3800 783 3886 tole
813 3803 1058 3906 noverimus,
1086 3805 1195 3914 quod
1223 3807 1266 3890 id
1295 3807 1472 3894 uolendi
1499 3812 1538 3894 ei
1567 3811 1735 3900 licentio

250 3999 254 4007 .
319 3925 560 4036 denegetur.
618 3927 731 4015 Beue
758 3961 936 4044 urumque
964 3937 1007 4018 iu
1035 3935 1221 4041 ecclesie,
1248 3938 1292 4021 iu
1321 3967 1404 4048 qua
1432 3939 1633 4027 hucteum
1654 3947 1737 4030 fuit

318 4057 541 4164 educutus,
564 4059 670 4144 bene
709 4071 993 4166 conversatus,
1029 4067 1108 4152 hoc
1149 4068 1270 4154 uobis
1309 4069 1362 4154 de
1398 4101 1442 4156 se
1469 4074 1557 4158 sive
1584 4074 1637 4160 de
1662 4107 1736 4162 suu

318 4190 403 4273 vitu
430 4190 626 4293 ostendit,
656 4196 704 4277 ut
731 4194 774 4278 iu
803 4203 1005 4305 quantum
1035 4199 1218 4284 humone
1235 4200 1567 4325 ingilitus·scire
1585 4217 1736 4318 potest,
1920 4307 1924 4321 ,

315 4321 673 4408 administratione
714 4356 923 4412 sacrorum
972 4330 1261 4438 mysteriorum
1308 4363 1394 4419 uon
1433 4339 1490 4422 sit
1522 4341 1736 4451 indignus.

317 4449 406 4536 Nus
441 4453 583 4564 itsque
611 4461 660 4540 ut
695 4455 882 4544 homiues
920 4459 1049 4545 diuini
1086 4490 1229 4550 sensus
1266 4467 1383 4552 iuscii
1411 4476 1456 4554 et
1490 4499 1735 4558 annornm

315 4583 451 4692 ignari
477 4587 697 4694 probemus
718 4589 772 4673 de
798 4592 937 4698 luntre,
964 4595 1127 4704 quuicm
1156 4599 1320 4702 scimus,
1347 4629 1421 4710 per
1438 4605 1735 4696 testimonium.

318 4713 429 4800 Deus
466 4724 554 4822 est,
569 4721 705 4827 euim,
732 4749 854 4832 quem
882 4726 1046 4810 occidte
1072 4755 1176 4811 non·
1196 4731 1351 4818 feliunt
1377 4738 1424 4820 et
1448 4738 1521 4846 qui
1549 4740 1767 4826 omniurn·

319 5175 325 5184 ·
403 5048 437 5250 :d
455 5051 877 5238 mdiu-esurum·
905 5169 951 5240 99
972 5175 1100 5264 (W)
1121 5173 1213 5262 †9
1239 5175 1481 5272 (ῑῠᾶἱθῑῑθΗ
1505 5183 1573 5254 ⁶⁰⁴
1594 5187 1734 5277 (¹³75)

316 5267 359 5354 ÷
381 5267 445 5336 sor
471 5275 622 5356 (aas)
645 5297 688 5342 =
715 5277 809 5346 reru
