3934 5762
838 15 848 52 Ι

880 169 1063 260 Prologus.
1414 277 1418 290 .
1643 181 1668 260 5

255 385 324 472 ille
353 383 464 468 dives
497 413 588 470 enrn
619 389 777 496 putrem
809 387 1039 473 nominavit
1068 388 1234 474 dicens:
1291 390 1417 476 Peter
1445 391 1667 476 Abrabam.
1779 411 1781 418 ’

189 515 191 522 ⁴
256 516 312 603 Et
341 545 589 629 quamquem
619 516 757 603 multis
787 519 917 603 modis
947 519 1106 603 (licetur
1137 521 1256 624 tilius,
1295 527 1432 607 tuneo
1463 523 1533 608 ubi
1562 521 1669 606 iilius

255 648 474 744 invenitur,
511 648 634 733 etiem
665 677 749 734 nou
788 651 964 759 scriptus
991 679 1151 760 semper
1181 657 1299 761 pater
1328 653 1666 766 subintelligitur,
1893 695 1896 702 ¹

257 781 352 890 quin
382 777 489 864 iilius
518 807 602 862 non
633 785 770 889 potest
799 809 885 866 esse
913 781 1000 865 sine
1030 789 1161 890 putre.
1184 829 1237 846 -
1269 780 1316 867 in
1346 782 1425 868 boe
1453 813 1549 869 vero
1579 786 1668 870 loeo

253 938 342 996 enm
373 909 494 994 dicit:
530 909 606 1015 pli,
637 910 897 1019 paternitatis
925 913 1116 995 affectum
1145 917 1269 1022 atque
1299 912 1519 1020 magisterii
1548 915 1667 999 disei-

253 1040 408 1152 prinam
448 1065 547 1148 ergo
575 1044 617 1123 te
655 1041 837 1125 ostendit
865 1069 908 1124 se
944 1040 1146 1142 imbuisse,
1204 1039 1263 1127 'l'e
1292 1071 1388 1126 vero
1418 1073 1490 1129 sna
1520 1044 1664 1146 oratio,

250 1199 330 1282 qua
358 1168 477 1255 dieite
506 1171 582 1275 pri,
612 1172 804 1270 ostendit,
841 1169 894 1256 ad
923 1172 1032 1281 qnod
1062 1178 1103 1254 to
1132 1172 1267 1272 «irruet,
1310 1173 1348 1257 id
1382 1179 1445 1256 est
1472 1173 1665 1274 ostendit,
1746 1195 1748 1200 ·
1841 1147 1875 1187 ⁸

254 1309 295 1386 te
324 1301 470 1384 ducere
499 1299 550 1384 ed
580 1302 841 1411 paternitatis
869 1304 1075 1402 affectum,
1118 1331 1188 1386 sen
1229 1301 1455 1410 magisterii
1484 1304 1665 1413 discipli·

249 1461 344 1518 uam
385 1430 696 1542 suscipiendum.
765 1427 985 1544 Sequitur:
1038 1432 1261 1536 Praecepta
1314 1432 1506 1518 dicuntur
1550 1435 1664 1543 qnasi

241 1564 473 1672 pruernimn
501 1569 673 1668 repetent,
714 1592 763 1647 eo
801 1565 911 1673 qnod
940 1563 1003 1650 sui
1041 1568 1268 1647 servatores
1298 1594 1346 1646 ex
1370 1564 1452 1648 iliis
1481 1565 1664 1674 proemio

230 1693 426 1804 'capiant
492 1693 699 1800 Mupister
739 1693 873 1780 dietus
916 1702 977 1780 est
1018 1693 1135 1803 quasi
1173 1693 1305 1802 irrepis
1339 1697 1479 1798 bitus,
1519 1696 1560 1780 id
1601 1701 1665 1782 est

249 1825 377 1935 aregio
419 1823 576 1926 doetus,
614 1824 734 1910 sienti
776 1825 927 1910 dieitur
955 1807 1179 1929 disciputus
1216 1853 1241 1908 e
1276 1823 1483 1915 discendo.
1541 1825 1663 1913 Nune

249 1954 465 2062 ridendum
504 1959 579 2058 est,
616 1984 741 2065 quare
778 1955 884 2042 dixit
913 1954 1159 2041 Benedictus
1188 1953 1354 2056 inclino,
1395 1985 1487 2040 enm
1525 1958 1664 2067 potnit

246 2087 378 2173 dicere
414 2087 561 2192 apeme
589 2079 697 2172 'sed
739 2087 836 2197 quio
879 2087 998 2173 multi
1036 2085 1227 2196 operiunt
1268 2115 1386 2171 eures
1415 2095 1458 2172 et
1486 2116 1568 2172 nou
1598 2086 1665 2171 iu?

244 2219 401 2305 elinent
429 2218 455 2303 i.
486 2245 520 2302 e.
559 2243 642 2303 nen
671 2218 903 2321 humilient,
943 2215 1036 2302 ideo
1065 2216 1172 2302 dixit
1197 2217 1364 2321 inclina,
1400 2216 1441 2302 id
1470 2223 1553 2302 est:
1582 2217 1661 2301 bn-

245 2351 368 2438 milia.
426 2349 535 2436 Nam
564 2351 696 2455 matti,
727 2377 974 2464 quamquam
1004 2377 1097 2434 raro
1126 2349 1372 2456 econtrario,
1401 2349 1566 2460 superbi
1594 2377 1661 2434 re·

244 2485 459 2594 perimitur
495 2511 613 2569 aures
655 2485 697 2568 et
740 2489 878 2568 eetera
920 2480 1102 2567 membra
1142 2485 1278 2567 erecta
1318 2482 1481 2584 bebere,
1521 2487 1569 2564 ut
1597 2486 1660 2566 est

245 2617 347 2718 illud
359 2644 370 2701 ι
400 2641 522 2700 uteres
541 2641 676 2702 eornm
694 2617 879 2723 aripraea
903 2622 940 2700 et
965 2613 1098 2701 orrdos
1120 2615 1381 2719 apertorum
1404 2613 1661 2719 bumbulum
1772 2657 1774 2662 ·

243 2777 402 2859 semper
445 2735 565 2833 enim'
595 2746 759 2856 superbi
798 2745 841 2830 in
884 2747 991 2832 festu
1020 2746 1234 2857 superbiae
1269 2746 1394 2832 ereeti
1423 2752 1542 2860 sunt;
1573 2775 1658 2831 nou

242 2883 350 2966 enim
382 2882 442 2966 ita
471 2879 664 2963 dieantur
692 2877 876 2962 membra
912 2879 1180 2989 superborum
1208 2877 1396 2987 superba,
1439 2879 1555 2989 quasi
1584 2879 1656 2962 illa
1766 2867 1769 2874 Δ

240 3012 327 3097 sint
351 3011 540 3122 superba,
578 3010 650 3096 sed
689 3011 787 3121 quie
825 3009 962 3094 officie
999 3036 1140 3094 eorum
1169 3009 1462 3120 superbisset,
1502 3009 1654 3095 ideireo

240 3143 423 3228 membre
462 3143 637 3252 superba
675 3141 882 3254 dieantur.
938 3137 1046 3224 Nam
1072 3139 1125 3240 iu
1163 3139 1292 3224 oeulis
1330 3141 1436 3224 solet
1459 3141 1655 3252 cognosci
1750 3135 1784 3201 s

237 3273 440 3382 superbie,
456 3272 499 3356 iu
514 3271 663 3356 esteris
678 3299 774 3356 vero
790 3271 983 3356 membris
998 3271 1136 3356 otiioin
1150 3269 1444 3381 intelliguntur
1463 3274 1654 3382 superbe.

139 3431 146 3446 ·
237 3401 293 3488 m
322 3410 385 3487 est
421 3431 575 3507 sensus,
605 3430 698 3486 eum
737 3401 862 3487 dicit:
891 3401 1045 3486 inclino
1073 3426 1226 3505 arerent,
1264 3401 1305 3485 id
1336 3361 1410 3506 ist,
1439 3405 1491 3487 ud
1521 3403 1654 3487 bumi-
1702 3401 1705 3408 ’

237 3533 398 3619 litatem
440 3532 675 3620 distendam
719 3559 838 3616 erues
875 3532 1096 3631 submitte3
1135 3561 1232 3616 uam
1270 3531 1469 3619 indurare
1509 3536 1572 3615 est
1599 3533 1652 3616 ab

237 3663 526 3750 excelsioribus
564 3663 616 3748 nd
658 3663 831 3748 humitis
870 3662 1069 3748 submitti
1128 3661 1282 3746 Iterum
1324 3661 1599 3747 uidendum
1578 3673 1652 3766 est,

236 3823 417 3906 qnare,
394 3821 486 3878 euna
517 3793 617 3879 dieit
644 3821 778 3897 arares,
796 3791 1010 3902 subjunxit
1037 3791 1184 3893 cordis,
1217 3821 1309 3877 eum
1340 3774 1564 3878 'sutteeisset
1593 3793 1651 3877 illi

239 3925 385 4011 dixisse
424 3950 547 4010 aures
585 3926 672 4010 siue
700 3924 932 4036 adjectione
960 3922 1108 4026 cordis,
1148 3923 1245 4036 quia
1273 3923 1401 4041 script
1403 3953 1477 4007 ure
1505 3923 1643 4008 (lirina

103 4123 106 4132 .
235 4057 305 4143 ubi
346 4083 468 4141 aures
503 4055 616 4156 dieit,
656 4056 788 4142 sordis
828 4085 946 4142 aures
989 4055 1185 4165 requirit3
1223 4055 1349 4140 nuder
1370 4047 1572 4140 Dominus
1608 4057 1650 4139 in

236 4188 463 4300 Evangelio
492 4188 616 4274 dieit:
657 4190 733 4294 Qui
761 4191 876 4274 trudet
903 4215 1026 4273 arares
1053 4185 1249 4272 uadimdi
1267 4177 1435 4290 crrub'ot;¹
1460 4186 1521 4270 ibi·
1541 4189 1648 4270 enim
1688 4289 1689 4293 Ν

234 4349 317 4418 nou
338 4320 574 4407 deensibus
597 4319 803 4432 eorporeis
816 4319 934 4421 dixit,
963 4319 1060 4430 quia
1081 4347 1234 4418 omnes,
1263 4319 1332 4430 qui
1353 4317 1439 4404 illie
1461 4320 1647 4423 aderant,

232 4481 351 4538 aures
370 4453 555 4565 eorporis
573 4452 798 4554 habebant,
817 4458 860 4536 et
876 4479 998 4535 nemo
1022 4451 1106 4537 illio
1127 4451 1302 4536 venisset
1319 4451 1369 4536 ed
1389 4451 1649 4554 audiendum,

200 4610 203 4614 ·
233 4584 312 4671 uisi
341 4613 460 4671 aures
488 4584 687 4696 eorporis
703 4582 928 4688 habuisset,
957 4585 1027 4672 sed
1056 4585 1153 4696 qnia
1173 4581 1375 4670 Dominus
1397 4611 1649 4696 cognoscens
1776 4676 1789 4701 Ι,

235 4721 281 4801 ut
300 4717 411 4803 Deus
429 4716 546 4819 vidit,
574 4714 634 4800 ibi
654 4717 805 4804 multos
823 4742 907 4802 nou
928 4744 1047 4801 sures
1069 4715 1202 4804 sordis
1221 4693 1423 4818 babuisse,
1453 4715 1532 4826 [et]
1555 4715 1647 4798 ideo

232 4846 367 4934 dixit.
411 4847 488 4956 Qui
514 4846 781 4936 debetorum
809 4847 1007 4935 aredis-redi
1033 4847 1188 4950 eradiat,
1218 4876 1265 4932 ee
1288 4877 1323 4932 sr
1311 4847 1518 4932 'diceretr
1547 4845 1646 4932 Illos

230 4978 431 5090 alloquor,
471 4977 545 5089 qui
581 5007 701 5068 eures
742 4979 877 5067 cordis
919 4979 1097 5106 hebept,
1140 5008 1235 5066 nem
1276 5005 1395 5066 aures
1435 4973 1646 5063 exterioris
1769 5035 1772 5044 ι

230 5105 570 5197 bominissouum
589 5109 776 5216 audiunt,
806 5110 878 5198 sed
898 5140 981 5197 non
1000 5081 1249 5211 disseruerit,
1277 5140 1397 5198 sures
1420 5107 1595 5197 nutem
1584 5138 1647 5193 m·
