3960 5774
126 329 129 334 ·
186 305 193 318 '
255 319 338 404 492
814 311 1120 404 cnuxsxxrx„

337 515 586 642 ·Sequiturc
628 531 742 640 Ergo
767 531 833 616 dis
860 531 1002 616 dietus
1026 555 1249 640 orepcomns
1276 527 1394 613 nodis
1420 525 1580 630 aliquid
1612 526 1672 610 ud

138 755 141 760 ,
258 662 418 748 solitum
450 689 623 768 pensum
649 661 856 747 seruitutis
881 654 1063 762 nomene,
1090 686 1140 744 uc
1165 657 1202 742 si
1229 657 1407 742 dicerstr
1445 656 1568 740 siitu
1593 660 1671 760 est,

257 793 340 879 it.
368 793 402 875 si
430 820 514 876 nou
535 818 751 902 possumus
774 791 886 876 omui
905 799 1090 902 tempore
1105 787 1499 899 quadragesimalem
1519 785 1672 872 hebere
1748 851 1750 854 -

94 1021 110 1032 ,Ι
258 923 406 1023 vitum,
435 923 523 1006 istis
551 908 1065 1034 diebus‘Quadrngesiume
1098 919 1293 1004 suciamus
1322 917 1438 1027 pius,
1465 944 1588 1027 qnam
1625 917 1670 999 in
1784 921 1798 1032 J

256 1054 373 1155 eliis,
401 1053 428 1142 i.
457 1081 493 1140 e.
521 1052 634 1136 illurn
663 1052 1050 1163 Quudrngesimum‚
1079 1061 1203 1162 qn'uur
1232 1049 1346 1132 omui
1373 1054 1559 1160 ternpore
1585 1075 1670 1131 non

258 1215 471 1295 possumus
513 1185 684 1287 hebere,
719 1185 762 1267 in
801 1184 891 1268 istis
930 1185 1074 1268 diebus
1115 1181 1348 1266 habeamus.
1406 1179 1475 1264 Ac
1511 1177 1671 1262 solitum
1766 1175 1771 1186 ’

256 1345 447 1426 perenm,
475 1318 502 1403 i.
533 1345 569 1399 e.
597 1317 652 1401 ’nd
681 1315 916 1426 generalem
954 1315 1270 1400 institutionem.
1327 1310 1524 1420 Superius
1560 1298 1669 1393 enirn

134 1507 136 1510 -
258 1449 475 1536 definierat
493 1450 599 1562 jum,
627 1455 830 1559 quantum
859 1473 1018 1554 penem,
1046 1452 1202 1556 quantu
1224 1444 1437 1555 pulmento
1457 1441 1521 1525 sel
1542 1470 1673 1552 quon·

260 1589 347 1675 tum
377 1580 577 1678 dormire3
606 1608 716 1664 nnnc
744 1607 841 1665 vero
868 1578 980 1680 dicit,
997 1585 1058 1668 ‚ut
1084 1604 1308 1688 augeamus
1336 1575 1388 1659 ud
1417 1574 1540 1660 istum
1568 1603 1671 1683 pen-

38 1735 41 1742 ⁴
208 1813 212 1824 Ι
258 1743 361 1812 snm,
390 1713 468 1798 hoo
496 1722 560 1796 est
588 1739 831 1816 mensurum,
859 1710 1028 1820 aliquid.
1042 1710 1074 1820 ¹)

370 1845 584 1955 Sequitur:
630 1845 830 1926 orationes
856 1843 1103 1946 peculiares,
1132 1842 1309 1928 ciborum
1337 1845 1374 1924 et
1398 1845 1519 1944 protus
1545 1836 1702 1920 odsti·'

89 1969 101 1994 ²
185 2007 191 2018 ·
259 1976 458 2079 nentium,
488 1975 539 2058 nt'
558 1974 828 2079 unnsquisque
852 1999 977 2080 snper
1003 2001 1235 2058 errerrsnrorn
1263 1973 1344 2056 sibi
1371 1971 1566 2054 indictone
1593 1970 1672 2052 oli·

261 2107 359 2212 qnid
380 2107 555 2210 proprio
582 2104 783 2190 uolucretutc
809 2107 1073 2211 compendio
1102 2103 1147 2191 8.
1178 2102 1362 2208 Spiritus
1399 2103 1543 2205 offeret
1570 2101 1671 2187 Deo.

87 2225 93 2238 ’
146 2277 152 2290 ·
259 2236 368 2337 Quid
396 2237 452 2320 sit
477 2263 629 2348 ungere
655 2234 709 2317 ud
737 2235 905 2327 solitum
934 2262 1124 2344 pensum,
1153 2236 1390 2320 monifestat
1418 2259 1548 2336 nnnc,
1577 2258 1671 2313 curn

150 2447 152 2452 .
259 2368 360 2452 dicit
396 2369 597 2452 orationes
632 2366 883 2472 peculiares,
930 2365 957 2451 i.
994 2393 1031 2454 e.
1068 2367 1263 2476 privatae.
1332 2363 1527 2474 Superius
1562 2363 1670 2445 enim

56 2495 59 2502 ’
259 2501 413 2603 soluit,
442 2506 491 2586 nt
517 2500 723 2613 orationes
750 2496 975 2607 peculiares
1003 2497 1194 2601 haberes,
1222 2526 1333 2584 nunc
1360 2524 1458 2582 vero
1486 2495 1610 2594 dicit,
1638 2493 1673 2579 si
1820 2547 1822 2550 .

259 2635 367 2720 forto
396 2631 652 2745 negligentia
681 2632 978 2716 interveniente
1007 2660 1091 2715 nou
1119 2630 1322 2736 habuisti,
1350 2629 1473 2715 modo
1509 2629 1553 2714 iu
1583 2629 1672 2712 istis

70 2733 81 2748 “
209 2857 212 2862 ,
260 2766 403 2852 diebus
431 2765 595 2850 habens.
654 2749 806 2850 Verum
836 2792 920 2850 uon
949 2763 1071 2850 debes
1099 2765 1307 2850 dimittere
1326 2763 1602 2848 obedientium
1631 2767 1675 2844 et

96 2895 109 2912 ‘
259 2927 398 2998 orore;
426 2897 495 2982 sed
523 2899 657 2982 sinon
677 2902 795 3009 potes
823 2896 868 2980 iu
884 2896 952 2980 die
978 2901 1149 3007 propter
1176 2896 1465 2995 obedientium,
1495 2894 1603 2978 habe
1630 2893 1674 2976 iu

152 3043 162 3062 ·
259 3039 393 3121 noete.
438 3031 748 3116 Atteudcndum
774 3034 849 3130 est,
879 3028 976 3138 quie
1007 3057 1092 3114 non
1120 3027 1220 3112 dicit
1247 3027 1424 3112 ciborum
1451 3037 1674 3133 unipotens,

149 3155 162 3194 '³
259 3162 332 3248 sed
359 3169 397 3248 ct
419 3171 564 3270 pocus,
593 3191 642 3248 eo
670 3163 782 3272 quod
820 3167 1040 3270 utrumque
1068 3161 1179 3262 vuit,
1208 3169 1257 3244 ut
1283 3158 1436 3245 habeus
1464 3162 1675 3245 obstinen-

260 3294 436 3398 tinm,·i.
465 3325 501 3382 e.
531 3295 716 3379 ciborum
745 3300 788 3378 et
815 3304 950 3406 potus.
1007 3291 1115 3377 Sunt
1143 3293 1251 3377 eninr
1279 3293 1375 3392 ani,
1403 3294 1473 3410 qni
1502 3296 1676 3403 possunt

253 3429 442 3537 jejunare
477 3459 502 3512 a
529 3425 624 3512 cibo
664 3433 707 3512 et
734 3455 819 3512 nou
846 3455 872 3511 u
901 3433 1026 3534 potu,
1056 3428 1099 3508 et
1135 3433 1234 3510 suut
1272 3423 1365 3524 ulii,
1395 3423 1467 3534 qui
1503 3430 1676 3531 possunt

117 3553 126 3572 ⁶
254 3559 443 3666 jejunare
469 3591 495 3641 u
524 3565 625 3667 potu
657 3565 700 3644 et
727 3586 813 3642 nou
842 3587 869 3641 u
895 3557 1001 3643 cibo.
1058 3552 1139 3639 Sed
1167 3555 1210 3646 8.
1241 3553 1487 3638 Benedictus
1515 3561 1675 3637 utrum·

99 3763 103 3774 .
261 3717 341 3795 qno
370 3689 472 3789 vult,
499 3690 524 3774 i.
554 3717 589 3772 e.
617 3688 908 3772 abstinentium
937 3684 1018 3769 cibi
1047 3693 1090 3770 et
1118 3690 1252 3794 potus.
1310 3683 1462 3769 Verum
1491 3683 1574 3783 ine,
1603 3683 1674 3792 qui

235 3849 286 3902 ἰι
317 3822 417 3926 potu
447 3817 511 3900 vel
539 3819 632 3903 cibo
655 3819 831 3926 jejunet,
861 3843 946 3898 non
976 3815 1099 3898 debet
1122 3842 1197 3921 pro
1216 3813 1295 3897 hoc
1318 3812 1430 3896 eliud
1451 3813 1672 3922 requirer03

32 3967 34 3974 ·
69 3992 73 4004 ·
114 4009 126 4026 .
164 3999 169 4008 -
260 3948 296 4030 si
324 3946 433 4030 euim
460 3947 571 4030 uliud
599 3948 702 4048 nult,
732 3948 876 4032 melius
903 3951 967 4029 est
994 3944 1055 4027 illi
1083 3943 1182 4041 hoc,
1216 3943 1326 4050 qnod
1356 3941 1400 4030 S.
1430 3942 1674 4026 Benedictus

259 4076 385 4185 jussit
417 4079 686 4176 munducare,
715 4106 852 4186 quum.
867 4076 970 4160 iilud
999 4075 1208 4159 dimittere
1243 4084 1286 4160 et
1313 4075 1425 4158 uliud
1454 4073 1676 4183 requirere.

193 4253 199 4266 ·
263 4207 353 4291 Hoc
391 4236 555 4318 qnoque
591 4210 818 4294 notandum
850 4215 933 4310 est,
963 4209 1082 4318 quin,
1111 4236 1203 4291 curn
1242 4208 1464 4292 monachus
1499 4205 1674 4314 jejunat,

13 4411 20 4424 .
114 4423 118 4429 ,
262 4341 321 4426 itu
338 4341 473 4424 'debet
499 4347 726 4450 temperate
753 4348 797 4426 et
825 4341 1000 4426 discrete
1018 4341 1220 4450 jejunare,
1250 4345 1401 4423 utnon
1429 4335 1596 4422 deficiet
1621 4335 1674 4418 ed

182 4488 188 4500 '
263 4503 378 4558 suum
403 4474 678 4560 obedientium
703 4474 943 4572 faciendum,
973 4501 1026 4555 ue
1043 4473 1286 4571 infirmetur,
1304 4477 1518 4580 'quotenus
1537 4495 1677 4550 neces·

262 4607 413 4691 sorium
441 4607 509 4709 sit,
526 4635 703 4691 curnem
732 4605 956 4691 antulium
986 4605 1122 4690 cibum
1152 4602 1370 4712 requirere,
1398 4601 1469 4685 sed
1491 4601 1551 4686 ite
1564 4600 1676 4710 jeju·

263 4745 349 4841 net,
377 4744 425 4823 ut
451 4738 488 4822 si
516 4741 623 4822 t’orte
651 4738 858 4840 defecerit,
887 4739 937 4823 de
959 4739 1047 4847 ipsi
1076 4763 1279 4836 mensure,
1308 4762 1429 4845 quum
1452 4734 1513 4818 ἰΙΙί
1532 4731 1677 4843 regule

264 4871 475 4972 concedit,
503 4870 634 4981 possit
672 4871 915 4980 recuperari.
972 4866 1038 4951 Itu
1072 4867 1303 4952 iaciendum
1334 4870 1398 4948 est
1430 4865 1481 4949 de
1508 4863 1674 4974 vigiliis.

264 5001 332 5085 Sic
360 5001 469 5084 enirn
498 5001 620 5086 debet
651 4999 844 5110 vigilare,
873 5008 921 5083 nt
946 4999 1028 5082 ulio
1056 5005 1241 5107 tempore
1275 5023 1358 5080 non
1387 4997 1443 5081 sit
1470 4995 1509 5078 ei
1537 5023 1675 5078 neces·

268 5193 291 5204 .-
303 5193 467 5202 --..----
489 5195 528 5202 ..-

355 5290 383 5374 ¹)
405 5283 532 5356 suudet
585 5281 672 5396 dod.
694 5280 832 5372 Diuico,
855 5301 898 5356 ox
920 5281 1071 5353 Horten.
1159 5338 1164 5352 .
