3994 5770
872 337 955 428 Cup.
982 333 1059 408 Vll.
1591 337 1665 420 211

266 572 402 660 aliani.
458 558 590 648 Jacob
632 557 739 641 enim
779 561 995 668 propterea
1030 552 1181 639 dicitur
1221 541 1532 665 supplantator,
1577 555 1673 664 quia

268 699 423 787 «lirratus
446 690 602 774 vicibus
626 688 908 798 supplantavit
931 689 1095 770 fratrem
1121 715 1250 770 stivam.
1298 686 1431 769 l’rima
1453 685 1540 769 vice
1556 684 1671 769 illurn
1787 779 1790 788 y

267 822 559 941 supplantavit,
588 846 679 903 curu
710 816 770 916 illi
800 817 1036 904 lenticulam
1067 817 1180 899 nain
1207 821 1249 898 et
1278 816 1376 900 tnlit
1400 815 1675 926 primogenita
1797 855 1800 863 ¹

265 989 354 1058 suar
400 955 489 1039 ideo
530 947 610 1033 fuit
650 947 953 1058 supplantatio,
996 949 1094 1056 qvvia
1132 975 1299 1058 parvane
1338 976 1421 1032 rein
1462 954 1504 1032 et
1553 948 1673 1032 vilcvn

218 1187 221 1194 ,
269 1092 381 1180 dedit
408 1094 451 1169 ct
480 1081 579 1166 tulit
608 1079 805 1188 pretiosa,
848 1079 925 1163 hoc
955 1085 1018 1162 est
1047 1078 1336 1191 primogenita.
1398 1079 1552 1166 Deinde
1580 1110 1675 1191 snp-

227 1259 247 1316 ῃ
271 1217 471 1335 plantavit
499 1213 612 1326 illlam
643 1211 774 1295 altera
794 1209 893 1312 vice,
922 1239 1014 1296 curn
1033 1210 1238 1320 subripuit
1254 1211 1312 1294 illi
1339 1210 1673 1296 benedictionem.

271 1343 562 1460 Supplaulavit
592 1341 715 1426 etiarn
745 1342 966 1452 Angelum,
995 1343 1159 1453 qnando
1193 1342 1478 1427 contendendo
1509 1373 1675 1454 supera·

270 1485 328 1566 vit
355 1481 494 1578 illurn,
536 1479 579 1558 et
608 1471 792 1584 Angelus
830 1473 976 1558 iteruin
1007 1471 1290 1584 supplantavit
1317 1469 1470 1573 Jacob,
1511 1474 1676 1582 qivainlo

270 1609 408 1718 rescipit
436 1605 602 1690 senioris
631 1605 718 1712 ejus
749 1631 915 1688 nervum
947 1609 990 1686 et
1012 1603 1110 1688 fecit
1130 1630 1221 1687 erun
1243 1629 1329 1686 esse
1347 1602 1550 1688 claudum.
1599 1603 1677 1685 lste

271 1741 423 1840 lacon,
462 1735 532 1847 qni
561 1733 843 1844 supplantavit
870 1736 1035 1818 tratrem
1067 1761 1183 1818 svium
1215 1733 1437 1820 cviferendo
1466 1733 1525 1817 illi
1554 1736 1678 1817 bcne-

272 1872 491 1957 dictionem
532 1872 576 1950 ct
612 1867 690 1950 ivit
726 1867 769 1950 in
809 1871 960 1952 terram
998 1866 1173 1951 alienam
1211 1865 1422 1951 dimittens
1450 1871 1607 1977 patrcrn
1638 1873 1680 1948 et

205 2083 211 2096 ,
269 2008 438 2088 vviatrenv
477 2023 613 2096 sarain,
654 1995 806 2108 quique
843 1996 999 2100 deindo,
1043 2023 1134 2080 cunr
1174 1997 1251 2081 ivit
1290 1995 1331 2080 in
1369 1997 1453 2100 via,
1497 1996 1600 2082 vidit
1635 1994 1677 2080 in

278 2130 434 2232 lletlvel,
459 2126 660 2236 jacencia
682 2127 790 2211 nuda
810 2126 936 2212 liunvo
957 2129 1181 2237 tociensque
1204 2133 1328 2238 caput
1348 2154 1470 2238 snper
1491 2126 1679 2234 lrapidoin,
1787 2190 1789 2196 .

202 2279 205 2283 ’
268 2261 415 2344 scalam
445 2260 622 2342 stavvtenr
655 2255 693 2340 in
725 2263 834 2342 teria
864 2262 905 2341 et
934 2283 1126 2340 cvccvuucn
1157 2258 1243 2364 ejus
1274 2258 1513 2369 pertingens
1554 2284 1680 2364 iisqne

268 2392 316 2476 ad
356 2389 536 2487 coelum,
580 2392 695 2471 aanor
745 2389 920 2496 ligrunna
964 2385 1277 2484 monachornm,
1309 2391 1425 2499 quia,
1467 2388 1573 2472 sicut
1612 2387 1681 2470 ille

271 2517 551 2632 svrpaplantavit
581 2519 751 2603 t'ratrein
780 2545 912 2619 sircam,
944 2517 1003 2600 ita
1030 2520 1073 2600 et
1099 2519 1322 2604 inonachus
1342 2520 1466 2604 debet
1485 2519 1681 2630 supplan·

273 2659 358 2734 terre
387 2647 595 2732 diabolum
630 2652 672 2730 et
700 2648 921 2736 saeculum.
979 2647 1034 2732 lu
1061 2646 1169 2733 sicut
1195 2647 1327 2734 Jacob
1365 2649 1465 2736 exiit
1493 2651 1543 2734 de
1572 2656 1682 2735 terra

272 2777 495 2864 nativitatis
524 2807 621 2863 suae
650 2783 692 2862 et
722 2779 798 2862 ivit
827 2779 869 2862 in
899 2784 1049 2863 terrain
1079 2776 1268 2882 alienant,
1300 2780 1360 2864 ita
1390 2787 1431 2865 et
1460 2782 1682 2866 marcuclius

270 2913 391 2995 allebat
420 2909 702 3020 derelinquere
732 2915 882 2994 terram
912 2937 1052 3000 savam.
1093 2908 1119 2996 i.
1150 2939 1182 2994 e.
1225 2909 1364 2994 ornnia
1392 2941 1483 3014 srva,
1525 2916 1567 3024 et
1595 2910 1683 2994 lieri

272 3067 423 3150 panpcr
451 3047 493 3121 ct
521 3039 773 3150 peregrinus.
819 3037 925 3124 Vide
954 3040 1091 3140 viando,
1121 3039 1218 3146 qnia
1241 3039 1371 3123 Jacob
1399 3039 1549 3124 scalavn
1581 3038 1684 3122 vidit

218 3209 219 3212 ¹
274 3201 354 3255 non
386 3171 428 3252 in
454 3170 571 3269 valle,
601 3169 737 3253 sedin
764 3175 914 3271 accrate,
945 3169 984 3254 h.
1009 3199 1056 3264 e„
1074 3172 1114 3256 in
1138 3171 1304 3269 llatlicl;
1333 3169 1480 3254 ltctlvel
1510 3197 1685 3279 inanique

155 3367 164 3398 ,
271 3305 567 3412 interpretatur
587 3297 732 3382 ‹lovnns
753 3298 837 3387 llei.
883 3297 1029 3384 Nullus
1049 3303 1156 3385 enim
1179 3299 1340 3386 videtur
1358 3301 1414 3384 sic
1438 3300 1686 3384 intellexisse
1811 3378 1818 3389 ,

156 3429 163 3440 “
271 3463 341 3543 por
369 3433 487 3518 istam
518 3428 684 3531 scalam,
713 3429 819 3514 sicut
842 3429 883 3517 S.
909 3427 1168 3536 Benedictus,
1196 3433 1266 3516 sed
1293 3433 1401 3516 vrvrie
1423 3431 1686 3542 intelligitur.

275 3565 377 3650 Noui
406 3563 488 3648 alio
516 3559 639 3644 circada
670 3587 741 3670 por
769 3562 920 3644 scalanv
951 3562 1200 3686 intelligitur
1237 3563 1439 3673 scriptura
1467 3560 1618 3668 diviua,
1648 3569 1690 3645 ct

153 3797 158 3810 Ι
273 3722 343 3804 pcr
381 3691 551 3802 angelos
593 3717 826 3774 rvsccnsorcs
867 3696 910 3776 et
948 3690 1205 3776 ‹lascousores
1246 3692 1538 3800 intelliguntur
1576 3719 1694 3801 prae·

249 3820 471 3950 'illactenus
500 3819 647 3905 salicti.
705 3819 821 3906 'l'vvnc
858 3821 966 3906 cuim
998 3823 1127 3910 salicti
1158 3825 1404 3920 escendunt,
1448 3823 1612 3934 qnavnlo
1642 3823 1692 3905 de

274 3953 486 4047 divinitate
516 3951 766 4063 praedicent,
796 3951 903 4038 sicut
931 3953 1115 4040 rosana
1143 3956 1240 4041 iecit
1268 3955 1464 4040 ‹licendot
1494 3955 1549 4040 In
1571 3953 1693 4060 prin·

214 4135 218 4140 -
274 4087 376 4192 cipio
404 4091 491 4168 crol
517 4083 708 4187 vcrlrmn,·
737 4087 779 4166 et
807 4082 1071 4189 desceinlunt,
1102 4117 1193 4174 cuin
1217 4090 1267 4172 dc
1288 4087 1545 4173 livvnvnnitate
1573 4115 1691 4194 prae·

274 4220 423 4322 alienat,
453 4246 546 4303 cum
581 4215 686 4300 idean
712 4213 894 4302 Jocvnies
924 4217 1042 4306 dicit:
1072 4219 1130 4304 Et
1157 4219 1319 4306 vcrlnrrn
1347 4245 1441 4307 coro
1461 4220 1614 4324 scutram
1636 4225 1694 4304 ecl
1801 4249 1805 4258 ·

274 4357 310 4434 ct
338 4351 532 4434 lculritorit
559 4349 604 4434 in
633 4349 760 4434 erodis.
811 4349 880 4438 Sic
909 4350 1019 4436 cuim
1049 4351 1149 4437 dicit
1175 4353 1395 4438 Dominus:
1426 4349 1484 4436 In
1510 4349 1694 4437 videtitis

276 4479 400 4566 coelos
439 4487 602 4587 opertos
644 4488 681 4566 cl
718 4481 884 4590 anpclos
920 4484 1002 4568 Ilei
1045 4484 1325 4571 descenderes
1364 4489 1401 4568 cl
1438 4484 1694 4569 nsccrnlenlcs

275 4637 396 4718 scrpcr
421 4611 554 4718 felicem
581 4611 768 4699 Mentiris.
817 4611 920 4696 ltevn
951 4642 1024 4723 per
1046 4616 1218 4725 avvgelos
1245 4611 1511 4699 ascendentes
1539 4620 1581 4696 ct
1604 4613 1696 4695 des·

274 4745 495 4864 accidentes
524 4729 815 4854 intelliguntur
853 4745 984 4827 sancti
1024 4743 1347 4855 praedicatores,
1388 4742 1457 4852 qni
1496 4745 1538 4827 iu
1579 4771 1696 4830 sacra

275 4875 474 4987 scriptura
502 4875 742 4990 ascendunt,
771 4899 864 4958 cnm
894 4873 935 4958 in
967 4871 1317 4986 contemplatione
1344 4873 1419 4956 Dei
1448 4872 1694 4977 consistunt,

276 4987 494 5092 etiterum
524 5003 789 5108 dcscevnlnnt,
832 5032 927 5089 curn
956 5007 1009 5090 cd
1039 5005 1362 5116 compassionem
1392 5003 1584 5118 proximi·
1599 5005 1695 5090 flec-

276 5142 435 5224 tuntur.
493 5137 535 5224 S.
565 5163 661 5222 vero
692 5136 959 5231 Benedictus,
1005 5134 1111 5223 sient
1138 5135 1249 5240 dixi,
1289 5161 1363 5246 per
1390 5135 1696 5221 scalamvitauv

278 5279 527 5375 praesentem
559 5267 771 5380 intelligit.
830 5269 938 5353 Sunt
974 5268 1081 5353 civica
1113 5266 1254 5370 cavalli,
1291 5267 1359 5377 qvvi
1403 5265 1508 5352 lianc
1546 5267 1698 5360 scalam

1428 5383 1548 5484 ιμ’
1615 5459 1624 5478 .
