3968 5774
16 175 23 184 '
123 167 136 262 ἶ
192 124 434 324 'noos-
817 205 1072 300 ossum.

187 455 193 466 ·
238 425 518 527 intervallum,
544 432 592 510 ut
617 427 847 540 presbyteri
873 435 1028 514 eruunt
1047 428 1168 513 binus
1188 426 1344 530 missus,
1373 425 1524 514 deiude
1541 430 1649 514 esui·

161 655 167 666 ⁹
237 563 308 640 tur
336 557 458 640 missu
484 558 671 666 publicas
709 567 753 643 et
790 562 858 644 its.
885 561 1117 646 faciendum
1145 563 1210 644 est
1244 558 1290 644 in
1318 559 1648 670 Quadragosima.

162 783 164 786 ,
237 687 461 772 lutervallo
488 695 625 772 aulem
653 689 767 774 facto
795 689 904 778 inter
932 690 1096 774 missum
1132 697 1177 775 et
1203 717 1418 799 uesperum
1444 690 1663 806 accipiunt·

237 821 427 904 mixtum.
482 818 527 902 Si
553 827 690 902 antem
718 823 882 928 tempus
907 821 1074 904 nentis
1102 828 1187 920 est,
1215 819 1381 930 quaudo
1411 820 1647 905 adsertam

238 946 547 1044 manducamus,
569 945 693 1028 tertio
720 951 900 1048 suntote,
928 948 1076 1032 deinde
1099 949 1220 1032 missu
1238 949 1368 1046 linito,
1394 955 1490 1056 post
1513 949 1647 1057 [vero]

236 1075 327 1176 ille,
364 1075 435 1183 qui
462 1075 626 1182 signum
655 1077 827 1181 tangere
854 1074 999 1172 debet,
1024 1076 1113 1182 jum
1152 1076 1365 1186 praevidet
1402 1075 1574 1172 horam,
1603 1087 1650 1160 ut

236 1203 520 1314 parvissimum
549 1201 810 1286 intervallum
839 1202 916 1305 sit,
943 1205 1110 1312 qnando
1137 1213 1295 1288 sextam
1324 1205 1464 1315 ungu
1491 1205 1556 1288 bis
1585 1207 1648 1290 vel

236 1341 299 1418 ter
326 1333 516 1444 signnm3
544 1338 589 1414 et
615 1337 715 1416 tunc
744 1333 901 1416 radunt
928 1361 1071 1418 onnues
1100 1336 1143 1418 in
1173 1335 1435 1420 refectorium
1463 1351 1508 1418 et
1534 1337 1648 1420 iuve-

239 1463 358 1548 niuut
377 1467 663 1572 praeparatum
679 1461 937 1578 solummodo
955 1489 1107 1571 ponem
1130 1471 1175 1549 et
1195 1467 1351 1566 riuum,
1379 1465 1487 1548 siout
1503 1465 1647 1574 regulo

235 1593 493 1676 solummodo
520 1592 571 1676 de
599 1619 706 1700 pone
732 1597 778 1675 et
806 1595 903 1676 uiuo
931 1592 1044 1675 dicit.
1102 1591 1202 1677 Post
1231 1623 1326 1678 reru
1354 1595 1437 1693 ille,
1465 1595 1537 1703 qni
1565 1595 1648 1704 sig·

236 1751 334 1807 unm
375 1727 548 1833 tangere
586 1723 709 1806 debet
744 1723 797 1806 ad
838 1729 1019 1824 sextam,
1049 1724 1185 1824 videt,
1213 1725 1312 1833 quia
1346 1725 1435 1833 jum
1477 1730 1648 1834 possunt

86 1842 91 1852 ’
236 1855 374 1936 omniu
416 1853 651 1961 supradicto
690 1867 972 1936 consummata
1011 1881 1120 1954 esse,
1155 1860 1256 1938 tnnc
1299 1854 1438 1961 tangit
1477 1863 1648 1942 sextam.

239 1985 398 2070 Deinde
425 2012 518 2068 cum
548 1985 762 2095 incipimus
786 1983 988 2066 Miserere
1016 1985 1095 2065 insci
1113 1985 1241 2084 Deus,
1270 1985 1322 2067 ad
1344 1986 1523 2068 officinm
1549 1995 1646 2068 tunc

237 2117 393 2198 vadunt
414 2114 457 2198 iu
480 2116 739 2199 refectorium
761 2113 1067 2196 hebdomadarii
1085 2116 1286 2222 coquinae
1303 2142 1397 2197 cum
1420 2116 1645 2204 cellarario.

237 2245 292 2328 lit
312 2244 374 2326 illi
398 2250 559 2354 ponunt
581 2273 707 2328 uuum
732 2244 987 2354 pulmentum
1011 2243 1187 2330 calidum
1211 2253 1255 2328 et
1271 2246 1507 2329 cellararius
1529 2249 1648 2356 ponit

236 2373 390 2460 viuum.
447 2371 616 2474 Interim
646 2402 740 2457 cum
779 2375 1008 2484 completur
1045 2402 1154 2458 nouo
1189 2383 1234 2459 et
1269 2376 1459 2460 lavantur
1490 2403 1646 2476 munus,

236 2504 433 2587 ordinant
467 2506 617 2587 omniu.
677 2504 734 2586 Et
771 2502 850 2588 huc
888 2502 1097 2586 sciendum
1135 2510 1218 2603 est,
1255 2507 1352 2613 quie
1387 2509 1533 2586 cuntur
1573 2533 1648 2613 pro
1683 2566 1689 2574 .

94 2633 99 2640 '
233 2641 415 2736 cantare,
434 2633 544 2740 quod
564 2639 707 2716 carntut
719 2635 761 2714 in
784 2633 1016 2732 intervallo,
1035 2639 1079 2714 et
1096 2633 1261 2742 quondo
1273 2633 1444 2717 lectioni
1467 2636 1649 2733 recatui,

238 2789 320 2847 nun
349 2760 473 2845 debet
500 2791 576 2871 pro
605 2762 683 2846 lmc
714 2762 883 2845 mixtum
913 2762 1109 2871 accipere,
1142 2763 1239 2871 qnia
1267 2761 1426 2844 nullum
1457 2763 1540 2844 ridi
1569 2761 1648 2846 hoc

62 2965 66 2972 .
163 2887 173 2904 ’
237 2895 384 2978 fecere.
441 2889 734 3010 Verumtamen
774 2891 982 2975 sciendum
1020 2898 1104 2992 est,
1132 2890 1230 2999 quin
1265 2889 1346 2990 illi,
1376 2893 1449 2999 qni
1476 2889 1677 2976 mixtum

93 3075 97 3082 -
237 3021 459 3130 accipiunt,
489 3049 570 3102 uon
599 3025 660 3104 est
691 3049 806 3130 opus,
834 3028 881 3104 ut
910 3021 1053 3105 dicant
1081 3047 1254 3102 versum.

347 3152 560 3260 Sequitur:
583 3149 646 3234 .In
663 3152 805 3236 dicdum
825 3159 958 3235 tornen
986 3149 1246 3234 sollemnibus
1271 3175 1396 3257 sisque
1422 3152 1481 3236 od
1498 3155 1650 3237 missus

235 3285 473 3370 sustineant.
540 3280 802 3366 Consuetudo
842 3308 1018 3388 numque
1056 3279 1138 3362 fult
1179 3279 1222 3361 in
1261 3280 1332 3362 illa
1373 3287 1506 3383 terra,
1544 3284 1651 3366 siout

237 3415 359 3528 lmdie
387 3414 546 3496 faciunt
574 3414 774 3511 canonici,
804 3420 900 3521 post
920 3413 1084 3494 missam
1109 3414 1249 3494 statim
1269 3412 1449 3520 incipere
1477 3421 1650 3496 sextam.

239 3544 383 3627 Voluit
422 3545 561 3654 itaque
599 3544 647 3627 B.
679 3542 925 3626 Benedictus
963 3543 1108 3625 tollere
1145 3544 1251 3626 hanno
1288 3546 1648 3642 cousuetudinem

237 3677 330 3760 ideo
359 3675 462 3758 dixit
489 3701 612 3781 respice
627 3677 685 3758 ud
700 3676 870 3758 nrissum
892 3674 1131 3776 sustineant,
1163 3681 1224 3772 ut,
1249 3675 1465 3758 domante
1484 3678 1647 3760 missam

237 3835 321 3890 nou
343 3807 514 3891 cuderet
534 3806 665 3890 lector
683 3808 942 3910 manducare,
965 3806 1078 3890 facto
1099 3806 1318 3890 intervallo
1334 3817 1505 3917 propter
1519 3809 1650 3908 illum,

236 3938 308 4022 ille
335 3937 589 4021 consuetudo
618 3944 888 4047 rumperetur.
945 3937 1071 4035 Forte
1098 3937 1199 4022 dicit
1220 3935 1532 4042 aliquisz'Quae
1552 3945 1651 4020 suut

95 4057 100 4066 ’
236 4069 475 4167 sollemnes,
523 4094 616 4150 oum
667 4071 852 4178 superius
894 4071 1021 4154 dixit:
1067 4071 1306 4176 testivitates
1344 4075 1576 4154 scincturam
1614 4064 1652 4152 ct

235 4199 523 4285 sollemnitates
552 4197 755 4283 Domini?
793 4187 989 4310 Superius
1016 4202 1126 4283 enim
1155 4201 1399 4283 distinxerat
1419 4227 1494 4306 per
1516 4200 1674 4310 adjec··

109 4319 112 4324 ⁵
235 4332 392 4416 tionem
420 4337 664 4431 sursrtomm,
691 4359 803 4414 nuuc
829 4359 926 4417 vero
953 4335 998 4416 et
1023 4332 1265 4414 festivitates
1286 4338 1331 4414 st
1353 4330 1652 4414 sollemnitates

146 4565 153 4582 Ι
237 4464 406 4547 nonnius
419 4461 709 4546 sollemnitatis
731 4447 1057 4572 comprehendit,
1099 4461 1205 4548 Nam
1224 4463 1438 4572 psalmista
1456 4466 1498 4545 te
1517 4461 1650 4565 docet,

236 4623 328 4679 cnm
358 4595 483 4678 dicit:
516 4593 751 4680 Constituitc
772 4593 880 4678 diem
896 4595 1108 4678 solemnem
1128 4595 1174 4678 in
1191 4593 1650 4700 corrlreqnentutionitns
1783 4579 1786 4586 ’

235 4755 359 4832 usqne
396 4729 453 4811 nd
482 4753 605 4808 coram
632 4725 803 4827 ottenis,
833 4755 883 4810 eo
910 4727 1019 4836 qnod
1057 4727 1108 4808 de
1143 4727 1335 4810 omnibus
1371 4725 1472 4808 dicit
1507 4725 1649 4807 diebus

235 4869 321 4942 tum
350 4864 583 4942 sanctorum
612 4886 737 4968 quum
767 4855 947 4960 Domini,
974 4859 1072 4967 quia
1098 4857 1352 4942 sollemnitas
1379 4863 1423 4940 et
1450 4858 1650 4940 festivitas

237 5025 364 5094 unum
394 5000 478 5098 est,
507 4991 542 5076 si
569 4991 657 5076 sine
684 4992 916 5102 adjectione
942 4993 1081 5102 uliqnu
1108 4994 1182 5074 unt
1207 4995 1438 5074 sanderum
1467 4990 1532 5074 rel
1560 4988 1649 5072 Do-

235 5128 351 5235 mini,
380 5127 487 5210 sicut
516 5127 701 5236 superius
729 5126 885 5210 dictum
914 5130 989 5231 est,
1018 5115 1100 5209 uon
1130 5122 1339 5208 dividitur.
