<?xml version="1.0" encoding="UTF-8"?>
<!DOCTYPE html PUBLIC "-//W3C//DTD XHTML 1.0 Transitional//EN"
    "http://www.w3.org/TR/xhtml1/DTD/xhtml1-transitional.dtd">
<html xmlns="http://www.w3.org/1999/xhtml" xml:lang="en" lang="en">
 <head>
  <title>
</title>
<meta http-equiv="Content-Type" content="text/html;charset=utf-8" />
  <meta name='ocr-system' content='tesseract 3.04.00' />
  <meta name='ocr-capabilities' content='ocr_page ocr_carea ocr_par ocr_line ocrx_word'/>
</head>
<body>
  <div class='ocr_page' id='page_1' title='image "./vitaetregulassp01benegoog_0584.png"; bbox 0 0 3930 5788; ppageno 0'>
   <div class='ocr_carea' id='block_1_1' title="bbox 879 192 1888 338">
    <p class='ocr_par' dir='ltr' id='par_1_1' title="bbox 879 192 1888 338">
     <span class='ocr_line' id='line_1_1' title="bbox 879 192 1888 338; baseline -0.001 -22"><span class='ocrx_word' id='word_1_1' title='bbox 879 244 964 336; x_wconf 70' lang='lat' dir='ltr'>cap.</span> <span class='ocrx_word' id='word_1_2' title='bbox 988 243 1057 316; x_wconf 83' lang='lat' dir='ltr'>ux.</span> <span class='ocrx_word' id='word_1_3' title='bbox 1356 207 1357 212; x_wconf 55' lang='lat'>‘</span> <span class='ocrx_word' id='word_1_4' title='bbox 1598 254 1679 336; x_wconf 79' lang='lat'>555</span> <span class='ocrx_word' id='word_1_5' title='bbox 1788 333 1790 338; x_wconf 39' lang='grc'>,</span> <span class='ocrx_word' id='word_1_6' title='bbox 1875 192 1888 246; x_wconf 69' lang='lat'>³</span> 
     </span>
    </p>
   </div>
   <div class='ocr_carea' id='block_1_2' title="bbox 273 444 1680 576">
    <p class='ocr_par' dir='ltr' id='par_1_2' title="bbox 273 444 1680 576">
     <span class='ocr_line' id='line_1_2' title="bbox 273 444 1680 576; baseline -0.006 -18"><span class='ocrx_word' id='word_1_7' title='bbox 273 472 350 558; x_wconf 88' lang='lat' dir='ltr'>turi</span> <span class='ocrx_word' id='word_1_8' title='bbox 381 468 424 553; x_wconf 91' lang='lat' dir='ltr'>iu</span> <span class='ocrx_word' id='word_1_9' title='bbox 454 463 647 564; x_wconf 83' lang='lat' dir='ltr'>ecclcsiu3</span> <span class='ocrx_word' id='word_1_10' title='bbox 690 464 877 550; x_wconf 85' lang='lat' dir='ltr'>simililer</span> <span class='ocrx_word' id='word_1_11' title='bbox 906 468 948 552; x_wconf 88' lang='lat' dir='ltr'>ct</span> <span class='ocrx_word' id='word_1_12' title='bbox 975 465 1084 576; x_wconf 89' lang='lat' dir='ltr'>quod</span> <span class='ocrx_word' id='word_1_13' title='bbox 1114 463 1216 552; x_wconf 91' lang='lat' dir='ltr'>dicit</span> <span class='ocrx_word' id='word_1_14' title='bbox 1248 467 1400 552; x_wconf 69' lang='lat' dir='ltr'>occissus</span> <span class='ocrx_word' id='word_1_15' title='bbox 1427 471 1580 568; x_wconf 80' lang='lat' dir='ltr'>teucro,</span> <span class='ocrx_word' id='word_1_16' title='bbox 1598 444 1680 550; x_wconf 52' lang='lat' dir='ltr'>‘irr-</span> 
     </span>
    </p>
   </div>
   <div class='ocr_carea' id='block_1_3' title="bbox 270 594 1850 710">
    <p class='ocr_par' dir='ltr' id='par_1_3' title="bbox 270 594 1850 710">
     <span class='ocr_line' id='line_1_3' title="bbox 270 594 1850 710; baseline -0.003 -22"><span class='ocrx_word' id='word_1_17' title='bbox 270 599 535 710; x_wconf 82' lang='lat' dir='ltr'>telligcudum</span> <span class='ocrx_word' id='word_1_18' title='bbox 566 600 640 696; x_wconf 77' lang='lat' dir='ltr'>cst,</span> <span class='ocrx_word' id='word_1_19' title='bbox 668 594 775 680; x_wconf 89' lang='lat' dir='ltr'>sicut</span> <span class='ocrx_word' id='word_1_20' title='bbox 790 595 977 700; x_wconf 80' lang='lat' dir='ltr'>diximus,</span> <span class='ocrx_word' id='word_1_21' title='bbox 1003 599 1172 701; x_wconf 84' lang='lat' dir='ltr'>deloco,</span> <span class='ocrx_word' id='word_1_22' title='bbox 1201 597 1241 681; x_wconf 81' lang='lat' dir='ltr'>lr.</span> <span class='ocrx_word' id='word_1_23' title='bbox 1263 627 1296 681; x_wconf 88' lang='lat' dir='ltr'>e.</span> <span class='ocrx_word' id='word_1_24' title='bbox 1320 598 1355 682; x_wconf 89' lang='lat' dir='ltr'>si</span> <span class='ocrx_word' id='word_1_25' title='bbox 1377 599 1526 710; x_wconf 80' lang='lat' dir='ltr'>diguus</span> <span class='ocrx_word' id='word_1_26' title='bbox 1542 599 1678 698; x_wconf 86' lang='lat' dir='ltr'>fucrit,</span> <span class='ocrx_word' id='word_1_27' title='bbox 1808 685 1811 690; x_wconf 75' lang='grc'>,</span> <span class='ocrx_word' id='word_1_28' title='bbox 1848 597 1850 602; x_wconf 67' lang='grc'><em>’</em></span> 
     </span>
    </p>
   </div>
   <div class='ocr_carea' id='block_1_4' title="bbox 222 729 1800 2020">
    <p class='ocr_par' dir='ltr' id='par_1_4' title="bbox 222 729 1800 2020">
     <span class='ocr_line' id='line_1_4' title="bbox 267 729 1679 840; baseline -0.005 -21"><span class='ocrx_word' id='word_1_29' title='bbox 267 747 313 820; x_wconf 87' lang='lat' dir='ltr'>ut</span> <span class='ocrx_word' id='word_1_30' title='bbox 342 733 504 816; x_wconf 84' lang='lat' dir='ltr'>missam</span> <span class='ocrx_word' id='word_1_31' title='bbox 534 729 686 829; x_wconf 81' lang='lat' dir='ltr'>coutet,</span> <span class='ocrx_word' id='word_1_32' title='bbox 717 732 877 828; x_wconf 79' lang='lat' dir='ltr'>cuutet3</span> <span class='ocrx_word' id='word_1_33' title='bbox 907 732 941 815; x_wconf 88' lang='lat' dir='ltr'>si</span> <span class='ocrx_word' id='word_1_34' title='bbox 970 737 1107 816; x_wconf 81' lang='lat' dir='ltr'>autem</span> <span class='ocrx_word' id='word_1_35' title='bbox 1137 760 1220 816; x_wconf 88' lang='lat' dir='ltr'>uon</span> <span class='ocrx_word' id='word_1_36' title='bbox 1250 731 1398 840; x_wconf 79' lang='lat' dir='ltr'>diguus</span> <span class='ocrx_word' id='word_1_37' title='bbox 1428 731 1554 814; x_wconf 88' lang='lat' dir='ltr'>fucrit</span> <span class='ocrx_word' id='word_1_38' title='bbox 1581 760 1679 814; x_wconf 86' lang='lat' dir='ltr'>cuu-</span> 
     </span>
     <span class='ocr_line' id='line_1_5' title="bbox 265 853 1679 966; baseline -0.002 -18"><span class='ocrx_word' id='word_1_39' title='bbox 265 870 363 966; x_wconf 82' lang='lat' dir='ltr'>ture,</span> <span class='ocrx_word' id='word_1_40' title='bbox 394 887 475 944; x_wconf 89' lang='grc' dir='ltr'><strong>ιιοιι</strong></span> <span class='ocrx_word' id='word_1_41' title='bbox 505 865 660 961; x_wconf 80' lang='lat' dir='ltr'>cuntot,</span> <span class='ocrx_word' id='word_1_42' title='bbox 691 858 733 945; x_wconf 83' lang='lat' dir='ltr'>lr.</span> <span class='ocrx_word' id='word_1_43' title='bbox 763 889 797 948; x_wconf 87' lang='lat' dir='ltr'>s.</span> <span class='ocrx_word' id='word_1_44' title='bbox 827 862 859 945; x_wconf 91' lang='lat' dir='ltr'>si</span> <span class='ocrx_word' id='word_1_45' title='bbox 888 862 988 947; x_wconf 85' lang='lat' dir='ltr'>fecit</span> <span class='ocrx_word' id='word_1_46' title='bbox 1015 862 1277 964; x_wconf 75' lang='lat' dir='ltr'>adulterium,</span> <span class='ocrx_word' id='word_1_47' title='bbox 1306 861 1334 947; x_wconf 88' lang='lat' dir='ltr'>i.</span> <span class='ocrx_word' id='word_1_48' title='bbox 1365 888 1398 948; x_wconf 85' lang='lat' dir='ltr'>e.</span> <span class='ocrx_word' id='word_1_49' title='bbox 1429 853 1679 945; x_wconf 74' lang='lat' dir='ltr'>cum&#39;uxoro</span> 
     </span>
     <span class='ocr_line' id='line_1_6' title="bbox 263 991 1676 1095; baseline -0.002 -16"><span class='ocrx_word' id='word_1_50' title='bbox 263 993 427 1080; x_wconf 85' lang='lat' dir='ltr'>alterius</span> <span class='ocrx_word' id='word_1_51' title='bbox 454 998 528 1076; x_wconf 82' lang='lat' dir='ltr'>cut</span> <span class='ocrx_word' id='word_1_52' title='bbox 556 1020 647 1078; x_wconf 90' lang='lat' dir='ltr'>cum</span> <span class='ocrx_word' id='word_1_53' title='bbox 678 991 1024 1095; x_wconf 63' lang='lat' dir='ltr'>semisauciam,</span> <span class='ocrx_word' id='word_1_54' title='bbox 1053 1000 1127 1078; x_wconf 82' lang='lat' dir='ltr'>aut</span> <span class='ocrx_word' id='word_1_55' title='bbox 1154 992 1432 1093; x_wconf 79' lang='lat' dir='ltr'>homicidium,</span> <span class='ocrx_word' id='word_1_56' title='bbox 1461 994 1535 1074; x_wconf 91' lang='lat' dir='ltr'>uut</span> <span class='ocrx_word' id='word_1_57' title='bbox 1567 996 1676 1076; x_wconf 88' lang='lat' dir='ltr'>certe</span> 
     </span>
     <span class='ocr_line' id='line_1_7' title="bbox 264 1123 1665 1236; baseline -0.005 -26"><span class='ocrx_word' id='word_1_58' title='bbox 264 1125 381 1230; x_wconf 85' lang='lat' dir='ltr'>talia,</span> <span class='ocrx_word' id='word_1_59' title='bbox 412 1147 497 1234; x_wconf 81' lang='lat' dir='ltr'>pro</span> <span class='ocrx_word' id='word_1_60' title='bbox 516 1123 663 1233; x_wconf 85' lang='lat' dir='ltr'>quibus</span> <span class='ocrx_word' id='word_1_61' title='bbox 693 1152 872 1209; x_wconf 85' lang='lat' dir='ltr'>conones</span> <span class='ocrx_word' id='word_1_62' title='bbox 901 1124 1019 1209; x_wconf 90' lang='lat' dir='ltr'>illum</span> <span class='ocrx_word' id='word_1_63' title='bbox 1043 1126 1268 1236; x_wconf 79' lang='lat' dir='ltr'>prohibent</span> <span class='ocrx_word' id='word_1_64' title='bbox 1297 1124 1458 1207; x_wconf 88' lang='lat' dir='ltr'>missam</span> <span class='ocrx_word' id='word_1_65' title='bbox 1488 1127 1665 1222; x_wconf 80' lang='lat' dir='ltr'>cantare,</span> 
     </span>
     <span class='ocr_line' id='line_1_8' title="bbox 264 1245 1674 1372; baseline -0.001 -35"><span class='ocrx_word' id='word_1_66' title='bbox 264 1255 370 1368; x_wconf 82' lang='lat' dir='ltr'>quia,</span> <span class='ocrx_word' id='word_1_67' title='bbox 400 1255 433 1336; x_wconf 91' lang='lat' dir='ltr'>si</span> <span class='ocrx_word' id='word_1_68' title='bbox 463 1254 614 1340; x_wconf 87' lang='lat' dir='ltr'>Puulus</span> <span class='ocrx_word' id='word_1_69' title='bbox 642 1255 851 1372; x_wconf 82' lang='lat' dir='ltr'>apostolus</span> <span class='ocrx_word' id='word_1_70' title='bbox 883 1256 1044 1341; x_wconf 84' lang='lat' dir='ltr'>dc&#39;illis</span> <span class='ocrx_word' id='word_1_71' title='bbox 1073 1257 1185 1358; x_wconf 83' lang='lat' dir='ltr'>dicit,</span> <span class='ocrx_word' id='word_1_72' title='bbox 1215 1254 1285 1365; x_wconf 89' lang='lat' dir='ltr'>qui</span> <span class='ocrx_word' id='word_1_73' title='bbox 1315 1253 1480 1338; x_wconf 78' lang='lat' dir='ltr'>mortali</span> <span class='ocrx_word' id='word_1_74' title='bbox 1509 1245 1674 1360; x_wconf 84' lang='lat' dir='ltr'>peccuto</span> 
     </span>
     <span class='ocr_line' id='line_1_9' title="bbox 222 1382 1791 1506; baseline -0.003 -36"><span class='ocrx_word' id='word_1_75' title='bbox 222 1483 223 1486; x_wconf 4' lang='grc' dir='ltr'><strong><em>Ν</em></strong></span> <span class='ocrx_word' id='word_1_76' title='bbox 264 1390 468 1487; x_wconf 84' lang='lat' dir='ltr'>tenentur,</span> <span class='ocrx_word' id='word_1_77' title='bbox 498 1413 580 1469; x_wconf 88' lang='lat' dir='ltr'>nou</span> <span class='ocrx_word' id='word_1_78' title='bbox 611 1386 921 1485; x_wconf 79' lang='lat' dir='ltr'>communicare,</span> <span class='ocrx_word' id='word_1_79' title='bbox 941 1387 972 1501; x_wconf 88' lang='lat'>¹)</span> <span class='ocrx_word' id='word_1_80' title='bbox 1000 1435 1043 1453; x_wconf 93' lang='lat'><em>-</em></span> <span class='ocrx_word' id='word_1_81' title='bbox 1065 1393 1222 1499; x_wconf 85' lang='lat' dir='ltr'>quanto</span> <span class='ocrx_word' id='word_1_82' title='bbox 1253 1386 1385 1469; x_wconf 85' lang='lat' dir='ltr'>miuus</span> <span class='ocrx_word' id='word_1_83' title='bbox 1414 1382 1555 1484; x_wconf 83' lang='lat' dir='ltr'>missus</span> <span class='ocrx_word' id='word_1_84' title='bbox 1580 1412 1677 1468; x_wconf 82' lang='lat' dir='ltr'>cuu-</span> <span class='ocrx_word' id='word_1_85' title='bbox 1786 1493 1791 1506; x_wconf 36' lang='grc' dir='ltr'><strong><em>Ι</em></strong></span> 
     </span>
     <span class='ocr_line' id='line_1_10' title="bbox 264 1513 1800 1630; baseline -0.002 -28"><span class='ocrx_word' id='word_1_86' title='bbox 264 1523 350 1602; x_wconf 86' lang='lat' dir='ltr'>turc</span> <span class='ocrx_word' id='word_1_87' title='bbox 379 1519 501 1626; x_wconf 79' lang='lat' dir='ltr'>[nou]</span> <span class='ocrx_word' id='word_1_88' title='bbox 542 1513 704 1604; x_wconf 78' lang='lat' dir='ltr'>debent.</span> <span class='ocrx_word' id='word_1_89' title='bbox 760 1516 835 1602; x_wconf 81' lang='lat' dir='ltr'>Ait</span> <span class='ocrx_word' id='word_1_90' title='bbox 861 1519 996 1604; x_wconf 84' lang='lat' dir='ltr'>euim:</span> <span class='ocrx_word' id='word_1_91' title='bbox 1037 1517 1085 1603; x_wconf 72' lang='lat' dir='ltr'>si</span> <span class='ocrx_word' id='word_1_92' title='bbox 1122 1520 1214 1628; x_wconf 75' lang='lat' dir='ltr'>quis</span> <span class='ocrx_word' id='word_1_93' title='bbox 1252 1517 1417 1626; x_wconf 64' lang='lat' dir='ltr'>indique</span> <span class='ocrx_word' id='word_1_94' title='bbox 1454 1516 1675 1622; x_wconf 69' lang='lat' dir='ltr'>circuduce·</span> <span class='ocrx_word' id='word_1_95' title='bbox 1708 1519 1711 1526; x_wconf 80' lang='grc'><strong>’</strong></span> <span class='ocrx_word' id='word_1_96' title='bbox 1776 1515 1800 1630; x_wconf 74' lang='grc' dir='ltr'><strong> </strong></span> 
     </span>
     <span class='ocr_line' id='line_1_11' title="bbox 262 1648 1675 1761; baseline -0.001 -28"><span class='ocrx_word' id='word_1_97' title='bbox 262 1648 360 1733; x_wconf 81' lang='lat' dir='ltr'>verit</span> <span class='ocrx_word' id='word_1_98' title='bbox 387 1674 533 1756; x_wconf 82' lang='lat' dir='ltr'>corpus</span> <span class='ocrx_word' id='word_1_99' title='bbox 559 1657 597 1736; x_wconf 83' lang='lat' dir='ltr'>ct</span> <span class='ocrx_word' id='word_1_100' title='bbox 622 1650 862 1761; x_wconf 67' lang='lat' dir='ltr'>scrryuiocm</span> <span class='ocrx_word' id='word_1_101' title='bbox 891 1649 1062 1736; x_wconf 75' lang='lat' dir='ltr'>Domini</span> <span class='ocrx_word' id='word_1_102' title='bbox 1090 1649 1218 1736; x_wconf 85' lang='lat' dir='ltr'>uoslri</span> <span class='ocrx_word' id='word_1_103' title='bbox 1245 1649 1350 1734; x_wconf 80' lang='lat' dir='ltr'>Jcsu</span> <span class='ocrx_word' id='word_1_104' title='bbox 1371 1649 1552 1750; x_wconf 66' lang='lat' dir='ltr'>curuli,</span> <span class='ocrx_word' id='word_1_105' title='bbox 1582 1676 1675 1732; x_wconf 82' lang='lat' dir='ltr'>rcus·</span> 
     </span>
     <span class='ocr_line' id='line_1_12' title="bbox 261 1779 1676 1890; baseline -0.002 -27"><span class='ocrx_word' id='word_1_106' title='bbox 261 1779 336 1864; x_wconf 82' lang='lat' dir='ltr'>crit</span> <span class='ocrx_word' id='word_1_107' title='bbox 373 1779 554 1885; x_wconf 75' lang='lat' dir='ltr'>corporis</span> <span class='ocrx_word' id='word_1_108' title='bbox 582 1783 875 1890; x_wconf 58' lang='lat' dir='ltr'>ct‘souyuiuis</span> <span class='ocrx_word' id='word_1_109' title='bbox 915 1781 1085 1867; x_wconf 77' lang='lat' dir='ltr'>Domini</span> <span class='ocrx_word' id='word_1_110' title='bbox 1122 1787 1164 1864; x_wconf 86' lang='lat' dir='ltr'>et</span> <span class='ocrx_word' id='word_1_111' title='bbox 1198 1780 1314 1889; x_wconf 85' lang='lat' dir='ltr'>reliq.</span> <span class='ocrx_word' id='word_1_112' title='bbox 1366 1779 1421 1863; x_wconf 52' lang='lat' dir='ltr'>‘lu</span> <span class='ocrx_word' id='word_1_113' title='bbox 1462 1781 1539 1864; x_wconf 85' lang='lat' dir='ltr'>lroo</span> <span class='ocrx_word' id='word_1_114' title='bbox 1581 1808 1676 1862; x_wconf 86' lang='lat' dir='ltr'>vero</span> 
     </span>
     <span class='ocr_line' id='line_1_13' title="bbox 262 1909 1676 2020; baseline -0.001 -27"><span class='ocrx_word' id='word_1_115' title='bbox 262 1910 368 2020; x_wconf 87' lang='lat' dir='ltr'>quod</span> <span class='ocrx_word' id='word_1_116' title='bbox 410 1911 596 2020; x_wconf 79' lang='lat' dir='ltr'>superius</span> <span class='ocrx_word' id='word_1_117' title='bbox 631 1911 759 1998; x_wconf 84' lang='lat' dir='ltr'>dixit:</span> <span class='ocrx_word' id='word_1_118' title='bbox 800 1913 923 2010; x_wconf 82' lang='lat' dir='ltr'>scial,</span> <span class='ocrx_word' id='word_1_119' title='bbox 963 1938 1006 1996; x_wconf 84' lang='lat' dir='ltr'>sc</span> <span class='ocrx_word' id='word_1_120' title='bbox 1034 1938 1188 1996; x_wconf 85' lang='lat' dir='ltr'>comem</span> <span class='ocrx_word' id='word_1_121' title='bbox 1215 1913 1378 2018; x_wconf 73' lang='lat' dir='ltr'>rcyulcc</span> <span class='ocrx_word' id='word_1_122' title='bbox 1415 1909 1676 2016; x_wconf 78' lang='lat' dir='ltr'>disciplinam</span> 
     </span>
    </p>
   </div>
   <div class='ocr_carea' id='block_1_5' title="bbox 260 2041 1905 2162">
    <p class='ocr_par' dir='ltr' id='par_1_5' title="bbox 260 2041 1905 2162">
     <span class='ocr_line' id='line_1_14' title="bbox 260 2041 1905 2162; baseline 0.001 -38"><span class='ocrx_word' id='word_1_123' title='bbox 260 2045 525 2143; x_wconf 74' lang='grc' dir='ltr'><strong>ιιιίιιιιίιινιιιιι,</strong></span> <span class='ocrx_word' id='word_1_124' title='bbox 555 2066 625 2129; x_wconf 82' lang='lat' dir='ltr'>uec</span> <span class='ocrx_word' id='word_1_125' title='bbox 641 2041 799 2150; x_wconf 80' lang='lat' dir='ltr'>aliquid</span> <span class='ocrx_word' id='word_1_126' title='bbox 828 2043 867 2128; x_wconf 88' lang='lat' dir='ltr'>ci</span> <span class='ocrx_word' id='word_1_127' title='bbox 884 2041 1146 2146; x_wconf 69' lang='lat' dir='ltr'>recumbitur,</span> <span class='ocrx_word' id='word_1_128' title='bbox 1176 2047 1218 2125; x_wconf 84' lang='lat' dir='ltr'>ot</span> <span class='ocrx_word' id='word_1_129' title='bbox 1248 2069 1355 2127; x_wconf 91' lang='lat' dir='ltr'>uuuc</span> <span class='ocrx_word' id='word_1_130' title='bbox 1385 2041 1504 2126; x_wconf 79' lang='lat' dir='ltr'>dicit:</span> <span class='ocrx_word' id='word_1_131' title='bbox 1533 2041 1677 2141; x_wconf 74' lang='lat' dir='ltr'>scieris,</span> <span class='ocrx_word' id='word_1_132' title='bbox 1746 2109 1749 2114; x_wconf 93' lang='lat'>.</span> <span class='ocrx_word' id='word_1_133' title='bbox 1822 2103 1824 2108; x_wconf 85' lang='lat'>-</span> <span class='ocrx_word' id='word_1_134' title='bbox 1900 2075 1905 2162; x_wconf 21' lang='grc' dir='ltr'>ζ</span> 
     </span>
    </p>
   </div>
   <div class='ocr_carea' id='block_1_6' title="bbox 261 2167 1722 2282">
    <p class='ocr_par' dir='ltr' id='par_1_6' title="bbox 261 2167 1722 2282">
     <span class='ocr_line' id='line_1_15' title="bbox 261 2167 1722 2282; baseline -0.001 -32"><span class='ocrx_word' id='word_1_135' title='bbox 261 2195 303 2250; x_wconf 77' lang='lat' dir='ltr'>cc</span> <span class='ocrx_word' id='word_1_136' title='bbox 330 2167 572 2276; x_wconf 73' lang='lat' dir='ltr'>discipliuae</span> <span class='ocrx_word' id='word_1_137' title='bbox 599 2171 779 2282; x_wconf 70' lang='lat' dir='ltr'>reyrrluri</span> <span class='ocrx_word' id='word_1_138' title='bbox 808 2173 1023 2276; x_wconf 67' lang='lat' dir='ltr'>srrtdiluuu</span> <span class='ocrx_word' id='word_1_139' title='bbox 1052 2179 1088 2256; x_wconf 89' lang='lat' dir='ltr'>ct</span> <span class='ocrx_word' id='word_1_140' title='bbox 1118 2173 1250 2282; x_wconf 61' lang='lat' dir='ltr'>circuis</span> <span class='ocrx_word' id='word_1_141' title='bbox 1278 2171 1516 2258; x_wconf 81' lang='lat' dir='ltr'>lrrrruilitutis·</span> <span class='ocrx_word' id='word_1_142' title='bbox 1545 2199 1676 2254; x_wconf 78' lang='lat' dir='ltr'>cucm·</span> <span class='ocrx_word' id='word_1_143' title='bbox 1717 2235 1722 2247; x_wconf 94' lang='lat'>.</span> 
     </span>
    </p>
   </div>
   <div class='ocr_carea' id='block_1_7' title="bbox 260 2299 1820 2554">
    <p class='ocr_par' dir='ltr' id='par_1_7' title="bbox 260 2299 1820 2554">
     <span class='ocr_line' id='line_1_16' title="bbox 260 2299 1820 2412; baseline 0.001 -32"><span class='ocrx_word' id='word_1_144' title='bbox 260 2299 372 2405; x_wconf 77' lang='lat' dir='ltr'>plum</span> <span class='ocrx_word' id='word_1_145' title='bbox 408 2301 704 2408; x_wconf 77' lang='lat' dir='ltr'>oruuidusdcl,</span> <span class='ocrx_word' id='word_1_146' title='bbox 735 2302 1271 2412; x_wconf 76' lang='lat' dir='ltr'>duluriutelligi‚1rltrrrr</span> <span class='ocrx_word' id='word_1_147' title='bbox 1312 2302 1352 2385; x_wconf 92' lang='lat' dir='ltr'>iu</span> <span class='ocrx_word' id='word_1_148' title='bbox 1391 2301 1673 2386; x_wconf 85' lang='lat' dir='ltr'>udruouitiouo</span> <span class='ocrx_word' id='word_1_149' title='bbox 1715 2351 1750 2397; x_wconf 54' lang='lat'>·‚</span> <span class='ocrx_word' id='word_1_150' title='bbox 1818 2377 1820 2382; x_wconf 85' lang='grc'><em>,</em></span> 
     </span>
     <span class='ocr_line' id='line_1_17' title="bbox 264 2433 1800 2554; baseline 0.002 -41"><span class='ocrx_word' id='word_1_151' title='bbox 264 2436 418 2516; x_wconf 86' lang='lat' dir='ltr'>secreto</span> <span class='ocrx_word' id='word_1_152' title='bbox 445 2461 567 2542; x_wconf 87' lang='lat' dir='ltr'>quam</span> <span class='ocrx_word' id='word_1_153' title='bbox 597 2433 640 2518; x_wconf 90' lang='lat' dir='ltr'>iu</span> <span class='ocrx_word' id='word_1_154' title='bbox 669 2433 834 2544; x_wconf 84' lang='lat' dir='ltr'>publicu</span> <span class='ocrx_word' id='word_1_155' title='bbox 861 2433 1120 2545; x_wconf 85' lang='lat' dir='ltr'>correptione</span> <span class='ocrx_word' id='word_1_156' title='bbox 1150 2439 1223 2519; x_wconf 84' lang='lat' dir='ltr'>uut</span> <span class='ocrx_word' id='word_1_157' title='bbox 1251 2435 1673 2554; x_wconf 65' lang='grc' dir='ltr'>Ιιιωιιιιιιιιιιιιἰιιιιιὶοιιι·</span> <span class='ocrx_word' id='word_1_158' title='bbox 1770 2465 1800 2546; x_wconf 63' lang='lat' dir='ltr'><em>J</em></span> 
     </span>
    </p>
   </div>
   <div class='ocr_carea' id='block_1_8' title="bbox 266 2561 1786 2676">
    <p class='ocr_par' dir='ltr' id='par_1_8' title="bbox 266 2561 1786 2676">
     <span class='ocr_line' id='line_1_18' title="bbox 266 2561 1786 2676; baseline 0 -30"><span class='ocrx_word' id='word_1_159' title='bbox 266 2568 338 2646; x_wconf 84' lang='lat' dir='ltr'>aut</span> <span class='ocrx_word' id='word_1_160' title='bbox 365 2561 503 2647; x_wconf 85' lang='lat' dir='ltr'>nimiis</span> <span class='ocrx_word' id='word_1_161' title='bbox 525 2561 693 2672; x_wconf 79' lang='lat' dir='ltr'>jejuniis</span> <span class='ocrx_word' id='word_1_162' title='bbox 723 2565 786 2647; x_wconf 87' lang='lat' dir='ltr'>vel</span> <span class='ocrx_word' id='word_1_163' title='bbox 815 2564 981 2676; x_wconf 75' lang='lat' dir='ltr'>flagello</span> <span class='ocrx_word' id='word_1_164' title='bbox 1009 2571 1083 2648; x_wconf 83' lang='lat' dir='ltr'>aut</span> <span class='ocrx_word' id='word_1_165' title='bbox 1109 2567 1294 2650; x_wconf 78' lang='lat' dir='ltr'>oratioue</span> <span class='ocrx_word' id='word_1_166' title='bbox 1322 2594 1392 2649; x_wconf 86' lang='lat' dir='ltr'>scu</span> <span class='ocrx_word' id='word_1_167' title='bbox 1424 2565 1674 2674; x_wconf 75' lang='lat' dir='ltr'>expulsione,</span> <span class='ocrx_word' id='word_1_168' title='bbox 1783 2613 1786 2620; x_wconf 92' lang='lat'>·</span> 
     </span>
    </p>
   </div>
   <div class='ocr_carea' id='block_1_9' title="bbox 261 2681 1896 2805">
    <p class='ocr_par' dir='ltr' id='par_1_9' title="bbox 261 2681 1896 2805">
     <span class='ocr_line' id='line_1_19' title="bbox 261 2681 1896 2805; baseline 0.001 -30"><span class='ocrx_word' id='word_1_169' title='bbox 261 2692 366 2777; x_wconf 87' lang='lat' dir='ltr'>sicut</span> <span class='ocrx_word' id='word_1_170' title='bbox 390 2693 458 2777; x_wconf 87' lang='lat' dir='ltr'>ille</span> <span class='ocrx_word' id='word_1_171' title='bbox 480 2694 618 2796; x_wconf 76' lang='lat' dir='ltr'>laicus,</span> <span class='ocrx_word' id='word_1_172' title='bbox 643 2693 714 2805; x_wconf 92' lang='lat' dir='ltr'>qui</span> <span class='ocrx_word' id='word_1_173' title='bbox 735 2725 952 2781; x_wconf 84' lang='lat' dir='ltr'>convorsus</span> <span class='ocrx_word' id='word_1_174' title='bbox 976 2702 1040 2781; x_wconf 85' lang='lat' dir='ltr'>cst</span> <span class='ocrx_word' id='word_1_175' title='bbox 1056 2695 1097 2781; x_wconf 92' lang='lat' dir='ltr'>iu</span> <span class='ocrx_word' id='word_1_176' title='bbox 1122 2695 1425 2799; x_wconf 69' lang='lat' dir='ltr'>monesterium,</span> <span class='ocrx_word' id='word_1_177' title='bbox 1455 2696 1513 2779; x_wconf 87' lang='lat' dir='ltr'>itu</span> <span class='ocrx_word' id='word_1_178' title='bbox 1537 2702 1673 2778; x_wconf 86' lang='lat' dir='ltr'>tumen</span> <span class='ocrx_word' id='word_1_179' title='bbox 1818 2697 1822 2705; x_wconf 77' lang='grc'>’</span> <span class='ocrx_word' id='word_1_180' title='bbox 1893 2681 1896 2690; x_wconf 65' lang='grc'><strong>’</strong></span> 
     </span>
    </p>
   </div>
   <div class='ocr_carea' id='block_1_10' title="bbox 235 2823 1734 3066">
    <p class='ocr_par' dir='ltr' id='par_1_10' title="bbox 235 2823 1734 3066">
     <span class='ocr_line' id='line_1_20' title="bbox 235 2823 1732 2938; baseline -0.001 -32"><span class='ocrx_word' id='word_1_181' title='bbox 235 2823 295 2938; x_wconf 82' lang='lat' dir='ltr'>¹si</span> <span class='ocrx_word' id='word_1_182' title='bbox 325 2823 418 2908; x_wconf 87' lang='lat' dir='ltr'>tulis</span> <span class='ocrx_word' id='word_1_183' title='bbox 448 2825 584 2926; x_wconf 84' lang='lat' dir='ltr'>luerit,</span> <span class='ocrx_word' id='word_1_184' title='bbox 615 2835 661 2910; x_wconf 87' lang='lat' dir='ltr'>ut</span> <span class='ocrx_word' id='word_1_185' title='bbox 689 2825 887 2938; x_wconf 80' lang='lat' dir='ltr'>liugelluri</span> <span class='ocrx_word' id='word_1_186' title='bbox 917 2826 1172 2938; x_wconf 69' lang='lat' dir='ltr'>dignoscit,</span> <span class='ocrx_word' id='word_1_187' title='bbox 1203 2828 1444 2938; x_wconf 74' lang='lat' dir='ltr'>flagelletur.</span> <span class='ocrx_word' id='word_1_188' title='bbox 1502 2825 1544 2908; x_wconf 77' lang='lat' dir='ltr'>Si</span> <span class='ocrx_word' id='word_1_189' title='bbox 1579 2852 1674 2906; x_wconf 87' lang='lat' dir='ltr'>vero</span> <span class='ocrx_word' id='word_1_190' title='bbox 1730 2853 1732 2858; x_wconf 73' lang='grc'><strong>’</strong></span> 
     </span>
     <span class='ocr_line' id='line_1_21' title="bbox 262 2956 1734 3066; baseline -0.001 -29"><span class='ocrx_word' id='word_1_191' title='bbox 262 2962 333 3037; x_wconf 87' lang='lat' dir='ltr'>uut</span> <span class='ocrx_word' id='word_1_192' title='bbox 369 2983 490 3039; x_wconf 84' lang='lat' dir='ltr'>senex</span> <span class='ocrx_word' id='word_1_193' title='bbox 530 2962 604 3040; x_wconf 86' lang='lat' dir='ltr'>uut</span> <span class='ocrx_word' id='word_1_194' title='bbox 641 2957 804 3066; x_wconf 83' lang='lat' dir='ltr'>sapiens</span> <span class='ocrx_word' id='word_1_195' title='bbox 842 2965 915 3043; x_wconf 89' lang='lat' dir='ltr'>uut</span> <span class='ocrx_word' id='word_1_196' title='bbox 956 2957 1051 3042; x_wconf 83' lang='lat' dir='ltr'>tulis</span> <span class='ocrx_word' id='word_1_197' title='bbox 1088 2956 1313 3042; x_wconf 85' lang='lat' dir='ltr'>voluututis</span> <span class='ocrx_word' id='word_1_198' title='bbox 1343 2959 1487 3058; x_wconf 79' lang='lat' dir='ltr'>durae,</span> <span class='ocrx_word' id='word_1_199' title='bbox 1520 2959 1566 3056; x_wconf 88' lang='lat' dir='ltr'>ut</span> <span class='ocrx_word' id='word_1_200' title='bbox 1603 2985 1675 3062; x_wconf 83' lang='lat' dir='ltr'>pro</span> <span class='ocrx_word' id='word_1_201' title='bbox 1732 2977 1734 2981; x_wconf 89' lang='grc'><strong><em>·</em></strong></span> 
     </span>
    </p>
   </div>
   <div class='ocr_carea' id='block_1_11' title="bbox 191 3079 1827 3198">
    <p class='ocr_par' dir='ltr' id='par_1_11' title="bbox 191 3079 1827 3198">
     <span class='ocr_line' id='line_1_22' title="bbox 191 3079 1827 3198; baseline -0.009 -23"><span class='ocrx_word' id='word_1_202' title='bbox 191 3081 199 3104; x_wconf 85' lang='grc'><strong>’</strong></span> <span class='ocrx_word' id='word_1_203' title='bbox 265 3079 425 3196; x_wconf 66' lang='lat' dir='ltr'>duigcllo</span> <span class='ocrx_word' id='word_1_204' title='bbox 468 3087 522 3172; x_wconf 90' lang='lat' dir='ltr'>sit</span> <span class='ocrx_word' id='word_1_205' title='bbox 561 3088 820 3198; x_wconf 87' lang='lat' dir='ltr'>postmodum</span> <span class='ocrx_word' id='word_1_206' title='bbox 852 3089 990 3198; x_wconf 81' lang='lat' dir='ltr'>pejor,</span> <span class='ocrx_word' id='word_1_207' title='bbox 1033 3116 1114 3172; x_wconf 87' lang='grc' dir='ltr'><strong>ιιοιι</strong></span> <span class='ocrx_word' id='word_1_208' title='bbox 1153 3089 1276 3173; x_wconf 76' lang='lat' dir='ltr'>(lebet</span> <span class='ocrx_word' id='word_1_209' title='bbox 1316 3087 1543 3196; x_wconf 76' lang='lat' dir='ltr'>flagellari,</span> <span class='ocrx_word' id='word_1_210' title='bbox 1572 3085 1678 3168; x_wconf 83' lang='lat' dir='ltr'>sicul</span> <span class='ocrx_word' id='word_1_211' title='bbox 1766 3081 1767 3088; x_wconf 54' lang='lat'>‘</span> <span class='ocrx_word' id='word_1_212' title='bbox 1824 3111 1827 3117; x_wconf 92' lang='grc'>·</span> 
     </span>
    </p>
   </div>
   <div class='ocr_carea' id='block_1_12' title="bbox 258 3215 1777 3592">
    <p class='ocr_par' dir='ltr' id='par_1_12' title="bbox 258 3215 1777 3592">
     <span class='ocr_line' id='line_1_23' title="bbox 258 3215 1777 3329; baseline -0.003 -30"><span class='ocrx_word' id='word_1_213' title='bbox 258 3217 344 3324; x_wconf 85' lang='lat' dir='ltr'>jum</span> <span class='ocrx_word' id='word_1_214' title='bbox 364 3218 415 3302; x_wconf 77' lang='lat' dir='ltr'>(le</span> <span class='ocrx_word' id='word_1_215' title='bbox 434 3216 647 3303; x_wconf 83' lang='lat' dir='ltr'>monachis</span> <span class='ocrx_word' id='word_1_216' title='bbox 667 3217 853 3321; x_wconf 86' lang='lat' dir='ltr'>diximus,</span> <span class='ocrx_word' id='word_1_217' title='bbox 883 3219 980 3329; x_wconf 86' lang='lat' dir='ltr'>quia</span> <span class='ocrx_word' id='word_1_218' title='bbox 995 3218 1196 3304; x_wconf 77' lang='lat' dir='ltr'>medicina</span> <span class='ocrx_word' id='word_1_219' title='bbox 1215 3219 1336 3303; x_wconf 72' lang='lat' dir='ltr'>delict</span> <span class='ocrx_word' id='word_1_220' title='bbox 1359 3215 1557 3315; x_wconf 81' lang='lat' dir='ltr'>adlribcri,</span> <span class='ocrx_word' id='word_1_221' title='bbox 1591 3244 1673 3297; x_wconf 90' lang='grc' dir='ltr'><strong>ιιοιι</strong></span> <span class='ocrx_word' id='word_1_222' title='bbox 1774 3239 1777 3246; x_wconf 91' lang='grc'><strong><em>·</em></strong></span> 
     </span>
     <span class='ocr_line' id='line_1_24' title="bbox 264 3347 1673 3462; baseline 0 -32"><span class='ocrx_word' id='word_1_223' title='bbox 264 3349 421 3451; x_wconf 86' lang='lat' dir='ltr'>vulnus,</span> <span class='ocrx_word' id='word_1_224' title='bbox 452 3348 559 3459; x_wconf 83' lang='lat' dir='ltr'>quia,</span> <span class='ocrx_word' id='word_1_225' title='bbox 590 3349 673 3434; x_wconf 86' lang='lat' dir='ltr'>sive</span> <span class='ocrx_word' id='word_1_226' title='bbox 694 3350 919 3436; x_wconf 82' lang='lat' dir='ltr'>monachus</span> <span class='ocrx_word' id='word_1_227' title='bbox 947 3351 1031 3435; x_wconf 84' lang='lat' dir='ltr'>sivo</span> <span class='ocrx_word' id='word_1_228' title='bbox 1060 3351 1286 3462; x_wconf 82' lang='lat' dir='ltr'>presbyter,</span> <span class='ocrx_word' id='word_1_229' title='bbox 1317 3347 1507 3433; x_wconf 78' lang='lat' dir='ltr'>medicari</span> <span class='ocrx_word' id='word_1_230' title='bbox 1539 3347 1673 3446; x_wconf 79' lang='lat' dir='ltr'>debet,</span> 
     </span>
     <span class='ocr_line' id='line_1_25' title="bbox 262 3480 1677 3592; baseline 0.001 -32"><span class='ocrx_word' id='word_1_231' title='bbox 262 3507 344 3563; x_wconf 89' lang='lat' dir='ltr'>nou</span> <span class='ocrx_word' id='word_1_232' title='bbox 386 3480 601 3566; x_wconf 80' lang='lat' dir='ltr'>vulnerari.</span> <span class='ocrx_word' id='word_1_233' title='bbox 669 3481 886 3566; x_wconf 79' lang='lat' dir='ltr'>Sciendum</span> <span class='ocrx_word' id='word_1_234' title='bbox 926 3489 988 3566; x_wconf 88' lang='lat' dir='ltr'>cst</span> <span class='ocrx_word' id='word_1_235' title='bbox 1028 3481 1157 3584; x_wconf 87' lang='lat' dir='ltr'>euim,</span> <span class='ocrx_word' id='word_1_236' title='bbox 1203 3484 1299 3592; x_wconf 83' lang='lat' dir='ltr'>quie</span> <span class='ocrx_word' id='word_1_237' title='bbox 1339 3481 1409 3565; x_wconf 90' lang='lat' dir='ltr'>ubi</span> <span class='ocrx_word' id='word_1_238' title='bbox 1447 3480 1549 3563; x_wconf 91' lang='lat' dir='ltr'>dicit</span> <span class='ocrx_word' id='word_1_239' title='bbox 1582 3485 1677 3583; x_wconf 80' lang='lat' dir='ltr'>post</span> 
     </span>
    </p>
   </div>
   <div class='ocr_carea' id='block_1_13' title="bbox 118 3609 1912 3985">
    <p class='ocr_par' dir='ltr' id='par_1_13' title="bbox 118 3599 1912 3985">
     <span class='ocr_line' id='line_1_26' title="bbox 262 3609 1854 3722; baseline 0.001 -32"><span class='ocrx_word' id='word_1_240' title='bbox 262 3609 440 3696; x_wconf 83' lang='lat' dir='ltr'>udbulcm</span> <span class='ocrx_word' id='word_1_241' title='bbox 468 3617 598 3714; x_wconf 77' lang='lat' dir='ltr'>staro,</span> <span class='ocrx_word' id='word_1_242' title='bbox 627 3611 719 3698; x_wconf 87' lang='lat' dir='ltr'>idco</span> <span class='ocrx_word' id='word_1_243' title='bbox 748 3613 867 3716; x_wconf 82' lang='lat' dir='ltr'>dicit,</span> <span class='ocrx_word' id='word_1_244' title='bbox 898 3611 995 3722; x_wconf 81' lang='lat' dir='ltr'>quic</span> <span class='ocrx_word' id='word_1_245' title='bbox 1022 3621 1123 3698; x_wconf 85' lang='lat' dir='ltr'>tuuc</span> <span class='ocrx_word' id='word_1_246' title='bbox 1153 3624 1272 3699; x_wconf 87' lang='lat' dir='ltr'>crunt</span> <span class='ocrx_word' id='word_1_247' title='bbox 1300 3614 1416 3722; x_wconf 81' lang='lat' dir='ltr'>pauci</span> <span class='ocrx_word' id='word_1_248' title='bbox 1446 3612 1676 3696; x_wconf 79' lang='lat' dir='ltr'>sucerrlotos</span> <span class='ocrx_word' id='word_1_249' title='bbox 1824 3609 1854 3674; x_wconf 62' lang='lat' dir='ltr'><em>s</em></span> 
     </span>
     <span class='ocr_line' id='line_1_27' title="bbox 262 3741 1912 3854; baseline 0.002 -34"><span class='ocrx_word' id='word_1_250' title='bbox 262 3745 303 3820; x_wconf 88' lang='lat' dir='ltr'>ct</span> <span class='ocrx_word' id='word_1_251' title='bbox 332 3741 509 3826; x_wconf 88' lang='lat' dir='ltr'>melioris</span> <span class='ocrx_word' id='word_1_252' title='bbox 532 3741 641 3826; x_wconf 76' lang='lat' dir='ltr'>vitae</span> <span class='ocrx_word' id='word_1_253' title='bbox 664 3772 785 3854; x_wconf 87' lang='lat' dir='ltr'>quum</span> <span class='ocrx_word' id='word_1_254' title='bbox 816 3774 925 3829; x_wconf 83' lang='lat' dir='ltr'>ruruc</span> <span class='ocrx_word' id='word_1_255' title='bbox 946 3746 1042 3848; x_wconf 79' lang='lat' dir='ltr'>siut,</span> <span class='ocrx_word' id='word_1_256' title='bbox 1075 3760 1118 3831; x_wconf 86' lang='lat' dir='ltr'>ot</span> <span class='ocrx_word' id='word_1_257' title='bbox 1140 3747 1233 3831; x_wconf 86' lang='lat' dir='ltr'>idco</span> <span class='ocrx_word' id='word_1_258' title='bbox 1259 3743 1360 3829; x_wconf 86' lang='lat' dir='ltr'>dicit</span> <span class='ocrx_word' id='word_1_259' title='bbox 1382 3749 1476 3850; x_wconf 77' lang='lat' dir='ltr'>post</span> <span class='ocrx_word' id='word_1_260' title='bbox 1493 3743 1674 3826; x_wconf 72' lang='lat' dir='ltr'>rettuleris</span> <span class='ocrx_word' id='word_1_261' title='bbox 1789 3769 1792 3775; x_wconf 91' lang='lat'><em>·</em></span> <span class='ocrx_word' id='word_1_262' title='bbox 1910 3747 1912 3752; x_wconf 81' lang='grc'><strong>’</strong></span> 
     </span>
     <span class='ocr_line' id='line_1_28' title="bbox 118 3869 1759 3985; baseline 0.001 -35"><span class='ocrx_word' id='word_1_263' title='bbox 118 3921 119 3924; x_wconf 23' lang='lat'>¹</span> <span class='ocrx_word' id='word_1_264' title='bbox 261 3877 381 3954; x_wconf 78' lang='lat' dir='ltr'>sucre.</span> <span class='ocrx_word' id='word_1_265' title='bbox 439 3869 519 3955; x_wconf 80' lang='lat' dir='ltr'>Sed</span> <span class='ocrx_word' id='word_1_266' title='bbox 551 3902 659 3958; x_wconf 88' lang='lat' dir='ltr'>nunc</span> <span class='ocrx_word' id='word_1_267' title='bbox 689 3875 739 3958; x_wconf 85' lang='lat' dir='ltr'>de</span> <span class='ocrx_word' id='word_1_268' title='bbox 777 3875 1323 3985; x_wconf 70' lang='lat' dir='ltr'>omnibustuelligenuum</span> <span class='ocrx_word' id='word_1_269' title='bbox 1354 3877 1438 3977; x_wconf 85' lang='lat' dir='ltr'>est,</span> <span class='ocrx_word' id='word_1_270' title='bbox 1466 3871 1563 3982; x_wconf 84' lang='lat' dir='ltr'>quio</span> <span class='ocrx_word' id='word_1_271' title='bbox 1591 3901 1673 3953; x_wconf 84' lang='lat' dir='ltr'>uon</span> <span class='ocrx_word' id='word_1_272' title='bbox 1756 3921 1759 3928; x_wconf 32' lang='grc' dir='ltr'><strong>ι</strong></span> 
     </span>
    </p>
   </div>
   <div class='ocr_carea' id='block_1_14' title="bbox 156 3999 1771 5050">
    <p class='ocr_par' dir='ltr' id='par_1_14' title="bbox 156 3999 1771 5050">
     <span class='ocr_line' id='line_1_29' title="bbox 262 3999 1673 4100; baseline 0 -18"><span class='ocrx_word' id='word_1_273' title='bbox 262 4026 400 4083; x_wconf 86' lang='lat' dir='ltr'>onrues</span> <span class='ocrx_word' id='word_1_274' title='bbox 428 4005 660 4090; x_wconf 78' lang='lat' dir='ltr'>sacerdotes</span> <span class='ocrx_word' id='word_1_275' title='bbox 690 4005 788 4091; x_wconf 89' lang='lat' dir='ltr'>boui</span> <span class='ocrx_word' id='word_1_276' title='bbox 816 4011 915 4091; x_wconf 90' lang='lat' dir='ltr'>suut</span> <span class='ocrx_word' id='word_1_277' title='bbox 945 4012 987 4090; x_wconf 92' lang='lat' dir='ltr'>et</span> <span class='ocrx_word' id='word_1_278' title='bbox 1015 4008 1095 4092; x_wconf 85' lang='lat' dir='ltr'>lroc</span> <span class='ocrx_word' id='word_1_279' title='bbox 1123 4005 1425 4100; x_wconf 74' lang='lat' dir='ltr'>manifestatur,</span> <span class='ocrx_word' id='word_1_280' title='bbox 1456 4001 1526 4084; x_wconf 88' lang='lat' dir='ltr'>ubi</span> <span class='ocrx_word' id='word_1_281' title='bbox 1554 3999 1673 4083; x_wconf 86' lang='lat' dir='ltr'>dicit:</span> 
     </span>
     <span class='ocr_line' id='line_1_30' title="bbox 232 4129 1673 4248; baseline -0.001 -37"><span class='ocrx_word' id='word_1_282' title='bbox 232 4129 298 4228; x_wconf 11' lang='lat' dir='ltr'>nsi</span> <span class='ocrx_word' id='word_1_283' title='bbox 322 4133 488 4235; x_wconf 72' lang='lat' dir='ltr'>jusserit</span> <span class='ocrx_word' id='word_1_284' title='bbox 515 4137 654 4222; x_wconf 80' lang='lat' dir='ltr'>ottus.</span> <span class='ocrx_word' id='word_1_285' title='bbox 706 4135 756 4220; x_wconf 92' lang='lat' dir='ltr'>lu</span> <span class='ocrx_word' id='word_1_286' title='bbox 785 4167 834 4223; x_wconf 86' lang='lat' dir='ltr'>eo</span> <span class='ocrx_word' id='word_1_287' title='bbox 863 4137 971 4248; x_wconf 90' lang='lat' dir='ltr'>quod</span> <span class='ocrx_word' id='word_1_288' title='bbox 997 4136 1095 4222; x_wconf 88' lang='lat' dir='ltr'>dicit</span> <span class='ocrx_word' id='word_1_289' title='bbox 1125 4136 1165 4220; x_wconf 82' lang='lat' dir='ltr'>si</span> <span class='ocrx_word' id='word_1_290' title='bbox 1179 4135 1353 4243; x_wconf 76' lang='lat' dir='ltr'>jusserit</span> <span class='ocrx_word' id='word_1_291' title='bbox 1376 4131 1523 4230; x_wconf 66' lang='lat' dir='ltr'>ottus·</span> <span class='ocrx_word' id='word_1_292' title='bbox 1544 4131 1673 4212; x_wconf 84' lang='lat' dir='ltr'>urani·</span> 
     </span>
     <span class='ocr_line' id='line_1_31' title="bbox 262 4225 1759 4380; baseline 0.004 -38"><span class='ocrx_word' id='word_1_293' title='bbox 262 4263 446 4366; x_wconf 74' lang='lat' dir='ltr'>restatur,</span> <span class='ocrx_word' id='word_1_294' title='bbox 476 4268 573 4377; x_wconf 82' lang='lat' dir='ltr'>quia</span> <span class='ocrx_word' id='word_1_295' title='bbox 603 4295 675 4378; x_wconf 88' lang='lat' dir='ltr'>per</span> <span class='ocrx_word' id='word_1_296' title='bbox 704 4269 991 4380; x_wconf 82' lang='lat' dir='ltr'>probutioucm</span> <span class='ocrx_word' id='word_1_297' title='bbox 1009 4267 1128 4357; x_wconf 57' lang='lat' dir='ltr'>&#39;vitae</span> <span class='ocrx_word' id='word_1_298' title='bbox 1157 4270 1281 4353; x_wconf 84' lang='lat' dir='ltr'>debet</span> <span class='ocrx_word' id='word_1_299' title='bbox 1303 4225 1458 4376; x_wconf 66' lang='lat' dir='ltr'>Jlubcro.</span> <span class='ocrx_word' id='word_1_300' title='bbox 1501 4259 1673 4369; x_wconf 83' lang='lat' dir='ltr'>thuo·</span> <span class='ocrx_word' id='word_1_301' title='bbox 1756 4341 1759 4348; x_wconf 91' lang='lat'><em>.</em></span> 
     </span>
     <span class='ocr_line' id='line_1_32' title="bbox 156 4389 1674 4507; baseline -0.003 -30"><span class='ocrx_word' id='word_1_302' title='bbox 156 4491 159 4495; x_wconf 39' lang='grc'>,</span> <span class='ocrx_word' id='word_1_303' title='bbox 263 4394 381 4479; x_wconf 92' lang='lat' dir='ltr'>modo</span> <span class='ocrx_word' id='word_1_304' title='bbox 411 4397 609 4507; x_wconf 82' lang='lat' dir='ltr'>probatur</span> <span class='ocrx_word' id='word_1_305' title='bbox 638 4399 723 4484; x_wconf 85' lang='lat' dir='ltr'>vitu</span> <span class='ocrx_word' id='word_1_306' title='bbox 750 4401 1002 4487; x_wconf 79' lang='lat' dir='ltr'>sucerdotis?</span> <span class='ocrx_word' id='word_1_307' title='bbox 1062 4401 1203 4486; x_wconf 88' lang='lat' dir='ltr'>Potest</span> <span class='ocrx_word' id='word_1_308' title='bbox 1231 4423 1304 4507; x_wconf 89' lang='lat' dir='ltr'>per</span> <span class='ocrx_word' id='word_1_309' title='bbox 1330 4399 1481 4484; x_wconf 86' lang='lat' dir='ltr'>luuram</span> <span class='ocrx_word' id='word_1_310' title='bbox 1521 4389 1674 4476; x_wconf 83' lang='lat' dir='ltr'>saucti-</span> 
     </span>
     <span class='ocr_line' id='line_1_33' title="bbox 261 4523 1673 4644; baseline -0.002 -37"><span class='ocrx_word' id='word_1_311' title='bbox 261 4525 358 4608; x_wconf 80' lang='lat' dir='ltr'>tatis</span> <span class='ocrx_word' id='word_1_312' title='bbox 386 4535 460 4612; x_wconf 83' lang='lat' dir='ltr'>aut</span> <span class='ocrx_word' id='word_1_313' title='bbox 488 4527 681 4633; x_wconf 80' lang='lat' dir='ltr'>melitius,</span> <span class='ocrx_word' id='word_1_314' title='bbox 711 4559 835 4644; x_wconf 81' lang='lat' dir='ltr'>quoru</span> <span class='ocrx_word' id='word_1_315' title='bbox 865 4531 965 4618; x_wconf 83' lang='lat' dir='ltr'>foris</span> <span class='ocrx_word' id='word_1_316' title='bbox 994 4531 1151 4632; x_wconf 81' lang='lat' dir='ltr'>hebuit,</span> <span class='ocrx_word' id='word_1_317' title='bbox 1180 4527 1265 4612; x_wconf 85' lang='lat' dir='ltr'>sive</span> <span class='ocrx_word' id='word_1_318' title='bbox 1294 4527 1435 4627; x_wconf 82' lang='lat' dir='ltr'>etium,</span> <span class='ocrx_word' id='word_1_319' title='bbox 1463 4523 1560 4635; x_wconf 85' lang='lat' dir='ltr'>quia</span> <span class='ocrx_word' id='word_1_320' title='bbox 1589 4551 1673 4606; x_wconf 88' lang='lat' dir='ltr'>nou</span> 
     </span>
     <span class='ocr_line' id='line_1_34' title="bbox 261 4641 1671 4776; baseline -0.002 -37"><span class='ocrx_word' id='word_1_321' title='bbox 261 4655 361 4742; x_wconf 92' lang='lat' dir='ltr'>dicit</span> <span class='ocrx_word' id='word_1_322' title='bbox 387 4660 554 4774; x_wconf 78' lang='lat' dir='ltr'>regulo,</span> <span class='ocrx_word' id='word_1_323' title='bbox 585 4668 632 4746; x_wconf 90' lang='lat' dir='ltr'>ut</span> <span class='ocrx_word' id='word_1_324' title='bbox 659 4667 820 4765; x_wconf 80' lang='lat' dir='ltr'>stetim,</span> <span class='ocrx_word' id='word_1_325' title='bbox 859 4693 909 4749; x_wconf 88' lang='lat' dir='ltr'>ex</span> <span class='ocrx_word' id='word_1_326' title='bbox 938 4693 1024 4776; x_wconf 90' lang='lat' dir='ltr'>quo.</span> <span class='ocrx_word' id='word_1_327' title='bbox 1048 4663 1197 4762; x_wconf 80' lang='lat' dir='ltr'>intret,</span> <span class='ocrx_word' id='word_1_328' title='bbox 1219 4641 1326 4744; x_wconf 61' lang='lat' dir='ltr'>&#39;stctl</span> <span class='ocrx_word' id='word_1_329' title='bbox 1344 4665 1439 4771; x_wconf 84' lang='lat' dir='ltr'>post</span> <span class='ocrx_word' id='word_1_330' title='bbox 1455 4655 1671 4756; x_wconf 77' lang='lat' dir='ltr'>ubbute&#39;m,</span> 
     </span>
     <span class='ocr_line' id='line_1_35' title="bbox 261 4787 1671 4933; baseline -0.002 -62"><span class='ocrx_word' id='word_1_331' title='bbox 261 4788 330 4873; x_wconf 92' lang='lat' dir='ltr'>ubi</span> <span class='ocrx_word' id='word_1_332' title='bbox 358 4793 478 4876; x_wconf 78' lang='lat' dir='ltr'>detur</span> <span class='ocrx_word' id='word_1_333' title='bbox 505 4792 696 4907; x_wconf 76' lang='lat' dir='ltr'>intelligi,</span> <span class='ocrx_word' id='word_1_334' title='bbox 725 4796 822 4909; x_wconf 81' lang='lat' dir='ltr'>quia</span> <span class='ocrx_word' id='word_1_335' title='bbox 838 4797 962 4908; x_wconf 70' lang='lat' dir='ltr'>prius</span> <span class='ocrx_word' id='word_1_336' title='bbox 981 4802 1024 4881; x_wconf 87' lang='lat' dir='ltr'>et</span> <span class='ocrx_word' id='word_1_337' title='bbox 1046 4801 1262 4906; x_wconf 79' lang='lat' dir='ltr'>postquam</span> <span class='ocrx_word' id='word_1_338' title='bbox 1288 4789 1518 4933; x_wconf 61' lang='lat' dir='ltr'>iutmverit,</span> <span class='ocrx_word' id='word_1_339' title='bbox 1548 4787 1671 4873; x_wconf 83' lang='lat' dir='ltr'>etiam</span> 
     </span>
     <span class='ocr_line' id='line_1_36' title="bbox 260 4918 1771 5050; baseline -0.003 -44"><span class='ocrx_word' id='word_1_340' title='bbox 260 4925 452 5032; x_wconf 77' lang='lat' dir='ltr'>cognosci</span> <span class='ocrx_word' id='word_1_341' title='bbox 480 4924 604 5010; x_wconf 89' lang='lat' dir='ltr'>debet</span> <span class='ocrx_word' id='word_1_342' title='bbox 630 4927 717 5038; x_wconf 83' lang='lat' dir='ltr'>ejus</span> <span class='ocrx_word' id='word_1_343' title='bbox 746 4927 844 5016; x_wconf 76' lang='lat' dir='ltr'>rite.</span> <span class='ocrx_word' id='word_1_344' title='bbox 882 4927 999 5029; x_wconf 85' lang='lat' dir='ltr'>Quod</span> <span class='ocrx_word' id='word_1_345' title='bbox 1029 4953 1126 5010; x_wconf 82' lang='lat' dir='ltr'>vero</span> <span class='ocrx_word' id='word_1_346' title='bbox 1156 4924 1262 5009; x_wconf 73' lang='lat' dir='ltr'>vitus</span> <span class='ocrx_word' id='word_1_347' title='bbox 1288 4918 1521 5050; x_wconf 74' lang='lat' dir='ltr'>cestimatio</span> <span class='ocrx_word' id='word_1_348' title='bbox 1548 4919 1673 5028; x_wconf 84' lang='lat' dir='ltr'>debet</span> <span class='ocrx_word' id='word_1_349' title='bbox 1770 4995 1771 5000; x_wconf 18' lang='grc' dir='ltr'><strong>ι</strong></span> 
     </span>
    </p>
   </div>
   <div class='ocr_carea' id='block_1_15' title="bbox 206 5209 734 5295">
    <p class='ocr_par' dir='ltr' id='par_1_15' title="bbox 206 5209 734 5295">
     <span class='ocr_line' id='line_1_37' title="bbox 206 5209 734 5295; baseline 0.009 -16"><span class='ocrx_word' id='word_1_350' title='bbox 206 5213 208 5218; x_wconf 83' lang='grc'><strong>’</strong></span> <span class='ocrx_word' id='word_1_351' title='bbox 349 5213 380 5295; x_wconf 82' lang='lat'>¹)</span> <span class='ocrx_word' id='word_1_352' title='bbox 402 5209 673 5286; x_wconf 79' lang='lat' dir='ltr'>Anucoluthom</span> <span class='ocrx_word' id='word_1_353' title='bbox 732 5215 734 5222; x_wconf 88' lang='grc'><strong>’</strong></span> 
     </span>
    </p>
   </div>
   <div class='ocr_carea' id='block_1_16' title="bbox 0 0 1970 5786">
    <p class='ocr_par' dir='ltr' id='par_1_16' title="bbox 0 0 1970 5786">
     <span class='ocr_line' id='line_1_38' title="bbox 0 0 1970 5786; baseline 0 0"><span class='ocrx_word' id='word_1_354' title='bbox 0 0 1970 5786; x_wconf 95' lang='lat' dir='ltr'> </span> 
     </span>
    </p>
   </div>
  </div>
 </body>
</html>
