3968 5774
828 165 913 262 Dap.
938 165 1116 246 xxxma
1601 177 1681 267 419

243 453 250 482 ,
276 383 542 487 licitudiuem,
572 413 620 470 eo
649 387 757 496 quod
782 389 841 473 uil
867 389 975 473 valet
997 387 1203 500 flagellum
1219 393 1281 478 vel
1302 397 1681 500 excommunicatio,

272 519 350 604 uisi
388 515 511 602 luerit
548 517 627 600 illis
666 518 852 604 custodia
882 521 923 605 iu
955 523 1166 626 oumihuS,
1203 525 1299 633 quia
1338 535 1433 634 post
1470 525 1680 636 flagellum

274 647 348 730 vel'
373 646 630 756 disciplinam
672 649 811 733 statim
853 651 1001 735 reverti
1039 654 1175 738 solent
1211 655 1262 738 ad
1292 656 1616 765 negligentiam,
1647 660 1680 741 si
1775 667 1800 684 “’

272 806 354 862 nou
384 779 562 862 viderint
583 807 706 887 super·
733 809 775 864 se
804 785 1045 890 magistrum
1071 782 1232 870 habere.
1278 785 1332 868 ht
1351 787 1430 870 hoc
1453 790 1680 873 notamdum
1752 823 1756 830 ·

197 941 200 947 ·
272 917 356 1012 est,
397 909 493 1019 quia
521 907 602 1013 illi,
632 909 702 1019 qui
733 912 810 994 sub
838 912 1025 998 caustodiu
1061 918 1182 1014 suut,
1212 941 1305 997 cum
1335 919 1578 1026 negligunt,
1609 927 1682 1002 aut
1757 993 1760 998 .

272 1039 406 1124 nimiis
440 1040 607 1148 jejuniis
635 1049 709 1125 aut
738 1041 912 1153 flagellis
949 1050 1228 1131 coerceantur.
1287 1043 1340 1128 Ec
1369 1053 1402 1130 ei
1430 1050 1488 1132 sic
1526 1049 1680 1134 factum

271 1173 415 1271 luerit,
459 1199 539 1255 nou
569 1172 749 1258 inveniet
779 1183 961 1284 ternpus,
1003 1181 1049 1256 ut
1086 1174 1144 1258 illi
1175 1175 1373 1286 flagellari
1403 1177 1581 1262 debeant
1609 1189 1680 1263 aut

271 1303 405 1387 nimiis
433 1303 673 1409 affligantur
696 1305 876 1415 jejmuiie.
934 1303 976 1388 Si
1002 1332 1097 1389 vero
1125 1333 1217 1388 cum
1248 1307 1443 1416 magistro
1473 1309 1683 1395 noluerint

270 1465 375 1536 ease,
406 1440 506 1518 turm
536 1435 689 1518 debent
719 1435 836 1520 valde
873 1435 1084 1545 flagellari.
1141 1437 1196 1521 ldt
1226 1439 1302 1522 hoc
1340 1439 1567 1526 uotmrdmu
1598 1447 1680 1524 est:

270 1571 438 1676 propter
467 1570 656 1648 naturum
688 1564 924 1669 humanam,
954 1595 1005 1648 ue
1023 1567 1250 1678 frarrgutnr,
1281 1597 1353 1678 per
1382 1569 1677 1655 hebdomadam

269 1698 334 1782 vel
361 1723 433 1806 per
462 1724 654 1797 mensem,
686 1701 809 1808 proni
827 1698 973 1782 viderit
1006 1700 1215 1807 magister,
1244 1698 1394 1782 debent
1415 1700 1474 1798 illi
1503 1701 1681 1784 infantes

267 1829 311 1911 iu
355 1834 515 1936 pratum
556 1830 621 1911 rel
660 1829 703 1913 iu
743 1827 920 1938 aliquem
958 1828 1093 1912 locum
1124 1827 1181 1912 ire
1211 1841 1253 1912 et
1290 1829 1487 1939 uraugister
1517 1829 1679 1916 illorum
1747 1931 1748 1936 Ν
1807 1842 1809 1846 ’

268 1949 360 2040 euru
385 1957 478 2061 illie,
506 1963 555 2042 ut
578 1958 761 2043 dimittat
778 1958 869 2043 illos
886 1959 1017 2067 jocari
1036 1987 1164 2066 usque
1184 1987 1307 2042 uuam
1326 1958 1482 2046 horam.
1525 1963 1680 2046 Deinde

270 2088 391 2171 debet
419 2087 569 2170 ilerum
599 2087 750 2174 habere
778 2088 1006 2173 custodiam
1035 2116 1157 2199 snper
1185 2087 1278 2172 illos
1307 2117 1510 2199 maguam.
1552 2095 1681 2179 Debet

241 2220 392 2316 vctiam
431 2219 540 2302 bonu
568 2218 813 2302 vestimenta
848 2219 929 2302 illis
965 2220 1062 2303 dam
1100 2221 1226 2306 abbae
1256 2229 1299 2305 ct
1327 2222 1456 2331 pisces
1484 2224 1535 2308 ad
1565 2254 1679 2307 raram·

269 2349 499 2434 ducendum
540 2349 604 2433 vel
647 2348 708 2433 lac
747 2357 820 2433 ant
855 2351 1075 2460 butyr·uur;
1115 2379 1257 2438 carues
1293 2380 1388 2436 vero
1418 2383 1490 2464 per
1519 2361 1680 2465 terupus
1777 2415 1779 2420 .
1862 2449 1863 2452 Ν

267 2481 588 2593 quadrupedum,
617 2479 644 2567 i.
675 2511 712 2568 e.
742 2481 784 2565 iu
816 2480 1044 2566 Nativitutc
1077 2482 1241 2567 Domini
1272 2482 1334 2564 uel
1363 2482 1405 2566 in
1426 2481 1582 2567 Pascha
1608 2490 1680 2566 aaut
1806 2509 1807 2512 ‘
1921 2473 1945 2598 ¹⁴

124 2643 128 2656 ·
268 2615 536 2697 Pentecosten
578 2612 639 2696 vel
680 2615 722 2696 iu
761 2611 1109 2697 sollemnitatibus
1152 2618 1411 2711 saturatorum,
1441 2620 1535 2698 aul¹
1557 2625 1680 2722 prout

133 2761 135 2765 ’
267 2743 439 2846 viderit,
478 2772 564 2827 esee
603 2743 804 2826 infantem
835 2741 1039 2842 debilem,
1066 2747 1239 2852 propter
1273 2743 1526 2826 debilitatem
1569 2745 1680 2828 illiue

267 2874 520 2983 frequentius
548 2873 608 2956 illi
638 2874 761 2959 dehet
788 2874 885 2957 diue
926 2902 1078 2960 carues.
1139 2873 1224 2957 lllis
1262 2879 1398 2958 autem
1440 2875 1679 2977 infantibus,

265 3004 369 3087 aient
408 3004 607 3103 diximus,
638 3005 776 3088 onmia
805 3005 1029 3088 necessaria
1058 3005 1237 3088 tribuere
1267 3003 1415 3106 debet,
1445 3021 1491 3088 ut
1522 3007 1675 3090 nullam

194 3199 196 3202 -
266 3134 539 3244 indigentiam
570 3136 763 3242 habeant,
797 3133 955 3244 quiesi
985 3135 1028 3220 iu
1057 3135 1312 3220 abundantia
1342 3137 1497 3218 suerint
1518 3138 1677 3238 nutriti,

262 3293 353 3351 cum
383 3267 537 3351 fuerint
566 3268 753 3376 majores,
785 3267 1012 3356 ruorrilhuu
1042 3257 1292 3376 requirunt(
1330 3265 1419 3352 Hoc
1449 3269 1673 3354 notandum

262 3400 336 3499 est,
365 3385 462 3508 quia
480 3399 602 3504 ,iuxta
620 3405 780 3509 tempus
804 3399 952 3484 aetatis
971 3426 1070 3482 suae
1089 3397 1213 3481 debet
1230 3395 1310 3480 illis
1330 3398 1510 3481 tribuere
1530 3411 1670 3482 carues

261 3529 593 3640 quadrupedum,
633 3559 682 3613 eo
722 3531 828 3642 quod
866 3530 957 3638 plus
996 3528 1159 3640 indiget
1187 3536 1229 3611 et
1257 3555 1360 3639 opus
1395 3519 1476 3631 eet,
1507 3530 1671 3614 cumin

260 3661 384 3743 tertio
413 3688 523 3746 anuo
552 3665 628 3762 est,
658 3685 800 3744 carues
830 3654 1088 3759 nrandueare,
1119 3658 1266 3744 deiude
1290 3659 1336 3742 iu
1356 3667 1505 3768 quarto
1525 3661 1672 3762 minue,

260 3793 374 3876 etin
404 3791 551 3903 quinto
579 3791 672 3904 plus
701 3795 865 3893 miuus;
895 3793 1040 3876 deiude
1070 3819 1197 3900 usque
1226 3789 1427 3874 decimum
1457 3791 1520 3874 vel
1543 3795 1672 3875 uude·

260 3927 409 4012 cimam
440 3954 582 4012 carues
612 3926 921 4037 quadrupedum
953 3926 1087 4008 uaiuus
1128 3923 1373 4007 manducare
1401 3923 1564 4012 debent.
1625 3921 1671 4006 hr
1821 4009 1825 4019 ,

111 4055 114 4062 ’
259 4060 499 4146 infirmitate
538 4066 674 4145 autem
704 4056 768 4142 vel
805 4056 1020 4141 debilitate
1047 4056 1171 4141 debet
1211 4055 1293 4139 illis
1321 4083 1462 4170 carnes
1491 4057 1669 4166 quadru-

259 4194 407 4303 pedum
438 4193 547 4296 dare,
577 4193 776 4302 quantum
808 4193 969 4276 ueces'se
996 4196 1070 4274 est.
1130 4187 1288 4273 Deinde
1318 4216 1444 4299 usque
1472 4187 1523 4272 ad
1550 4185 1669 4296 quiu-
1805 4241 1810 4250 ·

258 4331 345 4409 tum
384 4325 586 4412 decimum
623 4350 776 4410 auruum
815 4321 940 4406 alium
980 4321 1117 4406 cibum
1146 4320 1268 4405 dehet
1296 4320 1375 4404 illis
1404 4318 1513 4406 dare.
1573 4319 1671 4403 Post

257 4456 445 4567 quintum
489 4455 702 4542 decimum,
733 4481 831 4566 vero
867 4481 1023 4538 aunum
1052 4480 1135 4539 uon
1178 4451 1442 4562 praeveniunt
1482 4451 1668 4560 urrajores.
1746 4475 1749 4482 ·
1825 4455 1827 4460 '

257 4587 358 4671 Cum
379 4616 487 4682 ,veru
515 4613 599 4671 uou
629 4584 901 4697 praeveniunt
927 4583 1049 4669 horae
1077 4584 1304 4685 caruerimus,
1334 4581 1455 4666 sicuti
1484 4609 1590 4667 currus
1620 4578 1670 4666 de

258 4719 479 4829 majoribus
507 4717 559 4802 de
586 4719 662 4804 tali
692 4745 882 4802 mensura
909 4715 1094 4802 conteuti
1135 4713 1286 4798 debent
1318 4741 1416 4797 esse.
1474 4711 1567 4798 Hoc
1595 4742 1670 4796 no-

255 4849 425 4935 tandum
443 4855 517 4951 eet,
546 4844 644 4959 quia
662 4849 786 4936 <lebet
808 4848 931 4934 etiam
953 4847 1094 4951 abbas,
1123 4845 1156 4930 ei
1186 4843 1332 4930 viderit
1343 4843 1431 4953 jum
1451 4843 1666 4952 infantem,

255 4982 326 5089 qui
355 4980 544 5092 religioso
572 5010 616 5066 ae
644 4981 832 5066 continet
859 4988 982 5089 atque
1012 4974 1162 5064 borram
1190 4977 1316 5061 vitam
1346 4975 1485 5080 habet,
1515 4976 1667 5062 de·illo

254 5141 480 5197 earcuouem
510 5111 646 5196 elicere
666 5110 708 5196 in
729 5112 924 5220 capitulo,
957 5117 1002 5193 ut
1023 5109 1105 5206 ille,
1136 5135 1227 5192 eum
1248 5105 1327 5192 hoc
1354 5105 1542 5209 audierit,
1562 5108 1668 5192 ‘seim

1355 5243 1444 5328 aa·
1575 5251 1603 5364 '.
