3994 5770
878 256 1030 350 caut
1449 335 1451 338 .
1539 263 1664 346 ,rou
1953 203 1955 208 ’

255 493 389 574 nutem
419 481 509 566 vuit
532 479 689 586 ⁸ioouri,
732 477 926 562 luxuriari
955 481 998 560 et
1027 505 1194 579 nonore,
1233 486 1276 564 et
1309 485 1446 564 eetern
1472 478 1664 566 cornelio.
1717 533 1719 538 =

257 619 309 703 itt
335 622 434 698 tune
464 611 586 694 debet
625 611 759 695 diemo
797 617 929 693 omnis
958 607 1233 696 Christianus:
1273 609 1369 692 Nou
1403 611 1493 693 verri
1528 611 1666 714 saeuo

254 749 492 832 uutrurtuteru
519 766 664 840 uremu,
693 739 765 826 sert
792 739 1129 846 circumtonuit
1157 766 1231 841 ruo,
1258 769 1312 825 ue·
1334 741 1367 824 ei
1396 741 1524 826 diunt:
1568 739 1662 824 Nou

255 878 346 964 veui
373 877 508 962 fnoere
530 873 787 958 voluntatem
818 899 961 972 meum,
991 871 1062 954 ned
1087 870 1186 979 ejus,
1215 871 1330 981 enjus
1360 872 1556 956 instinotn
1585 871 1664 955 iuro
1741 867 1744 873 ’
1782 955 1795 973 ..
1908 873 1911 880 ‘

255 1011 358 1098 reni.
416 1004 576 1092 Deinde
606 1008 741 1114 potest
769 1003 849 1088 boo
870 1001 994 1088 etium
1013 1004 1189 1088 attinere
1210 1001 1262 1088 nd
1285 1002 1542 1104 monachum,
1570 1031 1662 1089 eum

254 1150 315 1228 est
337 1142 495 1251 juretus,
540 1137 720 1247 aliquam
761 1162 946 1223 exercere
989 1134 1288 1238 obedientiam,
1331 1142 1373 1222 et
1413 1141 1475 1221 eut
1503 1137 1547 1222 iu
1576 1137 1664 1246 ipso

254 1270 487 1358 obedientie
523 1268 698 1370 duritia,
740 1269 871 1379 frigus
909 1273 982 1356 nut
1021 1270 1160 1380 niiqnu
1195 1269 1415 1358 necessum·
1452 1268 1537 1353 sire
1566 1281 1681 1353 oou·'

255 1402 452 1490 tmrietnn.
509 1399 626 1485 'Pune
654 1400 776 1484 debet
797 1401 951 1486 dicere:
983 1399 1022 1485 N
1025 1429 1078 1486 on
1103 1401 1234 1486 debeo
1257 1402 1511 1486 voluptutem
1531 1402 1663 1484 ouruie
1728 1421 1733 1432 ·
1773 1483 1775 1494 ,

229 1529 404 1632 tumre,
444 1533 471 1618 i.
501 1560 535 1615 e.
566 1530 771 1616 dimittere
801 1530 907 1616 imno
937 1531 1229 1632 obedientiam,
1260 1530 1380 1616 eiouti
1408 1532 1521 1617 nurui
1551 1561 1664 1634 ruens*¹
1728 1537 1732 1549 '

256 1669 398 1780 piacet,
427 1665 497 1748 sed
525 1664 626 1773 ejus,
653 1661 681 1746 i.
711 1692 745 1751 e.
774 1663 936 1748 obbatis
964 1651 1094 1748 debeo
1128 1665 1261 1751 faeere
1290 1665 1566 1766 voluntatem,
1593 1666 1663 1775 qni
1735 1677 1739 1684 '

254 1827 316 1883 ure
345 1797 386 1880 iu
415 1794 523 1880 huno
553 1793 827 1880 obedientiam
856 1796 985 1880 misit.

361 1926 575 2036 Sequitur:
607 1927 690 2012 Sed
715 1926 813 2012 irone
840 1928 934 2032 ipsu
951 1926 1176 2014 obedio-utin
1201 1935 1296 2014 tuno
1314 1929 1572 2036 acceptabilis
1589 1929 1665 2016 urit
1724 2020 1727 2028 Α
1953 1951 1956 1960 ·

254 2063 340 2148 uu
369 2065 408 2178 ot
434 2055 566 2142 duleis
594 2056 834 2160 imrrriuiduu,
863 2060 914 2164 ri,
943 2061 1048 2166 puori
1066 2061 1243 2166 jrdretur,
1273 2085 1352 2145 rrou
1380 2063 1547 2167 trepido,
1584 2089 1662 2146 uon
1733 2073 1777 2174 ...ᾗ

255 2194 379 2295 turdo,
408 2215 489 2275 uorr
518 2187 648 2296 tepido
668 2195 737 2272 rud
764 2215 852 2274 oum
873 2218 1077 2276 ruruuuuu
1091 2191 1151 2277 noi
1174 2219 1262 2278 ouru
1283 2218 1477 2298 respoum
1494 2191 1665 2298 uolentis
1738 2195 1759 2310 Ἰ

176 2347 179 2352 ·
252 2328 434 2431 officitur.
476 2321 640 2422 Quare?
680 2319 786 2426 (puio
804 2323 1038 2426 (diudicetur,
1068 2349 1169 2431 prum
1190 2325 1414 2428 rrtujoridun
1434 2325 1663 2430 pertundetur,
1781 2425 1784 2432 .
1934 2359 1937 2366 ·

252 2457 339 2550 Deo
366 2454 584 2540 rniridotur.
641 2456 743 2540 Cum
785 2456 886 2542 dicit
927 2455 1179 2561 innodentur,
1221 2456 1544 2542 mrbnudieurlnnr
1582 2463 1662 2542 est:

254 2589 382 2674 bonis.
431 2587 621 2698 diupide,
642 2587 669 2674 i.
685 2616 719 2674 e.
736 2588 988 2694 dubitanter,
1010 2589 1090 2673 hoo
1104 2592 1178 2694 ent,
1204 2616 1286 2672 nou
1302 2589 1424 2672 debet
1438 2589 1665 2674 nrormobuu
1690 2695 1701 2710 β

252 2721 551 2810 dubitationem
583 2717 747 2823 bebere,
776 2721 943 2830 quondo
973 2720 1125 2822 obedit,
1154 2723 1294 2804 utrum
1323 2748 1405 2804 uon
1437 2722 1578 2831 posuit,
1608 2751 1662 2806 mr

253 2852 381 2966 possit
420 2852 565 2938 faeere.
632 2848 689 2938 Et
725 2856 943 2964 propterea
990 2853 1091 2937 dieit
1137 2876 1218 2934 nou
1254 2853 1391 2969 turdo,
1433 2853 1529 2964 quin
1568 2862 1665 2937 eunt

255 2984 387 3090 uuilti,
428 2982 499 3093 qni
540 2983 583 3068 iu
614 2981 814 3092 principio
843 2982 1101 3070 obedieutiae
1143 3011 1185 3066 ne
1225 2983 1416 3086 tnrdnnt,
1458 2985 1485 3072 i.
1515 3012 1550 3074 e.
1580 3014 1662 3069 non
1821 2999 1849 3091 ἰ

250 3116 332 3200 eito
360 3121 565 3228 peragunt
574 3143 585 3220 3
625 3119 668 3200 et
695 3121 792 3200 eunt
831 3115 925 3218 otii,
969 3114 1112 3226 quiin
1153 3115 1287 3200 medie
1316 3117 1550 3204 obedientia
1577 3124 1685 3230 torf
1750 3155 1764 3226 „2'

251 3249 419 3348 durrturz
458 3254 501 3333 et
529 3245 621 3350 ulii,
663 3246 734 3355 qni
763 3247 806 3332 iu
834 3247 916 3335 tine
945 3249 1114 3337 tondunt
1141 3275 1195 3331 se.
1254 3247 1351 3331 Nou
1377 3249 1531 3354 tepido,
1571 3249 1598 3334 i.
1629 3279 1695 3350 o„

252 3378 519 3490 negligenter,
551 3406 634 3463 nou
663 3379 858 3468 studiose.
915 3381 1024 3466 Sunt
1051 3380 1183 3481 mniti,
1231 3379 1301 3490 qni
1330 3377 1529 3464 obediunt
1558 3379 1665 3490 patri

250 3511 504 3598 solummodo
542 3510 705 3622 trepide
744 3516 788 3598 et
828 3540 911 3600 non
949 3513 1084 3615 tarde,
1124 3541 1206 3596 non
1244 3509 1407 3622 tepide,
1447 3537 1532 3596 „0¹1
1572 3537 1666 3594 oum
1838 3493 1841 3501 .
1913 3493 1916 3498 ,
1955 3485 1956 3490 r

252 3669 467 3746 nrurmure,
497 3671 582 3730 non
611 3669 702 3733 cunr
732 3671 930 3752 responso
960 3641 1151 3731 nolentis.
1210 3639 1267 3730 nt
1292 3642 1442 3745 iterum
1465 3648 1563 3730 uuirt
1583 3641 1666 3744 olii,
1800 3637 1809 3647 ,γ

251 3773 320 3888 qui
348 3774 465 3862 tnrde
492 3779 565 3862 out
594 3775 637 3863 in
667 3775 801 3864 medio
827 3782 901 3863 out
930 3775 973 3863 in
998 3775 1198 3890 prinoipio
1223 3773 1288 3862 rel
1317 3771 1360 3860 iu
1387 3773 1481 3877 flue,
1510 3775 1554 3858 et
1582 3799 1665 3858 nou

250 3905 429 4019 trepide,
472 3935 557 3994 uon
597 3907 735 4022 tepide
770 3913 843 3994 nut
885 3936 977 3995 euru
1019 3935 1228 3996 murmure
1256 3903 1319 3992 vel
1349 3931 1441 3992 euru
1473 3931 1664 4018 responso

252 4039 427 4125 uolentis
456 4041 656 4130 efficiunt.
713 4041 865 4127 Iterum
894 4048 992 4128 snut
1020 4044 1104 4148 aiii,
1133 4043 1203 4156 qni
1233 4070 1324 4128 eum
1353 4065 1583 4141 murmure,
1623 4043 1665 4124 et

250 4199 333 4256 uon
362 4201 454 4259 enm
483 4199 680 4284 responso
718 4175 919 4280 nolentis,
961 4205 1044 4262 nou
1079 4175 1242 4288 tepide,
1283 4203 1367 4258 nou
1396 4173 1536 4276 terde,
1581 4201 1663 4298 nou
1758 4161 1761 4176 '

251 4305 421 4418 trepide,
452 4313 494 4392 et
521 4307 619 4392 uuirt
646 4305 729 4408 elii,
758 4305 830 4418 qni
858 4336 949 4394 eum
971 4337 1167 4420 responso
1186 4307 1379 4410 nolentis,
1410 4307 1518 4417 qnod
1551 4307 1666 4417 pejus
1801 4367 1803 4372 -
1870 4373 1874 4390 .

252 4447 314 4524 eut
334 4439 398 4526 hin
422 4439 625 4543 omnibue,
656 4447 698 4526 et
721 4468 805 4526 nou
824 4440 996 4551 trepide,
1025 4469 1109 4527 non
1136 4439 1265 4544 tnrde,
1295 4467 1378 4525 non
1398 4437 1549 4548 tepide,
1579 4467 1661 4522 uou
1720 4472 1723 4478 ³
1778 4519 1781 4526 ,
1828 4471 1830 4477 “

252 4599 344 4654 euru
386 4599 592 4660 murmure
621 4573 833 4659 obediunt.
889 4573 1106 4658 Murmure
1147 4574 1299 4659 attinet
1331 4569 1382 4656 ed
1411 4570 1553 4673 illum,
1594 4567 1664 4680 qui

247 4683 346 4811 prist
374 4704 540 4791 dorsum
570 4704 731 4790 obbatis
760 4710 1011 4805 mnrmmntr
1049 4729 1287 4812 remmusuuu
1313 4699 1485 4789 rudentis
1511 4699 1665 4810 attinet

253 4833 303 4918 nd
332 4835 462 4940 illum,
491 4835 636 4948 quiin
665 4841 888 4947 conspeetu
917 4833 1066 4946 prioris
1092 4836 1326 4947 reupondet,
1354 4863 1397 4919 ee
1425 4834 1547 4922 nolle.
1664 4869 1668 4878 ·
1758 4841 1760 4848 ’

362 4959 578 5079 Sequiturr
618 4967 717 5075 puio
755 4967 1000 5071 odedientia,
1038 4992 1139 5074 ptrue
1178 4965 1404 5073 niujoribus
1437 4927 1665 5072 praebetur,

254 5093 341 5182 Deo
368 5097 583 5184 uolribetur.
643 5090 779 5186 Debet
806 5101 913 5187 euim
944 5099 1073 5184 olibae
1101 5099 1347 5218 monentium
1376 5095 1597 5184 admonere
1626 5102 1724 5200 ot3
1810 5111 1835 5171 f

255 5223 409 5315 borturi
439 5229 631 5334 illurn,
597 5260 632 5314 ru
660 5260 750 5316 euru
783 5231 933 5316 viderit
961 5231 1137 5344 pigrum,
1167 5236 1326 5314 seoreto
1356 5229 1517 5315 dieens.
1548 5225 1666 5328 Vide,

1192 5371 1200 5386 '
1268 5415 1272 5430 ·
1407 5365 1480 5448 13*
