3994 5770
221 219 306 360 202¹
801 273 998 368 eunuc
1076 364 1079 372 ,
1188 327 1191 335 =

225 491 270 576 ln
303 493 380 580 boc
409 495 526 602 luco,
555 491 648 610 burn
676 495 792 597 dicit,
820 525 954 582 rurum
983 495 1193 582 licentium
1221 495 1310 580 duri
1339 463 1530 606 perleclis
1555 497 1639 580 dis·
1707 607 1711 616 .

75 645 79 742 J
223 624 369 736 cipulis
388 625 583 734 loquendi
602 621 790 712 debonis
814 633 857 712 et
873 629 1027 712 eunctis
1045 631 1088 712 et·
1106 627 1434 720 oedilicntiounru
1450 627 1636 736 eloquiis,

222 754 565 864 subintelligitur,
594 763 642 842 ιιι
669 756 923 868 imperfectis
951 756 1162 866 discipulis
1183 758 1246 843 vel
1265 758 1404 844 stultis
1422 786 1634 866 uunquam

223 883 415 993 loquendi
446 883 613 971 lieentia
635 888 886 986 concedetur
914 881 1146 996 praeterio
1173 887 1409 988 necessariis
1437 887 1521 970 suis
1548 892 1634 970 tom

220 1013 476 1120 spiritulibus
504 1043 628 1124 quom
656 1017 782 1100 etiem
811 1015 1108 1124 corporalibus.
1164 1013 1288 1101 Nunc
1312 1017 1531 1100 videndum
1559 1021 1636 1114 est,

225 1135 421 1251 quisunt
448 1149 620 1254 perlecti
655 1146 870 1257 discipuli,
914 1145 1063 1253 quibus
1100 1173 1194 1228 rum
1233 1144 1402 1230 lieentia
1441 1145 1635 1252 loquendi

80 1287 82 1292 ’
146 1317 149 1324 -
221 1274 484 1364 concedetur.
540 1277 649 1362 Sunt
695 1278 805 1362 enim
846 1275 989 1377 multi,
1029 1277 1100 1384 qui
1143 1277 1256 1360 bene
1297 1280 1470 1386 possunt
1512 1275 1637 1378 intel·

220 1402 348 1515 ligere
395 1415 438 1492 et
485 1415 670 1494 sanctam
716 1407 1071 1493 conversationem
1113 1408 1292 1508 hebent;
1332 1413 1374 1491 et
1413 1413 1511 1490 suut
1548 1407 1633 1509 olii,

121 1639 128 1652 .
221 1536 293 1645 qni
331 1567 416 1622 nou
453 1545 629 1651 possunt
663 1538 919 1668 iptelligere,
937 1649 940 1657 Ι
959 1541 1029 1624 sed
1070 1545 1426 1624 tumen-sunctam
1465 1567 1637 1621 conver·

221 1667 420 1752 nationem
460 1671 636 1770 hebent3
659 1676 715 1756 ‚et
749 1675 845 1752 suut
887 1671 1035 1755 icernm
1074 1671 1286 1768 nonnulli,
1328 1672 1400 1778 qni
1440 1670 1544 1752 bene
1571 1668 1636 1750 iu·

221 1799 440 1910 telliguut,
479 1801 550 1886 sed
589 1807 727 1885 tannen
770 1829 852 1882 nou
896 1802 1051 1885 hubent
1089 1801 1439 1886 conversationem
1472 1801 1636 1888 Ιιοιιιιιιι.

162 1938 179 1990 ἴ
222 1931 267 2013 Si
296 1931 405 2014 enim
433 1937 608 2043 possunt
634 1933 823 2034 inveniri,
852 1933 935 2016 illis
961 1932 1051 2015 duri
1081 1934 1204 2016 debet
1234 1935 1398 2018 licentio
1427 1933 1635 2042 loquendi,
1677 1921 1681 1928 ’

53 2043 65 2174 J
222 2062 294 2171 qui
336 2068 379 2146 et
416 2065 579 2152 actione
615 2069 714 2150 suut
749 2065 847 2148 boni
892 2073 937 2146 et
977 2065 1082 2148 bene
1121 2075 1294 2174 possunt
1329 2066 1559 2174 intelligere
1595 2071 1638 2144 et
1671 2101 1689 2166 g

221 2192 454 2281 admouere.
508 2195 629 2294 ¹Quod
667 2197 701 2279 si
738 2196 840 2280 teles
870 2225 952 2278 nou
983 2201 1154 2302 possunt
1182 2195 1375 2302 reperiri,
1419 2197 1518 2278 tunc
1556 2195 1637 2278 illis

78 2371 81 2378 ·
223 2323 347 2406 debet
373 2324 540 2409 licentio
567 2327 763 2436 loquendi
791 2326 894 2426 deri,
922 2327 1007 2434 qui,
1034 2326 1220 2434 quumvis
1244 2355 1326 2410 nou
1351 2327 1511 2437 possint
1535 2327 1638 2410 bene

99 2547 105 2556 ¹
224 2453 470 2565 intelligere,
500 2463 640 2540 tumen
672 2457 802 2540 bonine
830 2456 1152 2542 conuersationis
1179 2463 1288 2544 suut.
1345 2456 1469 2541 Nunc
1496 2457 1637 2539 niden·

79 2591 83 2602 '
223 2582 318 2666 (lum
349 2591 436 2684 est,
481 2615 609 2696 quere
649 2614 732 2670 non
775 2587 953 2673 debeant
995 2586 1224 2693 imperl'ecti
1261 2587 1452 2670 monachi
1493 2587 1637 2696 loqui?

80 2720 82 2726 ’
227 2713 336 2799 Alibi
367 2715 470 2827 dicit
495 2717 602 2803 idem
635 2717 684 2808 B.
714 2715 978 2802 Benedictusc
1028 2713 1161 2823 Usque
1196 2717 1253 2802 od
1287 2720 1637 2822 interrogationem
1779 2789 1786 2802 .

143 2959 152 2978 ι
223 2875 302 2932 ιιοιι
333 2846 520 2956 loqtaeotnr
546 2850 799 2938 eliciendum
836 2851 920 2934 lstu
957 2847 1227 2956 interrogatio
1265 2851 1483 2934 necessitas
1511 2847 1636 2931 intel·

225 2977 392 3092 ligitur.'
442 2978 508 3064 ltc
545 2982 667 3068 debet
703 2981 783 3066 istc
822 2982 930 3067 ratio
968 2981 1152 3089 disponi,
1198 2987 1245 3064 ut
1281 2980 1390 3065 istud
1427 2980 1635 3063 silentium

147 3103 149 3108 ’
224 3116 438 3214 tenentum
466 3113 590 3198 (lebet
616 3113 728 3199 enirn
756 3114 869 3200 locus
897 3143 983 3198 esse
1009 3113 1273 3213 constitutus,
1302 3119 1364 3213 nt,
1394 3111 1649 3199 connubias
1674 3215 1678 3222 ἱ

150 3263 160 3284 ⁹
224 3242 289 3324 vel
308 3245 484 3332 decenus
507 3249 582 3328 ent
601 3246 777 3330 cirentor
803 3253 877 3331 unt
894 3247 1043 3356 uliquis
1064 3244 1201 3327 senior
1223 3243 1336 3328 boris
1356 3244 1638 3354 incompeteu·
1665 3307 1690 3346 ‚.

170 3459 173 3468 ,
223 3374 333 3459 tibus
362 3377 451 3462 vult
478 3378 648 3462 lrctreur
673 3379 950 3490 negligentem
972 3407 1159 3488 urguere,
1188 3377 1342 3487 inipso
1363 3383 1513 3487 urgunt
1533 3363 1636 3476 loco,

103 3575 105 3582 Α
223 3513 448 3615 quatenus,
490 3512 561 3621 qui
597 3510 701 3620 legit
736 3521 810 3596 ont
846 3511 1005 3622 psallit,
1051 3541 1126 3620 pro
1154 3512 1234 3595 lroc
1264 3539 1347 3594 non
1378 3509 1636 3619 impediatur.

228 3638 323 3722 ldeo
352 3640 437 3724 dixi
457 3643 606 3748 locum,
636 3648 696 3746 ut,
720 3648 753 3728 si
782 3646 877 3744 ille,
907 3645 980 3752 qui
1008 3643 1192 3752 corripit,
1222 3643 1314 3724 vult
1340 3640 1476 3726 dicere
1504 3640 1637 3751 negli-

224 3773 339 3880 genti
364 3772 481 3858 lretri
503 3777 716 3876 rationem,
744 3777 881 3860 nolent
899 3777 1044 3863 dicere.
1089 3776 1249 3890 Deinde
1268 3803 1361 3860 cum
1385 3775 1638 3857 conveniunt
1686 3767 1690 3777 “

31 4017 43 4036 ,‚
224 3901 266 3984 in
296 3904 535 4013 capitulum,
565 3933 649 3990 nou
678 3908 801 3991 debet
820 3909 928 3993 ullus
956 3909 1044 3994 sine
1072 3907 1305 3992 obedientie
1323 3907 1432 3990 exire
1455 3905 1507 3987 (le
1525 3901 1638 4012 cupi·
1736 3996 1739 4004 ,

97 4096 101 4103 ,
224 4033 326 4148 tudo.
384 4033 493 4147 Nam
522 4037 645 4122 debet
672 4039 801 4124 obbas
829 4041 1049 4148 unicuique
1078 4039 1193 4124 lustri
1223 4039 1441 4146 injungere
1467 4035 1637 4144 aliquid,

226 4172 276 4260 ut¹
300 4161 383 4248 ιιοιι
411 4154 541 4269 nocet,
570 4175 613 4251 et
640 4169 683 4252 iu
713 4171 801 4278 ipsu
828 4173 1062 4256 obedientia
1091 4199 1175 4254 uon
1203 4169 1326 4252 debet
1354 4167 1529 4276 uliquis,
1558 4167 1637 4249 uisi

114 4311 116 4318 ’
185 4301 188 4306 ’
224 4287 498 4403 ‹prinninmod
522 4299 651 4409 ipsum
677 4302 951 4387 obedientium
968 4303 1090 4412 ‚cogit
1110 4299 1480 4406 illurutneoessilas,
1508 4297 1637 4406 loqui,
1677 4299 1684 4313 ’

224 4428 331 4512 sieut
359 4429 527 4514 iuferius
557 4433 658 4517 dicit
685 4433 793 4518 idem
821 4436 863 4519 S.
894 4435 1166 4518 llenedietnst
1216 4429 1361 4514 Nonus
1378 4426 1638 4512 ·lmnrilitotis

215 4559 381 4682 prodes
408 4569 479 4666 est,
503 4563 542 4645 si
568 4565 751 4671 linptrom
779 4538 836 4648 od
858 4562 1096 4670 loquendum
1117 4561 1330 4668 probibent
1357 4559 1575 4644 rrlmruclrns
1601 4565 1638 4642 el

63 4747 65 4754 x
223 4693 539 4778 lucimrnilolem
566 4695 719 4778 liabens
743 4693 946 4801 usquead
969 4695 1322 4819 irrtemopotionem
1341 4718 1420 4776 nou
1440 4693 1636 4796 lucrentur.
1694 4713 1705 4721 '‘

226 4821 281 4906 lit
297 4835 300 4842 '
317 4824 358 4906 in
397 4823 487 4932 ipsu
527 4826 764 4916 obedientie
803 4855 924 4910 censu
941 4848 945 4866 ⁷
962 4829 1215 4911 necessitatis
1243 4825 1353 4908 illius
1379 4813 1638 4908 obedieutiae

156 5008 158 5014 ν
224 4963 392 5042 conotus
419 4983 512 5040 eum
541 4954 739 5064 loquitur,
767 4957 857 5068 ipso
885 4957 1011 5043 verbe
1038 4987 1168 5070 peuce
1195 4959 1282 5042 sint
1307 4962 1352 5042 et
1376 4954 1639 5039 rationabilis

226 5098 269 5174 et
296 5119 379 5174 uon
395 5089 600 5185 clamose,
628 5089 737 5198 quin,
765 5089 873 5173 sicut
901 5090 1002 5174 dicit
1027 5089 1137 5176 idem
1165 5089 1213 5178 B.
1245 5089 1514 5174 Benedictus:
1552 5085 1636 5173 Un-

225 5225 405 5316 decimus
441 5222 681 5308 lnnnililutis
705 5227 863 5332 yrcrdns
890 5230 969 5326 est,
996 5226 1035 5308 si
1048 5289 1059 5326 ,
1089 5251 1178 5310 cirin
1205 5223 1382 5330 loqrrilnr
1409 5219 1638 5324 erronnelms,
1737 5242 1743 5258 ·

1866 5089 1886 5706 ι
