3934 5762
792 199 1055 292 Prolegomena
1582 207 1638 286 lx

225 422 455 526 pedetentim
479 422 625 502 modice
645 381 822 514 marturii,
851 423 1079 521 emendavit,
1108 425 1224 516 aurit,
1254 425 1422 524 perfecit,
1451 425 1642 540 auditores

226 571 349 643 antem
381 563 460 664 ejus
486 561 646 653 notarii,
688 561 753 661 qui
780 564 883 644 notis
910 571 948 644 et
976 563 1094 668 signis
1121 589 1312 645 sermones
1339 566 1515 668 magistri
1543 567 1641 645 exci-

227 707 380 807 piebant
407 708 447 782 et
474 704 702 796 scribebant,
730 705 877 784 ineam
907 707 1067 786 formam
1096 709 1336 808 redegerunt,
1364 709 1404 786 in
1433 733 1508 808 qua
1535 710 1643 787 nobis
1695 695 1700 712 ’

226 867 323 926 nuuc
351 851 520 944 apparet.
579 845 721 924 Veram
751 847 819 925 illa
854 833 1007 926 brevior
1034 847 1266 951 designatio,
1309 873 1406 950 qaae
1433 851 1481 928 ab
1512 850 1644 928 Hilde-

228 1010 333 1066 maro
360 985 441 1084 ipso
469 985 618 1087 scripta,
640 992 735 1084 erat,
765 1011 850 1066 cum
880 989 1053 1088 pluribus
1075 990 1354 1070 communicata
1379 991 1574 1069 etsensim
1603 992 1642 1071 in

210 1101 398 1230 'regioms
425 1125 579 1206 eseias
606 1127 804 1228 creagra
842 1153 921 1208 aa
949 1112 1125 1220 vinetum
1167 1131 1283 1210 sonex
1322 1131 1421 1210 enim
1451 1133 1645 1236 smmm-
1691 1191 1693 1196 .

229 1269 364 1348 mensis
381 1268 677 1360 Ratisborensis,
705 1268 771 1370 qui
798 1271 846 1348 ad
877 1267 1066 1350 maulam
1085 1273 1135 1356 X.
1164 1275 1225 1353 sel
1241 1276 1306 1354 XI.
1337 1274 1506 1374 pertinet
1532 1279 1572 1354 et
1599 1276 1645 1352 de

229 1437 302 1512 quo
331 1434 417 1489 mox
446 1407 547 1488 inira
571 1432 740 1512 egemus,
781 1409 838 1488 aii
865 1409 973 1496 uliud
1001 1415 1059 1492 est
1088 1439 1199 1514 quam
1230 1413 1298 1494 iila
1326 1412 1539 1494 Hildomari
1569 1415 1645 1514 pri·
1802 1441 1806 1450 ’

229 1553 351 1646 maria
376 1551 501 1632 forma
527 1557 568 1631 et
600 1550 754 1632 breuior
783 1549 1006 1654 designatio.
1064 1555 1174 1634 Unde
1210 1555 1389 1635 audaciae
1428 1554 1541 1658 argui
1570 1579 1644 1632 non
1743 1623 1746 1630 Δ
1894 1573 1897 1580 ’

229 1721 442 1798 possumus,
469 1694 510 1776 si
524 1693 815 1794 conjectamus,
855 1693 968 1774 istam
998 1693 1219 1807 breviorem·
1237 1699 1536 1798 designationem
1565 1721 1644 1776 sae·

228 1841 313 1920 calo
353 1837 500 1919 decimo
541 1837 655 1916 etiarn
686 1835 835 1937 Capuae
873 1859 898 1912 a
933 1841 1116 1920 monacho
1149 1837 1340 1920 casinensi
1378 1843 1567 1940 repertam
1608 1846 1672 1918 st.
1787 1871 1790 1878 ·

229 1981 453 2081 exscriptam
480 2001 571 2058 esse.
631 1977 716 2072 Qua
741 1979 789 2057 de
818 2003 932 2058 causa
958 1979 1172 2061 Hildemari
1198 1981 1319 2061 lineae
1346 1982 1490 2083 primae
1517 1987 1679 2082 postea.

231 2125 280 2202 nd
310 2122 467 2202 Paulum
500 2119 782 2200 warnefridum
810 2121 954 2202 relatae
988 2120 1083 2223 sint,
1121 2122 1352 2225 investigare
1380 2129 1420 2204 et
1447 2123 1646 2215 discutere,

183 2305 186 2312 ⁴
232 2265 393 2364 tempori
421 2263 636 2366 insequenti
663 2235 902 2344 committere
941 2289 984 2344 eo
1023 2263 1145 2367 magis
1171 2266 1370 2359 debemus,
1408 2291 1493 2344 cum
1522 2265 1647 2344 novis·
1742 2235 1747 2246 ’

101 2433 103 2439 ⁴
230 2409 334 2550 simis
362 2411 513 2488 demum
542 2405 675 2486 diebus
703 2411 895 2488 momenta
912 2411 953 2488 et
975 2413 1186 2510 apparatus
1199 2409 1405 2510 opportuni
1427 2407 1535 2489 nobis
1560 2434 1647 2510 pro·
1815 2467 1818 2474 .

151 2587 154 2592 ·
230 2552 344 2655 positi
367 2551 458 2635 sint.
467 2548 509 2660 ⁴⁸)
1053 2568 1056 2574 ’

1351 2633 1363 2676 t

343 2779 558 2884 Hildemari
585 2805 850 2886 commentarii
885 2804 1058 2906 quamvis
1096 2804 1293 2904 pmeclara
1320 2803 1397 2882 sint
1425 2807 1651 2904 argumenta

233 2951 274 3027 et
299 2947 531 3038 sententias,
572 2952 698 3024 tamea
737 2948 862 3028 oratio
899 2954 939 3027 et
976 2946 1093 3028 dictio
1121 2951 1210 3026 sunt
1237 2947 1348 3025 valdo
1376 2943 1584 3025 defectivae
1613 2948 1652 3021 et
1800 3031 1802 3038 ,

233 3089 495 3188 imperfectae,
523 3089 625 3188 quod
653 3088 807 3190 (puidam
835 3095 1016 3192 exparte
1044 3113 1089 3168 eo
1115 3088 1261 3168 iactum
1290 3093 1368 3212 est,
1399 3086 1502 3188 quod
1529 3109 1652 3164 sonmo

234 3257 502 3334 nonnunquam
531 3257 574 3312 ex
590 3240 769 3332 'tempore
808 3233 935 3314 dietus
969 3238 1010 3312 et
1036 3229 1138 3311 notis
1181 3234 1222 3309 et
1247 3225 1365 3332 signis
1390 3231 1441 3308 ab
1468 3225 1656 3306 auditori·¹
1755 3260 1758 3266 ·
1798 3281 1813 3292 κ

234 3377 304 3455 bus
325 3381 500 3476 exceptus
527 3379 597 3456 est.
655 3375 838 3456 currente
857 3375 1010 3456 flumine
1030 3373 1214 3455 orationis
1235 3373 1376 3466 evenit,
1404 3374 1452 3449 ut
1473 3371 1596 3448 anulus
1614 3375 1654 3448 et
1776 3423 1777 3428 Ν

235 3519 276 3598 in
291 3543 461 3600 sermone
479 3523 520 3598 et
532 3517 572 3597 in
583 3517 782 3599 sententiis
795 3524 973 3618 comupta
991 3518 1221 3610 dicerentur,
1246 3517 1370 3595 multu
1385 3512 1654 3593 omitterentur·

235 3671 301 3744 aut
337 3635 596 3764 repeterentur
624 3661 687 3742 vel
723 3660 837 3742 nimis
870 3661 948 3740 late
986 3665 1283 3762 exponerentur,
1326 3657 1468 3736 multae
1505 3680 1654 3757 quoquo

236 3805 594 3922 comprehensiones·
612 3805 887 3906 verberumque
909 3801 1183 3904 complexiones
1210 3797 1346 3879 vitiosa
1366 3804 1408 3877 et
1435 3797 1655 3876 inconcinne
1704 3799 1706 3806 ’

238 3955 567 4046 construerentur,
604 3972 704 4047 quae
730 3944 859 4027 omnia
885 3946 933 4024 ab
961 3943 1201 4024 auditoribus
1236 3942 1285 4019 ad
1314 3941 1470 4020 verbum
1500 3944 1656 4038 excepta

238 4101 276 4174 et
316 4091 477 4196 posteris
515 4085 661 4171 tradita
690 4095 822 4168 sunt.¹
872 4088 1065 4183 Quaedam
1109 4091 1234 4166 autem
1278 4083 1329 4162 ab
1368 4081 1458 4182 ipsis
1496 4059 1656 4162 notariis
1740 4115 1744 4124 ·

145 4207 151 4220 “
240 4237 337 4318 male
362 4235 496 4316 audita
523 4238 563 4313 et
590 4233 806 4332 intellecta,
845 4231 1031 4333 quaedam
1059 4227 1109 4307 ab
1136 4227 1203 4321 iis,
1244 4225 1310 4328 qui
1338 4227 1449 4305 notas
1476 4229 1516 4303 et
1543 4220 1683 4326 signa.
1847 4256 1851 4266 ·

207 4401 210 4408 ’
240 4379 492 4472 resolvebant,
522 4367 698 4458 mendose
726 4374 974 4475 transscripta
990 4378 1094 4471 sunt,
1122 4397 1219 4473 quas
1238 4369 1417 4448 mendas
1438 4363 1655 4468 posteriori·
1760 4353 1766 4366 ’
1822 4445 1824 4452 ,

239 4521 316 4602 bus·
346 4511 520 4600 librariis
551 4524 643 4599 sunt
674 4518 791 4600 etiam
833 4520 958 4601 auom.
1017 4515 1209 4612 Quaedam
1246 4515 1396 4614 qaoque
1433 4531 1457 4587 a
1495 4505 1665 4613 aotamis'
1728 4631 1731 4638 Ι
1897 4571 1905 4588 .

244 4741 504 4766 ——h--n--n

354 4921 390 5012 ·)
411 4920 541 4996 eosfm
562 4918 665 4993 Pauli
689 4915 907 4992 Wameiridi
928 4912 966 4989 in
988 4886 1150 4988 sancum
1175 4909 1334 5006 reguiam
1347 4905 1652 4984 'commentarium
1732 4937 1740 4944 ·

242 5039 391 5132 (editum
431 5039 670 5118 amoawbis
707 5035 958 5160 Catinensibus
999 5033 1099 5130 typis
1139 5029 1310 5112 abbatiae
1358 5029 1489 5110 neatis
1537 5026 1657 5109 Carini

245 5161 355 5259 1880.)
775 5161 776 5166 '
922 5186 923 5190 Ν
1379 5173 1382 5181 ·
1653 5171 1657 5180 ·
