3960 5774
909 237 994 330 Gap.
1017 239 1112 310 tut.
1340 193 1342 200 Ι
1632 247 1707 330 501
1776 231 1778 235 ’

63 479 66 484 “
194 524 196 528 -
309 466 389 562 est,
418 457 608 542 similiter
636 456 670 541 si
708 456 916 566 duplicare
946 456 1034 542 vult
1061 459 1268 562 officium,
1298 460 1332 544 si
1361 460 1609 572 generalitas
1638 461 1716 546 hoc

307 591 416 702 agitr
454 616 594 673 verum
636 616 717 672 non
761 588 856 673 licet
883 588 1098 698 cuiquam,
1126 592 1159 674 si
1189 620 1271 676 uon
1301 597 1364 674 est
1392 591 1719 703 generaliscon·

306 720 520 834 gregatio,
550 717 593 803 in
635 749 733 806 voce
762 749 890 840 orare.
947 720 1162 806 Sciendum
1201 730 1264 808 est
1297 723 1427 829 euim,
1456 723 1554 833 qnia
1583 728 1719 834 potest
1773 781 1774 784 κ
1851 737 1854 742 ’

306 856 348 940 in
366 853 546 938 oratorio
564 879 715 964 putrere
744 851 858 936 illum
888 853 1052 956 librum,
1081 854 1152 965 qui
1169 852 1229 938 ibi
1248 855 1415 966 legitur,
1442 855 1712 942 solummodo.
1744 855 1746 860 ’
1807 897 1809 904 <

883 1073 982 1178 Cap.
1011 1071 1143 1158 t111.

519 1327 521 1330 .
606 1253 674 1330 DE
705 1253 1012 1332 HOSl’lTIBUS
1043 1253 1412 1334 SUSOIPIBNDIS.

415 1401 562 1484 Orrrnes
601 1399 923 1504 supervenientes
956 1397 1131 1502 hospites
1171 1407 1364 1506 terrqrrem
1395 1399 1582 1514 Cirristus
1623 1431 1715 1484 sns-
1771 1387 1779 1438 ⁵
1878 1395 1888 1468 Ἀ

209 1521 232 1556 ”
301 1533 515 1636 cipiantur.
574 1529 666 1642 [ltu]
705 1530 801 1638 quia
830 1529 1106 1637 disposuerat,
1137 1529 1315 1638 qualiter
1352 1529 1531 1615 debeant
1569 1533 1714 1615 iratres
1850 1605 1856 1616 .

301 1660 482 1744 officium
518 1691 634 1744 suum
678 1689 871 1770 peragere
909 1659 1107 1745 orationis
1149 1658 1232 1743 sive
1266 1658 1432 1760 dehis,
1463 1660 1532 1772 qni
1562 1663 1605 1745 in
1638 1665 1713 1762 via,
1862 1747 1863 1752 Ν

300 1796 383 1876 sive
412 1791 481 1902 qui
512 1792 555 1875 iu
585 1820 707 1902 opere
735 1795 853 1893 sunt,
883 1797 926 1875 et
964 1791 1222 1900 disposuerat
1262 1791 1312 1876 de
1350 1791 1531 1877 oratorio
1570 1822 1714 1878 arona·
1807 1783 1809 1786 ⁵

298 1923 432 2026 sterii,
463 1951 624 2008 necesse
664 1923 819 2021 lucrat,
850 1927 896 2006 ut
931 1922 1084 2007 diceret
1124 1921 1174 2006 de
1203 1925 1462 2032 susceptione
1491 1922 1711 2035 hospitum,
1812 1932 1814 1937 ’

71 2081 80 2186 q
193 2076 213 2180 J
299 2054 503 2166 quomodo
527 2054 638 2162 prins
660 2053 908 2164 suscipiendi
934 2059 1045 2157 suxit,
1074 2052 1098 2140 i.
1120 2082 1154 2138 e.
1186 2083 1257 2164 per
1279 2055 1506 2140 orationem
1526 2055 1713 2142 ducendi.
1883 2041 1899 2122 ’Ν

298 2186 399 2286 theia
429 2185 611 2294 hospites
641 2191 809 2298 propter
837 2185 1044 2270 illusiones
1073 2185 1226 2271 debent
1254 2185 1347 2270 duci
1384 2187 1437 2272 ad
1467 2190 1710 2293 orationem,

222 2409 224 2414 ,
296 2319 388 2403 ideo
423 2319 550 2422 benc,
579 2325 796 2430 postquam
826 2318 931 2402 dixit
966 2319 1015 2402 de
1045 2319 1231 2404 oratione
1259 2319 1432 2404 fratrum
1471 2304 1514 2404 et
1539 2322 1589 2404 de
1618 2351 1711 2406 ora·

299 2453 403 2534 torio
433 2451 681 2552 monasterii,
713 2480 823 2537 rruuc
852 2449 1065 2562 subjunxit
1093 2450 1143 2535 de
1173 2451 1359 2547 oratioue
1387 2452 1623 2564 hospitum}
1652 2457 1711 2538 ait

296 2584 426 2670 enim:
461 2583 607 2668 Omnes
635 2584 956 2689 supervenientes
984 2583 1160 2690 tespites
1187 2593 1380 2693 tunquam
1406 2583 1591 2671 Christus
1618 2615 1711 2668 sns-

119 2759 123 2770 ·
294 2715 496 2820 cipiantur·
538 2722 580 2800 et
619 2714 735 2825 reliq.
801 2713 1040 2800 Notandum
1085 2720 1147 2800 est
1186 2701 1316 2818 euim,
1345 2715 1441 2827 quic
1481 2747 1563 2803 non
1606 2719 1709 2802 dixit
1831 2752 1833 2756 ·
1932 2813 1934 2826 ι

296 2857 456 2934 tantum
494 2849 696 2958 hospites,
736 2847 804 2932 sed
836 2845 1045 2957 praemisit
1073 2865 1220 2933 emeres.
1279 2845 1327 2930 Iu
1357 2877 1427 2948 eo,
1467 2849 1577 2960 quod
1607 2850 1711 2933 dixit
1862 2843 1864 2848 ’

294 3006 440 3083 orrrrres,
470 2980 633 3064 videtur
661 3007 746 3064 esse
772 2979 944 3063 arduum
974 2984 1016 3063 et
1043 3007 1147 3090 pene
1172 2979 1351 3080 difficile,
1380 3009 1429 3064 eo
1454 2981 1564 3088 quod
1589 2980 1708 3062 nmlti
1898 2995 1902 3004 '

293 3114 389 3192 sunt
417 3109 612 3221 hospites,
641 3110 710 3219 qui
740 3109 793 3192 ad
822 3111 1117 3194 monesterium
1146 3111 1329 3195 veniunt.
1372 3111 1450 3195 Sed
1476 3110 1554 3194 isto
1583 3113 1705 3196 modo

293 3249 429 3352 potest
457 3241 657 3352 intelligi,
698 3241 783 3324 sive
812 3239 904 3325 ideo
934 3241 1037 3325 ‹lixic
1073 3267 1210 3326 enarres
1238 3242 1438 3348 hospites,
1481 3245 1578 3352 qnia
1607 3248 1707 3326 tnnc
1822 3325 1825 3331 .

294 3373 411 3482 pauci
442 3375 680 3474 veniebant,
709 3371 820 3456 sicut
844 3370 1058 3456 Cassianus
1100 3371 1200 3456 dicit
1235 3373 1278 3456 in
1321 3371 1542 3459 collatione
1582 3377 1624 3456 et
1663 3371 1704 3455 in

65 3593 74 3644 ς
145 3609 146 3612 Ν
293 3501 376 3588 rita
411 3507 570 3616 patrum
609 3503 785 3616 legitur,
815 3530 1062 3614 quamquam
1091 3501 1200 3590 dicat
1227 3505 1270 3590 S.
1301 3503 1565 3606 Benedictus,
1595 3532 1703 3588 nun·

293 3664 412 3743 quam
448 3635 585 3723 deesse
623 3635 871 3722 monasterio
908 3633 1110 3746 hospitem
1152 3639 1291 3748 potest
1324 3637 1450 3722 ctiam
1488 3664 1593 3720 unus
1634 3643 1706 3720 aut
1875 3727 1879 3736 ,

293 3767 372 3852 duo
401 3769 578 3880 intelligi
608 3769 786 3870 venisset
814 3797 910 3852 nem
936 3769 1042 3852 tanti
1070 3775 1169 3853 tunc
1192 3768 1299 3854 forte
1327 3799 1413 3854 uon
1439 3775 1567 3871 erant,
1598 3767 1704 3853 sicut
1788 3768 1794 3875 l

292 3929 412 4005 uarro,
441 3907 484 3987 et
502 3903 724 3987 secundum
747 3901 856 3988 huuc
875 3929 1036 3986 sensum
1059 3901 1322 4015 intelligebat
1339 3899 1655 4012 Theudulphus:
1671 3903 1703 4011 ¹)

294 4032 396 4118 »Per
426 4033 577 4138 Deum,
614 4034 649 4120 si
686 4063 796 4120 rruuc
819 4035 992 4122 'adesset
1019 4035 1060 4122 S.
1094 4033 1363 4136 Benedictus,
1405 4035 1593 4118 claudere
1621 4032 1702 4134 illis
1783 4013 1797 4043 ”

289 4166 437 4251 ostium
466 4167 667 4258 iecisset«.
725 4169 819 4254 Sive
847 4167 977 4253 altero
1006 4165 1129 4252 modo
1148 4164 1399 4278 intelligitur
1426 4192 1574 4270 cereces,
1604 4165 1702 4249 sub·

288 4299 422 4386 audiet
447 4330 549 4414 quos
567 4308 705 4414 potest
717 4285 761 4387 iu
778 4299 1073 4406 monesterium
1087 4297 1280 4412 recipere,
1299 4302 1497 4413 tanquam
1515 4296 1701 4382 Christus

288 4435 582 4544 suscipiantur,
613 4433 710 4546 quia
748 4433 891 4546 regula
931 4431 991 4517 nil
1026 4430 1279 4542 impossibile
1314 4429 1427 4519 dicit.
1485 4429 1579 4514 Sive
1618 4429 1701 4514 eol·

289 4561 397 4649 vitur
432 4563 533 4653 haec
572 4565 677 4652 ratio
714 4563 758 4650 iu
799 4563 1049 4665 intentione,
1079 4561 1131 4647 de
1170 4591 1252 4676 qua
1288 4561 1522 4648 intentione
1559 4573 1699 4644 onme's
1775 4555 1781 4566 '
1840 4583 1843 4594 ·

288 4694 449 4782 debent·
473 4697 533 4782 ita
566 4698 693 4810 recipi
730 4695 913 4809 hospites
951 4695 1056 4782 sicut
1092 4691 1298 4814 Christus,
1328 4717 1575 4810 quamquam
1617 4719 1699 4774 non
1734 4784 1738 4794 ,
1906 4709 1920 4731 ·

286 4835 458 4936 possunt
480 4829 668 4915 omuibus
693 4828 751 4915 ita
768 4827 932 4931 servire,
961 4824 1068 4912 sicut
1087 4822 1263 4928 Cluristo,
1290 4823 1360 4909 sed
1380 4819 1531 4934 paucis.
1575 4821 1699 4920 Quasi
1732 4814 1744 4834 '

256 5035 260 5043 .
285 4955 580 5072 interrogasset
603 4959 750 5071 aliquis
773 4959 816 5046 B.
836 4955 1104 5044 Benedictum
1134 4953 1290 5040 dicens:
1320 4951 1445 5038 Peter
1463 4949 1697 5054 Benedicta,

285 5149 546 5171 w

372 5247 401 5336 q
423 5245 446 5340 s
466 5243 543 5317 aar.
