3930 5788
242 231 367 390 ¹542*
433 379 436 386 ¹
874 292 963 384 cup.
987 219 1114 368 rimu.
1170 223 1178 234 ¹
1304 411 1309 420 ¹

284 477 463 625 siderius
489 511 634 613 debes,
662 539 768 621 quoe
794 517 858 594 est
887 511 1145 611 obedientis,
1172 539 1295 620 quom
1313 499 1436 620 'sigim
1465 517 1510 592 et
1544 511 1649 610 ride,
1664 510 1698 622 ¹)
1754 493 1758 497 ’

282 643 395 752 quali
422 643 562 725 auimo
589 641 693 752 ogis.
749 639 795 727 Si
822 648 962 727 entem
991 642 1156 724 unimus
1183 649 1281 722 tuus
1307 640 1575 726 delectaverit
1601 642 1699 725 obe·

185 823 215 858 ·.
283 773 372 856 dire
410 772 453 852 in
497 769 678 855 adversis
717 778 761 853 et
798 779 1053 881 compressus
1094 769 1219 852 luerit
1255 771 1300 852 in
1340 772 1572 884 prosperis,
1600 777 1699 854 tnnc

16 945 20 955 ·
144 915 154 936 ¹
286 904 417 986 victor
451 901 532 982 eris
569 901 779 1008 [similiter
805 909 868 1002 et,
896 903 928 984 si
958 901 1121 1008 inrite].
1177 899 1260 982 Ubi
1292 899 1696 984 animadvertendum

284 1040 359 1134 est,
388 1033 486 1140 quis
514 1057 598 1112 non
625 1039 689 1112 cst
714 1031 787 1126 illu
809 1031 1055 1124 obedientis.
1083 1028 1118 1110 si
1143 1029 1185 1110 iu
1204 1031 1409 1139 prosperis
1429 1039 1505 1114 sut
1527 1028 1571 1111 in
1590 1054 1700 1110 eom·

143 1245 148 1256 ,
286 1161 553 1245 moditutibus
597 1160 827 1244 volontarie
867 1161 1020 1244 obedit.
1084 1159 1301 1240 Sciendum
1342 1171 1407 1244 est
1445 1161 1578 1258 enim,
1605 1161 1701 1267 quic

286 1291 385 1375 haec
400 1289 542 1408 regulo
559 1295 734 1373 maxime
746 1293 789 1374 io
805 1291 1038 1398 obedientie
1052 1289 1253 1389 consistit,
1268 1290 1377 1374 unde
1388 1285 1575 1398 inprimis
1585 1289 1701 1372 undi-

285 1429 415 1506 torem
446 1429 562 1504 suu'm
592 1421 868 1504 obedientiam
900 1423 1098 1530 praecipit
1126 1449 1298 1520 sumre,
1325 1449 1419 1504 enm
1449 1422 1574 1505 dicit:
1613 1419 1701 1500 ode·

284 1554 478 1636 dientine‘
493 1551 722 1655 fortissimo
765 1559 884 1657 ntqrre
913 1550 1136 1657 praeclaro
1163 1579 1283 1634 nrmu
1318 1579 1493 1640 usserius.
1549 1551 1702 1634 Obedi·

285 1683 398 1764 entia
424 1691 488 1764 est
516 1680 701 1788 gladius,
728 1689 910 1782 scutum,
939 1679 1063 1762 cussis
1093 1688 1136 1760 et
1163 1689 1322 1764 coetero
1350 1711 1489 1796 aruns:
1528 1691 1571 1763 et
1598 1685 1703 1763 sicut

287 1811 395 1918 perit
421 1805 505 1906 ille,
534 1810 604 1916 qui
628 1809 716 1890 siue
738 1811 862 1892 ormis
888 1811 1110 1919 pugnatio
1132 1811 1301 1918 proelio,
1330 1811 1390 1894 itu
1414 1819 1458 1892 et
1483 1809 1704 1893 monnellus

267 1941 417 2048 perit,
458 1940 528 2046 qui
572 1939 846 2020 obedientium
892 1943 1061 2046 respuit.
1125 1935 1243 2022 'l'unc
1285 1941 1394 2022 enim
1438 1943 1530 2048 quis
1574 1937 1701 2020 Deurn

288 2069 444 2168 irridet,
472 2096 578 2166 cum,
607 2067 718 2175 qrrod
748 2069 956 2178 promittit
985 2095 1098 2168 voce,
1127 2097 1250 2180 opere
1280 2099 1364 2153 noo
1391 2068 1704 2180 completque

203 2287 207 2294 ,
289 2201 323 2283 si
364 2199 571 2283 hominem
612 2197 792 2299 deridet,
837 2205 903 2286 eui
945 2203 1071 2286 homo
1111 2203 1208 2286 iecit
1257 2201 1378 2284 tidem
1417 2210 1461 2283 et
1498 2200 1706 2296 mentitur,

295 2329 426 2413 multo
455 2330 585 2438 magis
617 2327 746 2411 Deum
788 2331 954 2432 irridet,
983 2362 1075 2416 cum
1106 2333 1314 2442 promittit
1342 2334 1402 2415 illi
1436 2334 1528 2440 quis
1556 2331 1706 2413 seruire

294 2468 337 2544 ct
368 2463 579 2544 mentitur.
637 2458 710 2542 Isti
749 2463 823 2545 tuli
861 2465 1116 2548 tolerabilius
1153 2473 1242 2548 erat
1282 2464 1324 2546 iu
1365 2451 1527 2548 saeculo
1563 2465 1725 2574 perire,-

294 2623 418 2703 quam
449 2595 534 2704 [ut]
564 2623 723 2677 smnere
752 2595 937 2679 habitum
967 2599 1198 2680 sanctitutis
1227 2603 1270 2680 et
1299 2595 1596 2682 mentiriDeo.
1647 2593 1708 2676 De

8 2777 12 2786 .
170 2809 176 2838 ,
283 2725 446 2811 talibus
461 2727 562 2810 dicit
580 2725 780 2810 Dominus
795 2730 836 2810 in
851 2726 1087 2837 evangelio:
1113 2729 1296 2834 Experti!
1307 2731 1356 2820 ei.
1381 2737 1424 2810 nt
1438 2727 1709 2832 snspmrdotm·

156 2925 165 2946 .
293 2855 399 2942 cerdo
442 2861 632 2941 nsiuanin
672 2861 713 2944 iu
755 2857 854 2942 nno
889 2861 978 2965 ejus
1014 2868 1052 2943 et
1089 2861 1344 2970 ‹tenrrrepntnr
1383 2863 1424 2946 in
1458 2860 1706 2968 prrasrrndnm

44 2979 63 3005 ’“
159 3067 163 3078 ,
293 2991 438 3077 erroris.
495 2989 614 3089 Quod
655 2992 765 3074 eninr
802 2993 922 3077 dicit:
969 2995 1139 3099 Srrseipe
1176 3021 1239 3076 rire
1280 2991 1454 3078 Domine
1495 2993 1709 3074 semrmlmu
1832 2985 1836 2990 ’

231 3191 237 3200 .
294 3123 487 3230 eloquium
517 3132 627 3209 tennn
655 3134 694 3208 et
718 3129 864 3232 olenus,
891 3135 929 3208 et
948 3151 998 3208 ne
1013 3126 1238 3228 corrfinrdus
1256 3153 1318 3209 rire
1340 3129 1393 3212 nt
1411 3125 1705 3229 exspectatione

296 3284 384 3341 recen
415 3285 543 3340 -ae
581 3256 615 3339 si
648 3257 823 3341 diceret:
868 3255 1043 3340 Domine
1079 3257 1286 3364 eloquium
1326 3265 1442 3340 tunm
1483 3264 1568 3354 est,
1599 3253 1707 3364 quod

261 3373 280 3480 J
297 3386 461 3471 dixisti:
496 3385 599 3491 »Qni
626 3387 831 3494 reliquerit
859 3389 1009 3490 onemo,
1035 3413 1137 3492 qum
1162 3391 1357 3494 possidet,
1387 3385 1610 3491 ‹untuptenn
1639 3414 1706 3468 oc·

296 3517 436 3618 cipiet<
468 3525 547 3605 etc.
607 3519 660 3602 lit
688 3547 781 3602 eece
809 3513 889 3628 ego
918 3528 1087 3629 propter
1114 3523 1188 3601 hoc
1217 3521 1426 3628 eloquium
1456 3530 1585 3616 tuum,
1616 3521 1641 3606 i.
1673 3547 1707 3600 e.

54 3699 57 3708 ν
158 3641 160 3646 ’
298 3653 561 3758 praeceptum
587 3657 702 3733 tunm
733 3652 892 3734 deserni
910 3650 1114 3733 snecrrlum
1144 3657 1188 3732 et
1216 3651 1407 3734 onmilius
1436 3653 1534 3733 meis
1564 3679 1710 3732 renun-

297 3763 421 3874 tiovi3
451 3783 494 3860 et
530 3809 639 3862 nunc
679 3811 806 3892 rogo,
835 3791 882 3865 nt
918 3783 1114 3891 suscipies
1156 3813 1230 3871 irre.
1293 3782 1344 3864 itt
1372 3783 1506 3865 reddit
1533 3809 1708 3880 eausam,

298 3937 450 4019 quare,
490 3938 581 3995 com
613 3915 715 3996 dicit
749 3921 786 3996 et
812 3918 965 4020 risuum
1003 3923 1040 3995 et
1068 3943 1144 4023 pro
1172 3921 1213 3996 nt
1242 3921 1325 4010 est,
1369 3915 1395 4000 i.
1424 3945 1459 3999 e.
1490 3923 1530 3996 nt
1557 3917 1712 4014 risuum·

298 4047 342 4124 ot
361 4069 476 4151 rogo,
500 4065 554 4124 'ne
570 4047 797 4149 corel-runicis
815 4073 877 4128 nie
899 4045 952 4127 nd
974 4049 1387 4152 exspectationem,
1413 4075 1461 4128 uc
1478 4047 1512 4128 si
1532 4045 1709 4152 diceret:

180 4209 186 4238 ·-
300 4171 421 4280 Rogo
450 4172 709 4259 clementium
739 4183 866 4279 tunm,
895 4185 942 4262 nt
962 4181 1059 4288 quiin
1081 4182 1238 4264 tunultu
1262 4181 1404 4263 distuli
1432 4181 1630 4278 converti,
1661 4206 1711 4260 ne

169 4355 172 4362 Δ
300 4307 354 4406 ob
384 4305 460 4389 hoc
488 4307 716 4392 oonlrmdus
745 4338 810 4392 me
838 4317 879 4394 et
910 4341 960 4394 ne
988 4313 1040 4394 sit
1070 4313 1167 4396 mihi
1191 4313 1380 4398 cnidusio
1407 4320 1450 4396 et
1469 4309 1712 4396 verecundie

264 4529 267 4537 ,
299 4449 396 4547 pnite
425 4447 479 4530 te..

409 4618 625 4729 Sequitur:
665 4619 771 4721 Res,
800 4623 840 4704 si
865 4651 969 4728 qums
996 4625 1112 4708 lerrtnt
1124 4691 1135 4726 ,
1164 4632 1235 4708 nect
1261 4633 1390 4734 erepet
1414 4627 1536 4733 prius
1555 4653 1712 4732 puerpe-

299 4753 412 4838 ritms
438 4761 522 4838 unt
559 4758 672 4856 lueto
713 4753 940 4838 sotennriter
981 4761 1196 4844 domnione
1236 4759 1416 4863 coiisseut
1456 4765 1711 4860 recorrostcrio,

222 5007 225 5015 1
300 4887 403 4970 nituit
430 4887 512 4970 siti
539 4912 753 5010 reserpnus
781 4912 831 4968 es
859 4888 1055 4988 onesribus,
1083 4891 1228 4996 qnippe
1255 4895 1351 4997 quio
1379 4917 1430 4974 er
1456 4891 1527 4975 illo
1548 4895 1615 4976 dic
1642 4920 1714 4977 uec

116 5236 123 5247 ¹
188 5233 190 5240 ⁵
245 5303 249 5314 ·
299 5222 301 5230 ,
391 5259 419 5348 ¹)
441 5255 560 5326 videre
581 5259 638 5350 (tt
