<?xml version="1.0" encoding="UTF-8"?>
<!DOCTYPE html PUBLIC "-//W3C//DTD XHTML 1.0 Transitional//EN"
    "http://www.w3.org/TR/xhtml1/DTD/xhtml1-transitional.dtd">
<html xmlns="http://www.w3.org/1999/xhtml" xml:lang="en" lang="en">
 <head>
  <title>
</title>
<meta http-equiv="Content-Type" content="text/html;charset=utf-8" />
  <meta name='ocr-system' content='tesseract 3.04.00' />
  <meta name='ocr-capabilities' content='ocr_page ocr_carea ocr_par ocr_line ocrx_word'/>
</head>
<body>
  <div class='ocr_page' id='page_1' title='image "./vitaetregulassp01benegoog_0592.png"; bbox 0 0 3930 5788; ppageno 0'>
   <div class='ocr_carea' id='block_1_1' title="bbox 948 91 1726 185">
    <p class='ocr_par' dir='ltr' id='par_1_1' title="bbox 948 91 1726 185">
     <span class='ocr_line' id='line_1_1' title="bbox 948 91 1726 185; baseline -0.003 -19"><span class='ocrx_word' id='word_1_1' title='bbox 948 92 1033 185; x_wconf 81' lang='lat' dir='ltr'><strong>Cup.</strong></span> <span class='ocrx_word' id='word_1_2' title='bbox 1057 91 1148 166; x_wconf 79' lang='lat' dir='ltr'><strong>LXI.</strong></span> <span class='ocrx_word' id='word_1_3' title='bbox 1646 97 1726 183; x_wconf 81' lang='grc'><strong>563</strong></span> 
     </span>
    </p>
   </div>
   <div class='ocr_carea' id='block_1_2' title="bbox 316 285 1875 690">
    <p class='ocr_par' dir='ltr' id='par_1_2' title="bbox 316 285 1875 690">
     <span class='ocr_line' id='line_1_2' title="bbox 427 285 1875 428; baseline -0.001 -28"><span class='ocrx_word' id='word_1_4' title='bbox 427 285 702 400; x_wconf 73' lang='lat' dir='ltr'><strong>Dilectissimo</strong></span> <span class='ocrx_word' id='word_1_5' title='bbox 730 314 774 397; x_wconf 88' lang='lat' dir='ltr'><strong>et</strong></span> <span class='ocrx_word' id='word_1_6' title='bbox 801 311 1136 398; x_wconf 80' lang='lat' dir='ltr'><strong>reverendissimo</strong></span> <span class='ocrx_word' id='word_1_7' title='bbox 1178 314 1296 401; x_wconf 84' lang='lat' dir='ltr'><strong>fratri</strong></span> <span class='ocrx_word' id='word_1_8' title='bbox 1332 323 1458 428; x_wconf 89' lang='lat' dir='ltr'><strong>atque</strong></span> <span class='ocrx_word' id='word_1_9' title='bbox 1486 315 1727 426; x_wconf 84' lang='lat' dir='ltr'><strong>coepiscopo</strong></span> <span class='ocrx_word' id='word_1_10' title='bbox 1823 339 1824 344; x_wconf 62' lang='lat'>‘</span> <span class='ocrx_word' id='word_1_11' title='bbox 1873 303 1875 306; x_wconf 57' lang='grc'><strong>’</strong></span> 
     </span>
     <span class='ocr_line' id='line_1_3' title="bbox 317 443 1726 559; baseline -0.004 -24"><span class='ocrx_word' id='word_1_12' title='bbox 317 447 532 535; x_wconf 59' lang='lat' dir='ltr'><strong>&amp;ricberto</strong></span> <span class='ocrx_word' id='word_1_13' title='bbox 547 443 582 554; x_wconf 87' lang='lat'><strong>¹)</strong></span> <span class='ocrx_word' id='word_1_14' title='bbox 610 472 749 528; x_wconf 88' lang='lat' dir='ltr'><strong>servus</strong></span> <span class='ocrx_word' id='word_1_15' title='bbox 767 454 986 530; x_wconf 87' lang='lat' dir='ltr'><strong>&#39;servorum</strong></span> <span class='ocrx_word' id='word_1_16' title='bbox 1015 445 1091 530; x_wconf 90' lang='lat' dir='ltr'><strong>Dei</strong></span> <span class='ocrx_word' id='word_1_17' title='bbox 1119 447 1264 556; x_wconf 76' lang='lat' dir='ltr'><strong>Apono</strong></span> <span class='ocrx_word' id='word_1_18' title='bbox 1276 446 1312 559; x_wconf 84' lang='lat'><strong>²)</strong></span> <span class='ocrx_word' id='word_1_19' title='bbox 1341 447 1465 532; x_wconf 88' lang='lat' dir='ltr'><strong>etiam</strong></span> <span class='ocrx_word' id='word_1_20' title='bbox 1483 449 1526 532; x_wconf 91' lang='lat' dir='ltr'><strong>in</strong></span> <span class='ocrx_word' id='word_1_21' title='bbox 1549 448 1726 530; x_wconf 90' lang='lat' dir='ltr'><strong>Domino</strong></span> 
     </span>
     <span class='ocr_line' id='line_1_4' title="bbox 316 574 1726 690; baseline -0.001 -26"><span class='ocrx_word' id='word_1_22' title='bbox 316 581 500 666; x_wconf 84' lang='lat' dir='ltr'><strong>salutem.</strong></span> <span class='ocrx_word' id='word_1_23' title='bbox 514 574 547 686; x_wconf 78' lang='lat'><strong>³)</strong></span> <span class='ocrx_word' id='word_1_24' title='bbox 592 574 812 660; x_wconf 84' lang='lat' dir='ltr'><strong>Serretitati</strong></span> <span class='ocrx_word' id='word_1_25' title='bbox 832 581 927 660; x_wconf 88' lang='lat' dir='ltr'><strong>tuuc</strong></span> <span class='ocrx_word' id='word_1_26' title='bbox 948 604 1046 686; x_wconf 83' lang='lat' dir='ltr'><strong>erga</strong></span> <span class='ocrx_word' id='word_1_27' title='bbox 1070 577 1252 662; x_wconf 79' lang='lat' dir='ltr'><strong>divinum</strong></span> <span class='ocrx_word' id='word_1_28' title='bbox 1276 577 1432 662; x_wconf 90' lang='lat' dir='ltr'><strong>cultum</strong></span> <span class='ocrx_word' id='word_1_29' title='bbox 1460 579 1557 690; x_wconf 79' lang='lat' dir='ltr'><strong>uigil</strong></span> <span class='ocrx_word' id='word_1_30' title='bbox 1579 579 1726 690; x_wconf 89' lang='lat' dir='ltr'><strong>piaque</strong></span> 
     </span>
    </p>
   </div>
   <div class='ocr_carea' id='block_1_3' title="bbox 316 705 1863 822">
    <p class='ocr_par' dir='ltr' id='par_1_3' title="bbox 316 705 1863 822">
     <span class='ocr_line' id='line_1_5' title="bbox 316 705 1863 822; baseline -0.007 -24"><span class='ocrx_word' id='word_1_31' title='bbox 316 712 489 798; x_wconf 88' lang='lat' dir='ltr'><strong>devotio.</strong></span> <span class='ocrx_word' id='word_1_32' title='bbox 536 705 639 789; x_wconf 75' lang='lat' dir='ltr'><strong>(lam</strong></span> <span class='ocrx_word' id='word_1_33' title='bbox 667 706 775 818; x_wconf 91' lang='lat' dir='ltr'><strong>apud</strong></span> <span class='ocrx_word' id='word_1_34' title='bbox 805 707 1016 791; x_wconf 89' lang='lat' dir='ltr'><strong>ecelesiam</strong></span> <span class='ocrx_word' id='word_1_35' title='bbox 1046 707 1282 792; x_wconf 81' lang='lat' dir='ltr'><strong>Brixianam</strong></span> <span class='ocrx_word' id='word_1_36' title='bbox 1304 708 1545 820; x_wconf 83' lang='lat' dir='ltr'><strong>religionem</strong></span> <span class='ocrx_word' id='word_1_37' title='bbox 1574 739 1726 822; x_wconf 83' lang='lat' dir='ltr'><strong>augere</strong></span> <span class='ocrx_word' id='word_1_38' title='bbox 1761 749 1764 754; x_wconf 92' lang='lat'>·</span> <span class='ocrx_word' id='word_1_39' title='bbox 1833 751 1863 810; x_wconf 63' lang='lat' dir='ltr'><em>g</em></span> 
     </span>
    </p>
   </div>
   <div class='ocr_carea' id='block_1_4' title="bbox 309 837 1843 1864">
    <p class='ocr_par' dir='ltr' id='par_1_4' title="bbox 309 837 1843 1864">
     <span class='ocr_line' id='line_1_6' title="bbox 315 837 1828 953; baseline -0.005 -23"><span class='ocrx_word' id='word_1_40' title='bbox 315 839 592 938; x_wconf 78' lang='lat' dir='ltr'><strong>contenderet,</strong></span> <span class='ocrx_word' id='word_1_41' title='bbox 618 839 910 922; x_wconf 87' lang='lat' dir='ltr'><strong>monasterium</strong></span> <span class='ocrx_word' id='word_1_42' title='bbox 932 837 1091 923; x_wconf 87' lang='lat' dir='ltr'><strong>studuit</strong></span> <span class='ocrx_word' id='word_1_43' title='bbox 1113 839 1326 953; x_wconf 89' lang='lat' dir='ltr'><strong>aptissimo</strong></span> <span class='ocrx_word' id='word_1_44' title='bbox 1347 839 1438 924; x_wconf 90' lang='lat' dir='ltr'><strong>loco</strong></span> <span class='ocrx_word' id='word_1_45' title='bbox 1458 851 1725 927; x_wconf 86' lang='lat' dir='ltr'><strong>extramuros</strong></span> <span class='ocrx_word' id='word_1_46' title='bbox 1816 931 1828 952; x_wconf 24' lang='grc' dir='ltr'><strong>κ</strong></span> 
     </span>
     <span class='ocr_line' id='line_1_7' title="bbox 313 969 1843 1088; baseline -0.005 -28"><span class='ocrx_word' id='word_1_47' title='bbox 313 973 521 1088; x_wconf 79' lang='lat' dir='ltr'><strong>praefatae</strong></span> <span class='ocrx_word' id='word_1_48' title='bbox 560 969 692 1073; x_wconf 90' lang='lat' dir='ltr'><strong>urbis,</strong></span> <span class='ocrx_word' id='word_1_49' title='bbox 734 999 816 1082; x_wconf 92' lang='lat' dir='ltr'><strong>quo</strong></span> <span class='ocrx_word' id='word_1_50' title='bbox 855 969 1078 1055; x_wconf 86' lang='lat' dir='ltr'><strong>beatissimi</strong></span> <span class='ocrx_word' id='word_1_51' title='bbox 1123 973 1312 1082; x_wconf 88' lang='lat' dir='ltr'><strong>martyris</strong></span> <span class='ocrx_word' id='word_1_52' title='bbox 1353 971 1540 1057; x_wconf 85' lang='lat' dir='ltr'><strong>Faustini</strong></span> <span class='ocrx_word' id='word_1_53' title='bbox 1566 1000 1724 1080; x_wconf 48' lang='lat' dir='ltr'><strong>*corpus</strong></span> <span class='ocrx_word' id='word_1_54' title='bbox 1836 1060 1843 1074; x_wconf 62' lang='lat'>‚</span> 
     </span>
     <span class='ocr_line' id='line_1_8' title="bbox 315 1085 1726 1215; baseline -0.006 -23"><span class='ocrx_word' id='word_1_55' title='bbox 315 1101 552 1215; x_wconf 87' lang='lat' dir='ltr'><strong>requiescit,</strong></span> <span class='ocrx_word' id='word_1_56' title='bbox 592 1103 803 1187; x_wconf 88' lang='lat' dir='ltr'><strong>conditum</strong></span> <span class='ocrx_word' id='word_1_57' title='bbox 842 1101 907 1188; x_wconf 85' lang='lat' dir='ltr'><strong>iri.</strong></span> <span class='ocrx_word' id='word_1_58' title='bbox 973 1099 1049 1186; x_wconf 89' lang='lat' dir='ltr'><strong>His</strong></span> <span class='ocrx_word' id='word_1_59' title='bbox 1090 1103 1228 1214; x_wconf 85' lang='lat' dir='ltr'><strong>itaque</strong></span> <span class='ocrx_word' id='word_1_60' title='bbox 1251 1085 1346 1213; x_wconf 86' lang='lat' dir='ltr'><strong>¹piis</strong></span> <span class='ocrx_word' id='word_1_61' title='bbox 1382 1087 1726 1188; x_wconf 84' lang='lat' dir='ltr'><strong>aemulationibus</strong></span> 
     </span>
     <span class='ocr_line' id='line_1_9' title="bbox 313 1221 1749 1346; baseline -0.004 -24"><span class='ocrx_word' id='word_1_62' title='bbox 313 1236 393 1322; x_wconf 89' lang='lat' dir='ltr'><strong>tuis</strong></span> <span class='ocrx_word' id='word_1_63' title='bbox 422 1233 597 1320; x_wconf 83' lang='lat' dir='ltr'><strong>fratrum</strong></span> <span class='ocrx_word' id='word_1_64' title='bbox 628 1221 790 1346; x_wconf 72' lang='lat' dir='ltr'><strong>quoque</strong></span> <span class='ocrx_word' id='word_1_65' title='bbox 819 1238 861 1317; x_wconf 87' lang='lat' dir='ltr'><strong>et</strong></span> <span class='ocrx_word' id='word_1_66' title='bbox 889 1235 1223 1345; x_wconf 89' lang='lat' dir='ltr'><strong>coepiscoporum</strong></span> <span class='ocrx_word' id='word_1_67' title='bbox 1253 1234 1369 1319; x_wconf 83' lang='lat' dir='ltr'><strong>lavor</strong></span> <span class='ocrx_word' id='word_1_68' title='bbox 1394 1237 1613 1320; x_wconf 87' lang='lat' dir='ltr'><strong>comitatus</strong></span> <span class='ocrx_word' id='word_1_69' title='bbox 1641 1235 1749 1346; x_wconf 12' lang='lat' dir='ltr'><strong>suf-k</strong></span> 
     </span>
     <span class='ocr_line' id='line_1_10' title="bbox 312 1362 1793 1479; baseline -0.001 -28"><span class='ocrx_word' id='word_1_70' title='bbox 312 1367 442 1476; x_wconf 87' lang='lat' dir='ltr'><strong>fragia</strong></span> <span class='ocrx_word' id='word_1_71' title='bbox 460 1371 695 1476; x_wconf 87' lang='lat' dir='ltr'><strong>opportuna</strong></span> <span class='ocrx_word' id='word_1_72' title='bbox 714 1393 798 1452; x_wconf 87' lang='lat' dir='ltr'><strong>non</strong></span> <span class='ocrx_word' id='word_1_73' title='bbox 819 1362 978 1468; x_wconf 88' lang='lat' dir='ltr'><strong>abnuit,</strong></span> <span class='ocrx_word' id='word_1_74' title='bbox 1003 1364 1200 1479; x_wconf 89' lang='lat' dir='ltr'><strong>interque,</strong></span> <span class='ocrx_word' id='word_1_75' title='bbox 1231 1366 1327 1475; x_wconf 89' lang='lat' dir='ltr'><strong>quia</strong></span> <span class='ocrx_word' id='word_1_76' title='bbox 1351 1373 1532 1450; x_wconf 89' lang='lat' dir='ltr'><strong>nostram</strong></span> <span class='ocrx_word' id='word_1_77' title='bbox 1560 1374 1722 1476; x_wconf 88' lang='lat' dir='ltr'><strong>quoquo</strong></span> <span class='ocrx_word' id='word_1_78' title='bbox 1790 1383 1793 1391; x_wconf 88' lang='lat'>&#39;</span> 
     </span>
     <span class='ocr_line' id='line_1_11' title="bbox 311 1479 1722 1608; baseline -0.002 -25"><span class='ocrx_word' id='word_1_79' title='bbox 311 1498 582 1584; x_wconf 84' lang='lat' dir='ltr'><strong>humilitatem</strong></span> <span class='ocrx_word' id='word_1_80' title='bbox 606 1498 826 1582; x_wconf 85' lang='lat' dir='ltr'><strong>convenire</strong></span> <span class='ocrx_word' id='word_1_81' title='bbox 847 1479 1023 1598; x_wconf 86' lang='lat' dir='ltr'><strong>voluisti,</strong></span> <span class='ocrx_word' id='word_1_82' title='bbox 1049 1524 1212 1608; x_wconf 81' lang='lat' dir='ltr'><strong>rogans,</strong></span> <span class='ocrx_word' id='word_1_83' title='bbox 1232 1503 1278 1581; x_wconf 84' lang='lat' dir='ltr'><strong>ut</strong></span> <span class='ocrx_word' id='word_1_84' title='bbox 1297 1499 1578 1608; x_wconf 86' lang='lat' dir='ltr'><strong>presbyterum</strong></span> <span class='ocrx_word' id='word_1_85' title='bbox 1599 1504 1722 1606; x_wconf 87' lang='lat' dir='ltr'><strong>atque</strong></span> 
     </span>
     <span class='ocr_line' id='line_1_12' title="bbox 313 1619 1774 1741; baseline -0.001 -27"><span class='ocrx_word' id='word_1_86' title='bbox 313 1627 791 1730; x_wconf 86' lang='lat' dir='ltr'><strong>monachum-nostrum,</strong></span> <span class='ocrx_word' id='word_1_87' title='bbox 822 1627 952 1712; x_wconf 87' lang='lat' dir='ltr'><strong>virum</strong></span> <span class='ocrx_word' id='word_1_88' title='bbox 981 1625 1262 1713; x_wconf 87' lang='lat' dir='ltr'><strong>honorabilem</strong></span> <span class='ocrx_word' id='word_1_89' title='bbox 1292 1634 1336 1712; x_wconf 89' lang='lat' dir='ltr'><strong>ct</strong></span> <span class='ocrx_word' id='word_1_90' title='bbox 1364 1630 1548 1741; x_wconf 86' lang='lat' dir='ltr'><strong>apprime</strong></span> <span class='ocrx_word' id='word_1_91' title='bbox 1577 1627 1722 1714; x_wconf 83' lang='lat' dir='ltr'><strong>officiis</strong></span> <span class='ocrx_word' id='word_1_92' title='bbox 1771 1619 1774 1626; x_wconf 58' lang='grc'>’</span> 
     </span>
     <span class='ocr_line' id='line_1_13' title="bbox 309 1757 1721 1864; baseline -0.001 -20"><span class='ocrx_word' id='word_1_93' title='bbox 309 1758 543 1845; x_wconf 85' lang='lat' dir='ltr'><strong>monasticis</strong></span> <span class='ocrx_word' id='word_1_94' title='bbox 582 1757 839 1864; x_wconf 88' lang='lat' dir='ltr'><strong>institutum,</strong></span> <span class='ocrx_word' id='word_1_95' title='bbox 869 1757 1141 1842; x_wconf 81' lang='lat' dir='ltr'><strong>Moirrardnra</strong></span> <span class='ocrx_word' id='word_1_96' title='bbox 1171 1761 1360 1860; x_wconf 83' lang='lat' dir='ltr'><strong>nourino,</strong></span> <span class='ocrx_word' id='word_1_97' title='bbox 1396 1759 1721 1861; x_wconf 84' lang='lat' dir='ltr'><strong>concederemus,</strong></span> 
     </span>
    </p>
   </div>
   <div class='ocr_carea' id='block_1_5' title="bbox 77 1871 1831 2012">
    <p class='ocr_par' dir='ltr' id='par_1_5' title="bbox 77 1871 1831 2012">
     <span class='ocr_line' id='line_1_14' title="bbox 77 1871 1831 2012; baseline -0.002 -35"><span class='ocrx_word' id='word_1_98' title='bbox 77 1874 82 1887; x_wconf 19' lang='grc' dir='ltr'>ἲ</span> <span class='ocrx_word' id='word_1_99' title='bbox 201 1891 207 1906; x_wconf 79' lang='grc'><strong><em>’</em></strong></span> <span class='ocrx_word' id='word_1_100' title='bbox 309 1899 510 2005; x_wconf 90' lang='lat' dir='ltr'><strong>quatenus</strong></span> <span class='ocrx_word' id='word_1_101' title='bbox 540 1919 633 1978; x_wconf 87' lang='lat' dir='ltr'><strong>curn</strong></span> <span class='ocrx_word' id='word_1_102' title='bbox 663 1888 706 1974; x_wconf 84' lang='lat' dir='ltr'><strong>in</strong></span> <span class='ocrx_word' id='word_1_103' title='bbox 737 1887 946 2000; x_wconf 87' lang='lat' dir='ltr'><strong>praedicto</strong></span> <span class='ocrx_word' id='word_1_104' title='bbox 976 1871 1224 1974; x_wconf 84' lang='lat' dir='ltr'><strong>monasterio</strong></span> <span class='ocrx_word' id='word_1_105' title='bbox 1254 1889 1460 1974; x_wconf 74' lang='lat' dir='ltr'><strong>abbatas</strong></span> <span class='ocrx_word' id='word_1_106' title='bbox 1500 1893 1720 1998; x_wconf 81' lang='lat' dir='ltr'><strong>ordinares,</strong></span> <span class='ocrx_word' id='word_1_107' title='bbox 1782 1883 1783 1886; x_wconf 5' lang='grc' dir='ltr'>Ὺ</span> <span class='ocrx_word' id='word_1_108' title='bbox 1827 2004 1831 2012; x_wconf 22' lang='lat'><strong>¹</strong></span> 
     </span>
    </p>
   </div>
   <div class='ocr_carea' id='block_1_6' title="bbox 307 2019 1796 2530">
    <p class='ocr_par' dir='ltr' id='par_1_6' title="bbox 307 2019 1796 2530">
     <span class='ocr_line' id='line_1_15' title="bbox 309 2019 1718 2134; baseline -0.002 -25"><span class='ocrx_word' id='word_1_109' title='bbox 309 2027 403 2110; x_wconf 87' lang='lat' dir='ltr'><strong>licet</strong></span> <span class='ocrx_word' id='word_1_110' title='bbox 439 2024 628 2126; x_wconf 86' lang='lat' dir='ltr'><strong>difficile,</strong></span> <span class='ocrx_word' id='word_1_111' title='bbox 658 2019 755 2134; x_wconf 91' lang='lat' dir='ltr'><strong>quia</strong></span> <span class='ocrx_word' id='word_1_112' title='bbox 783 2023 870 2132; x_wconf 88' lang='lat' dir='ltr'><strong>ejus</strong></span> <span class='ocrx_word' id='word_1_113' title='bbox 898 2019 1073 2130; x_wconf 82' lang='lat' dir='ltr'><strong>collegio</strong></span> <span class='ocrx_word' id='word_1_114' title='bbox 1104 2049 1188 2105; x_wconf 94' lang='lat' dir='ltr'><strong>non</strong></span> <span class='ocrx_word' id='word_1_115' title='bbox 1218 2020 1375 2105; x_wconf 87' lang='lat' dir='ltr'><strong>modice</strong></span> <span class='ocrx_word' id='word_1_116' title='bbox 1403 2023 1718 2124; x_wconf 83' lang='lat' dir='ltr'><strong>delectabamur,</strong></span> 
     </span>
     <span class='ocr_line' id='line_1_16' title="bbox 308 2151 1717 2266; baseline -0.003 -24"><span class='ocrx_word' id='word_1_117' title='bbox 308 2165 441 2242; x_wconf 90' lang='lat' dir='ltr'><strong>tamen</strong></span> <span class='ocrx_word' id='word_1_118' title='bbox 485 2153 708 2266; x_wconf 89' lang='lat' dir='ltr'><strong>apostolica</strong></span> <span class='ocrx_word' id='word_1_119' title='bbox 749 2151 849 2238; x_wconf 88' lang='lat' dir='ltr'><strong>moti</strong></span> <span class='ocrx_word' id='word_1_120' title='bbox 886 2153 1113 2256; x_wconf 89' lang='lat' dir='ltr'><strong>sententia,</strong></span> <span class='ocrx_word' id='word_1_121' title='bbox 1135 2181 1250 2262; x_wconf 63' lang='lat' dir='ltr'><strong>rquae</strong></span> <span class='ocrx_word' id='word_1_122' title='bbox 1279 2153 1400 2238; x_wconf 88' lang='lat' dir='ltr'><strong>dicit:</strong></span> <span class='ocrx_word' id='word_1_123' title='bbox 1450 2155 1613 2240; x_wconf 75' lang='lat' dir='ltr'><strong>Caritas</strong></span> <span class='ocrx_word' id='word_1_124' title='bbox 1640 2181 1717 2238; x_wconf 82' lang='lat' dir='ltr'><strong>noa</strong></span> 
     </span>
     <span class='ocr_line' id='line_1_17' title="bbox 307 2285 1796 2396; baseline -0.003 -24"><span class='ocrx_word' id='word_1_125' title='bbox 307 2289 475 2396; x_wconf 76' lang='lat' dir='ltr'><strong>paruerit,</strong></span> <span class='ocrx_word' id='word_1_126' title='bbox 504 2313 604 2396; x_wconf 74' lang='lat' dir='ltr'><strong>qnae</strong></span> <span class='ocrx_word' id='word_1_127' title='bbox 631 2313 708 2372; x_wconf 83' lang='lat' dir='ltr'><strong>sna</strong></span> <span class='ocrx_word' id='word_1_128' title='bbox 736 2291 847 2386; x_wconf 74' lang='lat' dir='ltr'><strong>sarrit,</strong></span> <span class='ocrx_word' id='word_1_129' title='bbox 878 2287 928 2372; x_wconf 87' lang='lat' dir='ltr'><strong>ad</strong></span> <span class='ocrx_word' id='word_1_130' title='bbox 960 2291 1118 2373; x_wconf 90' lang='lat' dir='ltr'><strong>tantam</strong></span> <span class='ocrx_word' id='word_1_131' title='bbox 1144 2285 1366 2371; x_wconf 87' lang='lat' dir='ltr'><strong>utilitatem</strong></span> <span class='ocrx_word' id='word_1_132' title='bbox 1387 2293 1482 2371; x_wconf 86' lang='lat' dir='ltr'><strong>tuae</strong></span> <span class='ocrx_word' id='word_1_133' title='bbox 1511 2285 1718 2370; x_wconf 87' lang='lat' dir='ltr'><strong>sanctitati</strong></span> <span class='ocrx_word' id='word_1_134' title='bbox 1788 2287 1796 2298; x_wconf 77' lang='lat'>&#39;</span> 
     </span>
     <span class='ocr_line' id='line_1_18' title="bbox 308 2417 1721 2530; baseline -0.002 -25"><span class='ocrx_word' id='word_1_135' title='bbox 308 2421 556 2525; x_wconf 87' lang='lat' dir='ltr'><strong>remisimus,</strong></span> <span class='ocrx_word' id='word_1_136' title='bbox 586 2424 629 2505; x_wconf 91' lang='lat' dir='ltr'><strong>et</strong></span> <span class='ocrx_word' id='word_1_137' title='bbox 657 2426 705 2505; x_wconf 93' lang='lat' dir='ltr'><strong>ut</strong></span> <span class='ocrx_word' id='word_1_138' title='bbox 732 2417 774 2504; x_wconf 88' lang='lat' dir='ltr'><strong>in</strong></span> <span class='ocrx_word' id='word_1_139' title='bbox 804 2421 989 2530; x_wconf 84' lang='lat' dir='ltr'><strong>praelato</strong></span> <span class='ocrx_word' id='word_1_140' title='bbox 1018 2417 1160 2507; x_wconf 87' lang='lat' dir='ltr'><strong>sancto</strong></span> <span class='ocrx_word' id='word_1_141' title='bbox 1189 2419 1279 2506; x_wconf 89' lang='lat' dir='ltr'><strong>loco</strong></span> <span class='ocrx_word' id='word_1_142' title='bbox 1309 2449 1333 2504; x_wconf 89' lang='lat' dir='ltr'><strong>a</strong></span> <span class='ocrx_word' id='word_1_143' title='bbox 1361 2425 1403 2502; x_wconf 90' lang='lat' dir='ltr'><strong>te</strong></span> <span class='ocrx_word' id='word_1_144' title='bbox 1433 2423 1551 2530; x_wconf 84' lang='lat' dir='ltr'><strong>pater</strong></span> <span class='ocrx_word' id='word_1_145' title='bbox 1579 2447 1721 2502; x_wconf 88' lang='lat' dir='ltr'><strong>mona·</strong></span> 
     </span>
    </p>
   </div>
   <div class='ocr_carea' id='block_1_7' title="bbox 307 2551 1918 2664">
    <p class='ocr_par' dir='ltr' id='par_1_7' title="bbox 307 2551 1918 2664">
     <span class='ocr_line' id='line_1_19' title="bbox 307 2551 1918 2664; baseline -0.002 -28"><span class='ocrx_word' id='word_1_146' title='bbox 307 2553 418 2636; x_wconf 85' lang='lat' dir='ltr'><strong>sterii</strong></span> <span class='ocrx_word' id='word_1_147' title='bbox 447 2551 678 2638; x_wconf 89' lang='lat' dir='ltr'><strong>consecrari</strong></span> <span class='ocrx_word' id='word_1_148' title='bbox 708 2551 877 2636; x_wconf 91' lang='lat' dir='ltr'><strong>deberet</strong></span> <span class='ocrx_word' id='word_1_149' title='bbox 905 2555 1190 2640; x_wconf 84' lang='lat' dir='ltr'><strong>concessimus.</strong></span> <span class='ocrx_word' id='word_1_150' title='bbox 1249 2551 1372 2636; x_wconf 92' lang='lat' dir='ltr'><strong>Hunc</strong></span> <span class='ocrx_word' id='word_1_151' title='bbox 1411 2578 1512 2661; x_wconf 82' lang='lat' dir='ltr'><strong>ergo</strong></span> <span class='ocrx_word' id='word_1_152' title='bbox 1548 2551 1719 2633; x_wconf 90' lang='lat' dir='ltr'><strong>anobis</strong></span> <span class='ocrx_word' id='word_1_153' title='bbox 1844 2658 1846 2664; x_wconf 14' lang='grc' dir='ltr'><strong><em>Α</em></strong></span> <span class='ocrx_word' id='word_1_154' title='bbox 1914 2599 1918 2609; x_wconf 83' lang='grc'>·</span> 
     </span>
    </p>
   </div>
   <div class='ocr_carea' id='block_1_8' title="bbox 224 2675 1802 3055">
    <p class='ocr_par' dir='ltr' id='par_1_8' title="bbox 224 2675 1802 3055">
     <span class='ocr_line' id='line_1_20' title="bbox 305 2675 1720 2798; baseline -0.003 -31"><span class='ocrx_word' id='word_1_155' title='bbox 305 2685 537 2770; x_wconf 88' lang='lat' dir='ltr'><strong>absolutum</strong></span> <span class='ocrx_word' id='word_1_156' title='bbox 571 2691 745 2794; x_wconf 87' lang='lat' dir='ltr'><strong>tuaeque</strong></span> <span class='ocrx_word' id='word_1_157' title='bbox 774 2684 985 2768; x_wconf 86' lang='lat' dir='ltr'><strong>sanctitati</strong></span> <span class='ocrx_word' id='word_1_158' title='bbox 1013 2686 1270 2769; x_wconf 87' lang='lat' dir='ltr'><strong>commissum</strong></span> <span class='ocrx_word' id='word_1_159' title='bbox 1305 2682 1481 2791; x_wconf 84' lang='lat' dir='ltr'><strong>profusis</strong></span> <span class='ocrx_word' id='word_1_160' title='bbox 1499 2675 1592 2798; x_wconf 85' lang='lat' dir='ltr'><strong>jam</strong></span> <span class='ocrx_word' id='word_1_161' title='bbox 1613 2683 1720 2794; x_wconf 74' lang='lat' dir='ltr'><strong>barre</strong></span> 
     </span>
     <span class='ocr_line' id='line_1_21' title="bbox 224 2803 1802 2936; baseline -0.001 -38"><span class='ocrx_word' id='word_1_162' title='bbox 224 2815 229 2832; x_wconf 92' lang='lat'>&#39;</span> <span class='ocrx_word' id='word_1_163' title='bbox 306 2815 492 2924; x_wconf 88' lang='lat' dir='ltr'><strong>precibus</strong></span> <span class='ocrx_word' id='word_1_164' title='bbox 533 2814 886 2917; x_wconf 87' lang='lat' dir='ltr'><strong>commendamus,</strong></span> <span class='ocrx_word' id='word_1_165' title='bbox 916 2823 964 2900; x_wconf 92' lang='lat' dir='ltr'><strong>nt</strong></span> <span class='ocrx_word' id='word_1_166' title='bbox 992 2817 1033 2900; x_wconf 89' lang='lat' dir='ltr'><strong>in</strong></span> <span class='ocrx_word' id='word_1_167' title='bbox 1065 2823 1199 2899; x_wconf 86' lang='lat' dir='ltr'><strong>vestra</strong></span> <span class='ocrx_word' id='word_1_168' title='bbox 1227 2810 1397 2898; x_wconf 86' lang='lat' dir='ltr'><strong>ecclesia</strong></span> <span class='ocrx_word' id='word_1_169' title='bbox 1427 2812 1556 2898; x_wconf 82' lang='lat' dir='ltr'><strong>divini</strong></span> <span class='ocrx_word' id='word_1_170' title='bbox 1586 2803 1721 2936; x_wconf 79' lang='lat' dir='ltr'><strong>fumu-</strong></span> <span class='ocrx_word' id='word_1_171' title='bbox 1801 2823 1802 2828; x_wconf 71' lang='lat'>&#39;</span> 
     </span>
     <span class='ocr_line' id='line_1_22' title="bbox 306 2943 1782 3055; baseline 0.001 -29"><span class='ocrx_word' id='word_1_172' title='bbox 306 2943 412 3027; x_wconf 90' lang='lat' dir='ltr'><strong>latus</strong></span> <span class='ocrx_word' id='word_1_173' title='bbox 437 2951 613 3031; x_wconf 81' lang='lat' dir='ltr'><strong>vestrum</strong></span> <span class='ocrx_word' id='word_1_174' title='bbox 638 2947 978 3055; x_wconf 89' lang='lat' dir='ltr'><strong>sacerdotumque</strong></span> <span class='ocrx_word' id='word_1_175' title='bbox 1003 2952 1228 3032; x_wconf 89' lang='lat' dir='ltr'><strong>vestrorum</strong></span> <span class='ocrx_word' id='word_1_176' title='bbox 1252 2943 1493 3054; x_wconf 81' lang='lat' dir='ltr'><strong>suffragium</strong></span> <span class='ocrx_word' id='word_1_177' title='bbox 1519 2951 1721 3030; x_wconf 88' lang='lat' dir='ltr'><strong>mereatur</strong></span> <span class='ocrx_word' id='word_1_178' title='bbox 1781 2979 1782 2982; x_wconf 18' lang='grc' dir='ltr'><strong><em>Ψ</em></strong></span> 
     </span>
    </p>
   </div>
   <div class='ocr_carea' id='block_1_9' title="bbox 1662 3057 1666 3064">
    <p class='ocr_par' dir='ltr' id='par_1_9' title="bbox 1662 3057 1666 3064">
     <span class='ocr_line' id='line_1_23' title="bbox 1662 3057 1666 3064; baseline 0 -2"><span class='ocrx_word' id='word_1_179' title='bbox 1662 3057 1666 3064; x_wconf 57' lang='lat'>4</span> 
     </span>
    </p>
   </div>
   <div class='ocr_carea' id='block_1_10' title="bbox 305 3073 1918 3190">
    <p class='ocr_par' dir='ltr' id='par_1_10' title="bbox 305 3073 1918 3190">
     <span class='ocr_line' id='line_1_24' title="bbox 305 3073 1918 3190; baseline 0.002 -36"><span class='ocrx_word' id='word_1_180' title='bbox 305 3078 346 3154; x_wconf 89' lang='lat' dir='ltr'><strong>et</strong></span> <span class='ocrx_word' id='word_1_181' title='bbox 374 3079 618 3184; x_wconf 89' lang='lat' dir='ltr'><strong>cooperante</strong></span> <span class='ocrx_word' id='word_1_182' title='bbox 657 3077 794 3190; x_wconf 81' lang='lat' dir='ltr'><strong>gratio</strong></span> <span class='ocrx_word' id='word_1_183' title='bbox 824 3077 900 3162; x_wconf 89' lang='lat' dir='ltr'><strong>Dei</strong></span> <span class='ocrx_word' id='word_1_184' title='bbox 940 3075 1102 3160; x_wconf 88' lang='lat' dir='ltr'><strong>abbatis</strong></span> <span class='ocrx_word' id='word_1_185' title='bbox 1139 3074 1341 3180; x_wconf 85' lang='lat' dir='ltr'><strong>officium,</strong></span> <span class='ocrx_word' id='word_1_186' title='bbox 1368 3076 1422 3180; x_wconf 64' lang='lat' dir='ltr'><strong>,ad</strong></span> <span class='ocrx_word' id='word_1_187' title='bbox 1463 3075 1571 3184; x_wconf 89' lang='lat' dir='ltr'><strong>quod</strong></span> <span class='ocrx_word' id='word_1_188' title='bbox 1609 3075 1721 3158; x_wconf 83' lang='lat' dir='ltr'><strong>exer·</strong></span> <span class='ocrx_word' id='word_1_189' title='bbox 1837 3139 1872 3158; x_wconf 77' lang='lat'><strong>..</strong></span> <span class='ocrx_word' id='word_1_190' title='bbox 1917 3073 1918 3077; x_wconf 57' lang='lat'><em>&#39;</em></span> 
     </span>
    </p>
   </div>
   <div class='ocr_carea' id='block_1_11' title="bbox 305 3202 1719 3312">
    <p class='ocr_par' dir='ltr' id='par_1_11' title="bbox 305 3202 1719 3312">
     <span class='ocr_line' id='line_1_25' title="bbox 305 3202 1719 3312; baseline 0 -28"><span class='ocrx_word' id='word_1_191' title='bbox 305 3202 477 3286; x_wconf 87' lang='lat' dir='ltr'><strong>cendum</strong></span> <span class='ocrx_word' id='word_1_192' title='bbox 507 3205 680 3291; x_wconf 87' lang='lat' dir='ltr'><strong>eundem</strong></span> <span class='ocrx_word' id='word_1_193' title='bbox 712 3205 827 3292; x_wconf 84' lang='lat' dir='ltr'><strong>vobis</strong></span> <span class='ocrx_word' id='word_1_194' title='bbox 855 3207 1140 3312; x_wconf 86' lang='lat' dir='ltr'><strong>concessimus,</strong></span> <span class='ocrx_word' id='word_1_195' title='bbox 1167 3215 1332 3290; x_wconf 76' lang='lat' dir='ltr'><strong>strenuo</strong></span> <span class='ocrx_word' id='word_1_196' title='bbox 1362 3207 1498 3291; x_wconf 85' lang='lat' dir='ltr'><strong>valeat</strong></span> <span class='ocrx_word' id='word_1_197' title='bbox 1528 3205 1719 3289; x_wconf 83' lang='lat' dir='ltr'><strong>exhibere</strong></span> 
     </span>
    </p>
   </div>
   <div class='ocr_carea' id='block_1_12' title="bbox 70 3322 1717 3448">
    <p class='ocr_par' dir='ltr' id='par_1_12' title="bbox 70 3322 1717 3448">
     <span class='ocr_line' id='line_1_26' title="bbox 70 3322 1717 3448; baseline 0.003 -37"><span class='ocrx_word' id='word_1_198' title='bbox 70 3441 73 3448; x_wconf 15' lang='grc' dir='ltr'><strong><em>ι</em></strong></span> <span class='ocrx_word' id='word_1_199' title='bbox 186 3322 187 3326; x_wconf 8' lang='grc' dir='ltr'><strong><em>Ν</em></strong></span> <span class='ocrx_word' id='word_1_200' title='bbox 305 3331 510 3415; x_wconf 89' lang='lat' dir='ltr'><strong>communi</strong></span> <span class='ocrx_word' id='word_1_201' title='bbox 539 3338 722 3420; x_wconf 87' lang='lat' dir='ltr'><strong>omniurn</strong></span> <span class='ocrx_word' id='word_1_202' title='bbox 751 3334 904 3420; x_wconf 88' lang='lat' dir='ltr'><strong>auxilio</strong></span> <span class='ocrx_word' id='word_1_203' title='bbox 926 3335 1055 3418; x_wconf 88' lang='lat' dir='ltr'><strong>l&#39;ultus</strong></span> <span class='ocrx_word' id='word_1_204' title='bbox 1083 3342 1125 3420; x_wconf 90' lang='lat' dir='ltr'><strong>et</strong></span> <span class='ocrx_word' id='word_1_205' title='bbox 1154 3365 1278 3422; x_wconf 89' lang='lat' dir='ltr'><strong>manu</strong></span> <span class='ocrx_word' id='word_1_206' title='bbox 1305 3366 1379 3421; x_wconf 88' lang='lat' dir='ltr'><strong>sua</strong></span> <span class='ocrx_word' id='word_1_207' title='bbox 1400 3334 1564 3422; x_wconf 89' lang='lat' dir='ltr'><strong>scribut.</strong></span> <span class='ocrx_word' id='word_1_208' title='bbox 1609 3335 1717 3420; x_wconf 85' lang='lat' dir='ltr'><strong>Deus</strong></span> 
     </span>
    </p>
   </div>
   <div class='ocr_carea' id='block_1_13' title="bbox 250 3459 1719 4580">
    <p class='ocr_par' dir='ltr' id='par_1_13' title="bbox 258 3459 1241 3568">
     <span class='ocr_line' id='line_1_27' title="bbox 258 3459 1241 3568; baseline 0.015 -29"><span class='ocrx_word' id='word_1_209' title='bbox 258 3506 261 3512; x_wconf 93' lang='lat'><em>-</em></span> <span class='ocrx_word' id='word_1_210' title='bbox 304 3465 344 3540; x_wconf 89' lang='lat' dir='ltr'><strong>te</strong></span> <span class='ocrx_word' id='word_1_211' title='bbox 372 3459 619 3548; x_wconf 88' lang='lat' dir='ltr'><strong>incolumem</strong></span> <span class='ocrx_word' id='word_1_212' title='bbox 649 3465 867 3568; x_wconf 87' lang='lat' dir='ltr'><strong>custodiat,</strong></span> <span class='ocrx_word' id='word_1_213' title='bbox 898 3466 1035 3554; x_wconf 86' lang='lat' dir='ltr'><strong>irater.</strong></span> <span class='ocrx_word' id='word_1_214' title='bbox 1096 3468 1241 3554; x_wconf 84' lang='lat' dir='ltr'><strong>Amen.</strong></span> 
     </span>
    </p>

    <p class='ocr_par' dir='ltr' id='par_1_14' title="bbox 302 3592 1719 4096">
     <span class='ocr_line' id='line_1_28' title="bbox 413 3592 1718 3694; baseline 0.005 -20"><span class='ocrx_word' id='word_1_215' title='bbox 413 3592 516 3676; x_wconf 87' lang='lat' dir='ltr'><strong>Item</strong></span> <span class='ocrx_word' id='word_1_216' title='bbox 548 3595 653 3694; x_wconf 90' lang='lat' dir='ltr'><strong>alter</strong></span> <span class='ocrx_word' id='word_1_217' title='bbox 681 3623 726 3682; x_wconf 84' lang='grc' dir='ltr'><strong>π.</strong></span> <span class='ocrx_word' id='word_1_218' title='bbox 758 3625 795 3680; x_wconf 84' lang='lat' dir='ltr'><strong>a.</strong></span> <span class='ocrx_word' id='word_1_219' title='bbox 824 3627 863 3681; x_wconf 88' lang='grc' dir='ltr'><strong>α.</strong></span> <span class='ocrx_word' id='word_1_220' title='bbox 892 3624 938 3682; x_wconf 84' lang='lat' dir='ltr'><strong>rr.</strong></span> <span class='ocrx_word' id='word_1_221' title='bbox 970 3595 1148 3680; x_wconf 85' lang='lat' dir='ltr'><strong>Dorrrino</strong></span> <span class='ocrx_word' id='word_1_222' title='bbox 1177 3595 1296 3681; x_wconf 86' lang='lat' dir='ltr'><strong>fratri</strong></span> <span class='ocrx_word' id='word_1_223' title='bbox 1326 3595 1550 3680; x_wconf 87' lang='lat' dir='ltr'><strong>Itamberto</strong></span> <span class='ocrx_word' id='word_1_224' title='bbox 1580 3595 1718 3680; x_wconf 86' lang='lat' dir='ltr'><strong>Brixi-</strong></span> 
     </span>
     <span class='ocr_line' id='line_1_29' title="bbox 304 3677 1718 3838; baseline 0 -36"><span class='ocrx_word' id='word_1_225' title='bbox 304 3677 409 3804; x_wconf 71' lang='lat' dir='ltr'><strong>insa</strong></span> <span class='ocrx_word' id='word_1_226' title='bbox 438 3722 632 3808; x_wconf 88' lang='lat' dir='ltr'><strong>ecclesiae</strong></span> <span class='ocrx_word' id='word_1_227' title='bbox 659 3723 1129 3838; x_wconf 47' lang='lat' dir='ltr'><strong>praesuliWolllcoast)</strong></span> <span class='ocrx_word' id='word_1_228' title='bbox 1159 3725 1487 3813; x_wconf 81' lang='lat' dir='ltr'><strong>Oorrstoutiensis</strong></span> <span class='ocrx_word' id='word_1_229' title='bbox 1504 3726 1718 3834; x_wconf 76' lang='lat' dir='ltr'><strong>episcopus</strong></span> 
     </span>
     <span class='ocr_line' id='line_1_30' title="bbox 302 3851 1719 3964; baseline 0.003 -32"><span class='ocrx_word' id='word_1_230' title='bbox 302 3851 427 3954; x_wconf 83' lang='lat' dir='ltr'><strong>aedis,</strong></span> <span class='ocrx_word' id='word_1_231' title='bbox 456 3860 666 3961; x_wconf 88' lang='lat' dir='ltr'><strong>aeternam</strong></span> <span class='ocrx_word' id='word_1_232' title='bbox 696 3858 738 3940; x_wconf 94' lang='lat' dir='ltr'><strong>in</strong></span> <span class='ocrx_word' id='word_1_233' title='bbox 770 3855 960 3938; x_wconf 89' lang='lat' dir='ltr'><strong>Domino</strong></span> <span class='ocrx_word' id='word_1_234' title='bbox 978 3856 1164 3942; x_wconf 87' lang='lat' dir='ltr'><strong>salutern.</strong></span> <span class='ocrx_word' id='word_1_235' title='bbox 1225 3857 1428 3960; x_wconf 61' lang='lat' dir='ltr'>DLXNJ.</span> <span class='ocrx_word' id='word_1_236' title='bbox 1485 3855 1719 3964; x_wconf 81' lang='lat' dir='ltr'><strong>Cognoscat</strong></span> 
     </span>
     <span class='ocr_line' id='line_1_31' title="bbox 303 3970 1715 4096; baseline 0 -31"><span class='ocrx_word' id='word_1_237' title='bbox 303 3985 528 4091; x_wconf 86' lang='lat' dir='ltr'><strong>paternitas</strong></span> <span class='ocrx_word' id='word_1_238' title='bbox 556 3993 700 4090; x_wconf 74' lang='lat' dir='ltr'><strong>cestra,</strong></span> <span class='ocrx_word' id='word_1_239' title='bbox 731 3985 840 4096; x_wconf 90' lang='lat' dir='ltr'><strong>quod</strong></span> <span class='ocrx_word' id='word_1_240' title='bbox 863 3984 972 4071; x_wconf 86' lang='lat' dir='ltr'><strong>lruuc</strong></span> <span class='ocrx_word' id='word_1_241' title='bbox 991 3987 1195 4090; x_wconf 82' lang='lat' dir='ltr'><strong>clericum,</strong></span> <span class='ocrx_word' id='word_1_242' title='bbox 1227 3970 1715 4096; x_wconf 82' lang='lat' dir='ltr'><strong>nomineElgilmanuum</strong></span> 
     </span>
    </p>

    <p class='ocr_par' dir='ltr' id='par_1_15' title="bbox 391 4269 725 4360">
     <span class='ocr_line' id='line_1_32' title="bbox 391 4269 725 4360; baseline 0.012 -22"><span class='ocrx_word' id='word_1_243' title='bbox 391 4271 417 4360; x_wconf 73' lang='lat'><strong>¹)</strong></span> <span class='ocrx_word' id='word_1_244' title='bbox 441 4269 511 4343; x_wconf 69' lang='lat' dir='ltr'><strong>aer.</strong></span> <span class='ocrx_word' id='word_1_245' title='bbox 537 4291 567 4342; x_wconf 65' lang='grc' dir='ltr'><strong>ο.</strong></span> <span class='ocrx_word' id='word_1_246' title='bbox 590 4291 622 4344; x_wconf 74' lang='lat' dir='ltr'><strong>a</strong></span> <span class='ocrx_word' id='word_1_247' title='bbox 648 4269 725 4342; x_wconf 79' lang='lat' dir='ltr'><strong>mr.</strong></span> 
     </span>
    </p>

    <p class='ocr_par' dir='ltr' id='par_1_16' title="bbox 250 4375 1715 4580">
     <span class='ocr_line' id='line_1_33' title="bbox 250 4375 1059 4472; baseline -0.001 -24"><span class='ocrx_word' id='word_1_248' title='bbox 250 4459 253 4466; x_wconf 14' lang='lat' dir='ltr'>A</span> <span class='ocrx_word' id='word_1_249' title='bbox 391 4379 418 4470; x_wconf 85' lang='lat'><strong>²)</strong></span> <span class='ocrx_word' id='word_1_250' title='bbox 441 4378 637 4472; x_wconf 76' lang='lat' dir='ltr'><strong>Episcopus</strong></span> <span class='ocrx_word' id='word_1_251' title='bbox 659 4379 812 4469; x_wconf 78' lang='lat' dir='ltr'><strong>Bargasa</strong></span> <span class='ocrx_word' id='word_1_252' title='bbox 834 4375 907 4448; x_wconf 84' lang='lat' dir='ltr'><strong>nais</strong></span> <span class='ocrx_word' id='word_1_253' title='bbox 930 4398 959 4447; x_wconf 89' lang='lat' dir='ltr'><strong>c.</strong></span> <span class='ocrx_word' id='word_1_254' title='bbox 981 4377 1059 4447; x_wconf 80' lang='grc'><strong>867.</strong></span> 
     </span>
     <span class='ocr_line' id='line_1_34' title="bbox 389 4479 1715 4580; baseline -0.008 -20"><span class='ocrx_word' id='word_1_255' title='bbox 389 4493 419 4579; x_wconf 80' lang='lat'><strong>³)</strong></span> <span class='ocrx_word' id='word_1_256' title='bbox 442 4489 540 4562; x_wconf 86' lang='lat' dir='ltr'><strong>tluec</strong></span> <span class='ocrx_word' id='word_1_257' title='bbox 579 4490 705 4562; x_wconf 88' lang='lat' dir='ltr'><strong>literae</strong></span> <span class='ocrx_word' id='word_1_258' title='bbox 739 4487 816 4576; x_wconf 79' lang='lat' dir='ltr'><strong>J‘am</strong></span> <span class='ocrx_word' id='word_1_259' title='bbox 858 4485 957 4578; x_wconf 80' lang='lat' dir='ltr'><strong>typis</strong></span> <span class='ocrx_word' id='word_1_260' title='bbox 990 4491 1076 4580; x_wconf 67' lang='lat' dir='ltr'><strong>aunt</strong></span> <span class='ocrx_word' id='word_1_261' title='bbox 1108 4483 1300 4575; x_wconf 81' lang='lat' dir='ltr'><strong>impressae</strong></span> <span class='ocrx_word' id='word_1_262' title='bbox 1339 4483 1447 4574; x_wconf 52' lang='lat' dir='ltr'><strong>aprid,</strong></span> <span class='ocrx_word' id='word_1_263' title='bbox 1469 4479 1715 4554; x_wconf 83' lang='lat' dir='ltr'><strong>Mobilloniam</strong></span> 
     </span>
    </p>
   </div>
   <div class='ocr_carea' id='block_1_14' title="bbox 309 4590 1857 4700">
    <p class='ocr_par' dir='ltr' id='par_1_17' title="bbox 309 4590 1857 4700">
     <span class='ocr_line' id='line_1_35' title="bbox 309 4590 1857 4700; baseline -0.005 -32"><span class='ocrx_word' id='word_1_264' title='bbox 309 4597 430 4670; x_wconf 79' lang='lat' dir='ltr'><strong>Vetera</strong></span> <span class='ocrx_word' id='word_1_265' title='bbox 464 4599 639 4672; x_wconf 81' lang='lat' dir='ltr'><strong>Analecta</strong></span> <span class='ocrx_word' id='word_1_266' title='bbox 660 4599 776 4690; x_wconf 82' lang='lat' dir='ltr'><strong>(Paris</strong></span> <span class='ocrx_word' id='word_1_267' title='bbox 790 4599 919 4700; x_wconf 61' lang='lat' dir='ltr'><strong>litt),</strong></span> <span class='ocrx_word' id='word_1_268' title='bbox 940 4619 975 4688; x_wconf 89' lang='lat' dir='ltr'><strong>p.</strong></span> <span class='ocrx_word' id='word_1_269' title='bbox 998 4597 1076 4681; x_wconf 80' lang='lat' dir='ltr'><strong>mr,</strong></span> <span class='ocrx_word' id='word_1_270' title='bbox 1099 4599 1137 4667; x_wconf 88' lang='lat' dir='ltr'><strong>et</strong></span> <span class='ocrx_word' id='word_1_271' title='bbox 1159 4593 1195 4666; x_wconf 83' lang='lat' dir='ltr'><strong>ia</strong></span> <span class='ocrx_word' id='word_1_272' title='bbox 1218 4593 1375 4684; x_wconf 84' lang='lat' dir='ltr'><strong>ejusdem</strong></span> <span class='ocrx_word' id='word_1_273' title='bbox 1400 4590 1596 4664; x_wconf 80' lang='lat' dir='ltr'><strong>Annalibus</strong></span> <span class='ocrx_word' id='word_1_274' title='bbox 1617 4593 1719 4681; x_wconf 69' lang='lat' dir='ltr'><strong>(torus</strong></span> <span class='ocrx_word' id='word_1_275' title='bbox 1855 4673 1857 4679; x_wconf 23' lang='lat'><strong>¹</strong></span> 
     </span>
    </p>
   </div>
   <div class='ocr_carea' id='block_1_15' title="bbox 303 4700 1815 4812">
    <p class='ocr_par' dir='ltr' id='par_1_18' title="bbox 303 4700 1815 4812">
     <span class='ocr_line' id='line_1_36' title="bbox 303 4700 1815 4812; baseline -0.005 -36"><span class='ocrx_word' id='word_1_276' title='bbox 303 4707 348 4778; x_wconf 90' lang='lat' dir='ltr'><strong>tl.</strong></span> <span class='ocrx_word' id='word_1_277' title='bbox 369 4729 404 4798; x_wconf 87' lang='lat' dir='ltr'><strong>p.</strong></span> <span class='ocrx_word' id='word_1_278' title='bbox 427 4711 521 4796; x_wconf 80' lang='lat'><strong>618.)</strong></span> <span class='ocrx_word' id='word_1_279' title='bbox 558 4711 646 4800; x_wconf 74' lang='lat' dir='ltr'><strong>’lpse</strong></span> <span class='ocrx_word' id='word_1_280' title='bbox 669 4706 899 4780; x_wconf 83' lang='lat' dir='ltr'><strong>Mobillonius</strong></span> <span class='ocrx_word' id='word_1_281' title='bbox 929 4727 967 4777; x_wconf 85' lang='lat' dir='ltr'><strong>ro</strong></span> <span class='ocrx_word' id='word_1_282' title='bbox 997 4705 1062 4776; x_wconf 85' lang='lat' dir='ltr'><strong>lras</strong></span> <span class='ocrx_word' id='word_1_283' title='bbox 1093 4703 1214 4776; x_wconf 88' lang='lat' dir='ltr'><strong>literas</strong></span> <span class='ocrx_word' id='word_1_284' title='bbox 1243 4725 1286 4806; x_wconf 82' lang='lat'><strong>⁰¹.</strong></span> <span class='ocrx_word' id='word_1_285' title='bbox 1314 4700 1517 4812; x_wconf 84' lang='lat' dir='ltr'><strong>llildeurari</strong></span> <span class='ocrx_word' id='word_1_286' title='bbox 1540 4723 1715 4772; x_wconf 89' lang='lat' dir='ltr'><strong>commen·</strong></span> <span class='ocrx_word' id='word_1_287' title='bbox 1813 4717 1815 4720; x_wconf 84' lang='lat'>·</span> 
     </span>
    </p>
   </div>
   <div class='ocr_carea' id='block_1_16' title="bbox 234 4816 1322 5130">
    <p class='ocr_par' dir='ltr' id='par_1_19' title="bbox 234 4816 1322 5130">
     <span class='ocr_line' id='line_1_37' title="bbox 234 4816 730 4911; baseline 0.006 -24"><span class='ocrx_word' id='word_1_288' title='bbox 234 4841 237 4860; x_wconf 52' lang='grc' dir='ltr'><strong><em>Ψ</em></strong></span> <span class='ocrx_word' id='word_1_289' title='bbox 300 4816 391 4891; x_wconf 83' lang='lat' dir='ltr'><strong>turio</strong></span> <span class='ocrx_word' id='word_1_290' title='bbox 413 4818 608 4911; x_wconf 84' lang='lat' dir='ltr'><strong>sumpsisse</strong></span> <span class='ocrx_word' id='word_1_291' title='bbox 631 4817 730 4890; x_wconf 88' lang='lat' dir='ltr'><strong>dicit.</strong></span> 
     </span>
     <span class='ocr_line' id='line_1_38' title="bbox 266 4891 1322 5030; baseline 0.004 -32"><span class='ocrx_word' id='word_1_292' title='bbox 266 4951 269 4956; x_wconf 93' lang='lat'>·</span> <span class='ocrx_word' id='word_1_293' title='bbox 386 4928 415 5019; x_wconf 68' lang='grc' dir='ltr'><strong>4Ψ</strong></span> <span class='ocrx_word' id='word_1_294' title='bbox 436 4925 702 5002; x_wconf 65' lang='lat' dir='ltr'><strong>waraccam</strong></span> <span class='ocrx_word' id='word_1_295' title='bbox 724 4947 753 5030; x_wconf 67' lang='grc' dir='ltr'><strong>ο,</strong></span> <span class='ocrx_word' id='word_1_296' title='bbox 777 4928 856 5001; x_wconf 85' lang='lat' dir='ltr'><strong>sao.</strong></span> <span class='ocrx_word' id='word_1_297' title='bbox 1258 4979 1262 4988; x_wconf 88' lang='lat'><em>.</em></span> <span class='ocrx_word' id='word_1_298' title='bbox 1313 4891 1322 4964; x_wconf 73' lang='lat' dir='ltr'><strong>l</strong></span> 
     </span>
     <span class='ocr_line' id='line_1_39' title="bbox 390 5039 1100 5130; baseline -0.01 -22"><span class='ocrx_word' id='word_1_299' title='bbox 390 5039 418 5128; x_wconf 81' lang='lat'><strong>⁸)</strong></span> <span class='ocrx_word' id='word_1_300' title='bbox 452 5039 602 5110; x_wconf 81' lang='lat' dir='ltr'><strong>Summa</strong></span> <span class='ocrx_word' id='word_1_301' title='bbox 623 5058 865 5113; x_wconf 80' lang='lat' dir='ltr'><strong>numerorumr</strong></span> <span class='ocrx_word' id='word_1_302' title='bbox 897 5059 932 5110; x_wconf 83' lang='grc' dir='ltr'><strong>π.</strong></span> <span class='ocrx_word' id='word_1_303' title='bbox 956 5059 985 5107; x_wconf 84' lang='lat' dir='ltr'><strong>o.</strong></span> <span class='ocrx_word' id='word_1_304' title='bbox 1008 5059 1042 5105; x_wconf 81' lang='lat' dir='ltr'><strong>a.</strong></span> <span class='ocrx_word' id='word_1_305' title='bbox 1063 5055 1100 5130; x_wconf 74' lang='lat' dir='ltr'><strong>a.</strong></span> 
     </span>
    </p>
   </div>
   <div class='ocr_carea' id='block_1_17' title="bbox 1317 5236 1321 5295">
    <p class='ocr_par' dir='ltr' id='par_1_20' title="bbox 1317 5236 1321 5295">
     <span class='ocr_line' id='line_1_40' title="bbox 1317 5236 1321 5295; baseline 0 0"><span class='ocrx_word' id='word_1_306' title='bbox 1317 5236 1321 5295; x_wconf 92' lang='lat' dir='ltr'><strong>l</strong></span> 
     </span>
    </p>
   </div>
   <div class='ocr_carea' id='block_1_18' title="bbox 1140 5303 1441 5643">
    <p class='ocr_par' dir='ltr' id='par_1_21' title="bbox 1140 5303 1441 5643">
     <span class='ocr_line' id='line_1_41' title="bbox 1218 5303 1441 5434; baseline 0 -56"><span class='ocrx_word' id='word_1_307' title='bbox 1218 5303 1441 5434; x_wconf 87' lang='grc' dir='ltr'><strong>Ψ·</strong></span> 
     </span>
     <span class='ocr_line' id='line_1_42' title="bbox 1140 5436 1329 5643; baseline 0 0"><span class='ocrx_word' id='word_1_308' title='bbox 1140 5436 1329 5643; x_wconf 61' lang='grc' dir='ltr'><strong>’Ψ</strong></span> 
     </span>
    </p>
   </div>
   <div class='ocr_carea' id='block_1_19' title="bbox 1233 5145 1597 5276">
    <p class='ocr_par' dir='ltr' id='par_1_22' title="bbox 1233 5133 1597 5276">
     <span class='ocr_line' id='line_1_43' title="bbox 1233 5145 1597 5276; baseline 0.005 -48"><span class='ocrx_word' id='word_1_309' title='bbox 1233 5158 1240 5170; x_wconf 95' lang='grc'>·</span> <span class='ocrx_word' id='word_1_310' title='bbox 1403 5145 1493 5276; x_wconf 75' lang='grc' dir='ltr'><strong>36·Ι</strong></span> <span class='ocrx_word' id='word_1_311' title='bbox 1595 5191 1597 5196; x_wconf 92' lang='grc'>-</span> 
     </span>
    </p>
   </div>
   <div class='ocr_carea' id='block_1_20' title="bbox 0 0 1970 5787">
    <p class='ocr_par' dir='ltr' id='par_1_23' title="bbox 0 0 1970 5787">
     <span class='ocr_line' id='line_1_44' title="bbox 0 0 1970 5787; baseline 0 0"><span class='ocrx_word' id='word_1_312' title='bbox 0 0 1970 5787; x_wconf 95' lang='lat' dir='ltr'><strong> </strong></span> 
     </span>
    </p>
   </div>
  </div>
 </body>
</html>
