3934 5762
249 193 317 278 52'
536 202 553 236 ‘
668 243 698 297 p
862 186 1048 282 Prologur.

247 408 330 494 sibi
356 434 446 496 crura
470 409 566 515 ipso
589 404 778 498 suasione
793 433 870 496 sua
893 441 920 496 a
940 411 1212 518 conspectibus
1230 409 1368 496 cudis
1385 401 1452 496 rui
1464 435 1659 518 respuens
1718 479 1720 484 ,

249 541 418 626 dedecuit
444 539 502 624 od
529 535 714 626 rribiiunr.
769 537 878 628 Nam
907 543 1110 630 Dominus
1137 544 1376 657 subjunxit:
1404 542 1462 627 od
1488 543 1658 630 nibilum
1685 573 1688 612 ¹

248 673 442 760 deductus
469 661 529 760 est
555 675 599 758 iu
627 681 834 780 eorrspcctu
862 675 953 784 <jeu
980 673 1197 785 errationes,
1225 678 1408 762 timentes
1428 685 1560 763 aretem
1573 676 1659 763 Do·

247 807 398 892 roriruuu
414 805 628 917 glorificat,
656 836 778 917 quern
798 836 959 894 rersnur
984 808 1033 898 B.
1061 807 1337 920 Hieronymus
1367 809 1427 894 ita
1456 809 1659 896 intellexit

248 941 411 1026 diceust
457 943 571 1026 uerbi
599 943 759 1050 gratia,
801 945 864 1024 est
896 970 968 1026 rex
997 943 1205 1054 rnniignus
1245 943 1326 1028 rel'
1347 943 1561 1052 episcopas
1587 953 1660 1030 ant

247 1075 474 1185 presbyter,
504 1075 554 1157 dc
584 1073 671 1157 istis
699 1074 808 1156 enirn
837 1076 1021 1184 personis
1039 1077 1144 1176 dico,
1173 1075 1351 1186 quintiis
1374 1077 1657 1184 praeminent3

246 1203 322 1288 hos
350 1205 475 1306 tales,
516 1205 587 1314 qui
616 1204 791 1314 araligni
815 1211 932 1307 sunt,
973 1207 1113 1290 ridens
1136 1209 1274 1317 justus
1302 1207 1353 1290 ud
1383 1206 1558 1289 nihilum
1587 1207 1658 1290 de·

246 1335 381 1435 ducit;
410 1365 504 1420 narn
534 1364 756 1446 pauperem
785 1335 870 1419 sive
898 1337 1129 1422 mendicum
1162 1337 1293 1422 Denrn
1324 1339 1535 1421 timentem
1565 1365 1658 1426 cunr

248 1468 407 1570 viderit,
437 1469 616 1552 honorat
642 1477 770 1578 utque
796 1467 1048 1575 magnificat.
1090 1471 1167 1555 Sed
1197 1469 1239 1554 S.
1263 1469 1511 1553 Benedictus
1539 1469 1660 1553 aliter

141 1677 143 1682 .
247 1599 326 1684 boe
365 1601 626 1710 intelligens,
670 1600 898 1708 rualigruun
939 1597 1090 1684 dixisse
1125 1601 1348 1705 diabolum,
1363 1603 1396 1710 ¹)
1439 1601 1512 1711 qui
1553 1602 1658 1686 rnnle
1682 1631 1713 1682 .’

246 1733 367 1814 nobis
405 1732 604 1840 suggerit.
663 1729 719 1814 Et
754 1731 860 1815 bcue
897 1731 1024 1816 dixit:
1066 1763 1091 1817 u
1121 1732 1392 1836 conspectibus
1427 1733 1562 1817 cordis
1595 1761 1658 1818 re·

247 1889 411 1970 spuens,
439 1865 536 1974 quia
556 1862 762 1947 hominem
788 1863 1025 1948 interiorem
1046 1865 1179 1974 arogis
1199 1864 1400 1974 scripturo
1420 1864 1559 1948 studet
1586 1866 1659 1948 ud·
1751 1959 1752 1962 Ν
1831 1888 1838 1953 ,ἵ

245 2023 425 2084 rrronere.
482 1995 590 2081 Naro
615 1995 714 2104 quid
737 1997 791 2078 sit
820 1996 1047 2106 rnalignnrn
1079 1997 1287 2080 diabolum
1316 2027 1341 2080 a
1369 1994 1656 2104 conspectibus

245 2129 377 2213 cordis
406 2157 595 2239 respuere
636 2133 688 2211 et·
716 2127 828 2212 itluru
867 2129 918 2212 ad
960 2127 1134 2212 nibilum
1174 2130 1388 2233 reducere,
1427 2129 1534 2212 idern
1572 2128 1658 2237 ipsc

248 2258 295 2344 B.
314 2261 560 2344 Benedictus
586 2261 769 2368 exponit,
792 2289 884 2344 curn
902 2262 1130 2368 subjunxit,
1153 2265 1214 2347 ait
1235 2263 1366 2345 eninr:
1394 2261 1452 2344 Et
1462 2260 1660 2366 porrulos

246 2393 439 2500 cogitentur
467 2393 555 2496 ejus
593 2390 718 2474 terruit
755 2398 791 2473 et
826 2392 954 2476 critisit
994 2397 1052 2478 eret
1088 2394 1305 2480 Cirristurn.
1366 2393 1412 2475 tu
1442 2391 1521 2476 boe
1549 2391 1691 2476 enirn·

210 2527 223 2618 J
245 2527 336 2612 loeo
373 2528 546 2612 intrarit·
589 2526 631 2610 in
674 2525 860 2611 ordinem
900 2529 1069 2612 ulterius
1110 2527 1281 2638 psubni3
1330 2526 1484 2636 legitur
1525 2523 1656 2610 enirn:

143 2699 145 2705 ·
246 2661 611 2770 1⁴'itiuBabptouis
640 2667 804 2764 irrisero,
834 2659 984 2768 berctus,
1013 2665 1084 2772 orci
1113 2659 1303 2745 retribuet
1328 2660 1402 2744 tibi
1430 2659 1658 2744 retributio·

243 2825 335 2882 uem
362 2805 487 2897 truria,
514 2825 636 2903 pererra
663 2795 886 2881 retribuisti
914 2795 1041 2880 euobis.
1099 2795 1180 2879 Sed
1210 2795 1308 2905 quid
1337 2796 1393 2878 sit
1420 2793 1659 2878 retributio·

243 2929 339 3014 ne'ur
368 2931 609 3028 retribuere,
640 2930 745 3012 idern
770 2931 857 3037 ipse
879 2927 1082 3038 propheta
1103 2929 1286 3038 exponit,
1314 2955 1408 3010 curn
1433 2926 1657 3037 subjunxit,

243 3065 303 3145 uit
334 3063 467 3146 enirn:
516 3061 698 3161 Beatus,
739 3063 808 3168 peri
847 3059 990 3143 tenebit
1028 3066 1065 3142 et
1092 3059 1232 3144 uttidct
1253 3061 1454 3165 putridos
1480 3085 1576 3143 seros
1602 3059 1660 3142 od

233 3201 411 3300 petrum.
468 3190 749 3275 llistoriuliter
777 3193 885 3274 eninr
914 3189 1165 3297 intelligitur
1203 3190 1255 3273 de
1291 3189 1364 3273 illo
1392 3190 1548 3299 populo
1576 3189 1657 3273 Ba-

243 3326 463 3434 bylonico,
507 3325 579 3433 qni
612 3322 814 3407 israelitas
851 3327 894 3406 in
923 3323 1207 3432 captiuitatem
1236 3320 1424 3422 ducebat,
1466 3320 1658 3430 porrulos

242 3463 380 3541 autem
410 3483 550 3539 eorum
580 3460 768 3540 tenentes
799 3455 971 3564 pedibus
999 3451 1227 3536 ullidebunt
1266 3451 1317 3534 ad
1347 3455 1520 3560 petrnnr.
1577 3451 1657 3533 Pn-

243 3589 364 3698 pnlns
393 3594 531 3672 aritern
561 3590 787 3674 catholicus
816 3585 1056 3694 intelligens
1085 3583 1184 3667 baec
1210 3582 1451 3692 spirituliter
1478 3581 1579 3667 dicit
1606 3581 1657 3664 de

244 3721 422 3822 diabolo,
452 3721 550 3832 qnia
580 3722 858 3860 rrrnrsquiscpue
886 3746 980 3800 cunr
1009 3714 1088 3798 sibi
1115 3718 1158 3799 in
1190 3714 1392 3826 principio
1420 3715 1692 3824 suggeritur*

242 3885 269 3940 a
288 3835 474 3952 'cliabola
506 3853 533 3940 i.
563 3883 597 3940 e.
629 3853 724 3937 durn
757 3850 925 3961 parvula
955 3848 1026 3932 illa
1053 3855 1118 3932 est·
1145 3849 1360 3960 cogitatio,
1392 3848 1516 3932 debet
1545 3847 1655 3932 ilium

242 3986 295 4071 ud
331 3993 488 4096 petrum
528 3985 720 4086 allidere,
762 3986 787 4068 i.
819 4013 853 4067 c.
894 4010 1034 4066 aurore
1069 3981 1223 4065 Christi
1262 4010 1352 4064 earn
1392 3981 1655 4086 extinguere

242 4147 337 4202 nuru
368 4117 404 4200 si
433 4119 607 4202 creverit
634 4115 705 4200 ilia
733 4115 935 4226 cogitatio
964 4119 1007 4197 et
1033 4113 1189 4200 lactata
1217 4117 1356 4215 inerit,
1389 4141 1472 4196 nou
1503 4111 1659 4222 poteris·

241 4277 330 4332 euru
360 4249 438 4333 nisi
467 4277 558 4332 cunr
580 4249 728 4357 grandi
754 4249 894 4331 labore
917 4247 1171 4356 extinguere,
1201 4247 1321 4330 sicuti
1342 4245 1468 4330 homo
1488 4241 1656 4354 grandis

241 4408 326 4462 non
355 4387 494 4489 potest
521 4382 694 4490 pedibus
722 4381 852 4463 teneri
880 4384 923 4461 et
951 4376 1003 4460 ad
1035 4383 1192 4486 petram
1223 4379 1396 4484 percuti.

351 4509 586 4618 Sequitnrr·
610 4511 687 4613 Qui
715 4511 900 4592 timentes
929 4491 1149 4590 Douriruun
1187 4509 1251 4624 rte!
1267 4505 1370 4589 ὺοιιιι
1398 4503 1651 4590 observantia

240 4667 321 4724 suo
350 4667 429 4748 uon
459 4667 503 4724 se
530 4639 704 4724 reddrurt
742 4639 889 4738 eteros,
933 4640 1006 4721 sert
1032 4639 1126 4741 ipsa
1155 4637 1199 4718 in
1226 4663 1270 4719 se
1298 4635 1401 4720 berou
1436 4661 1515 4718 roan
1545 4665 1571 4718 u
1600 4659 1654 4732 se,
1789 4652 1793 4666 ’

239 4770 311 4854 sed
339 4798 365 4854 a
395 4769 573 4855 Domino
597 4771 697 4878 lieri
724 4769 1002 4854 existimantes
1030 4775 1260 4872 operantem
1287 4766 1332 4849 in
1360 4791 1404 4854 se
1432 4763 1655 4850 Dominum

239 4971 501 4988 ψ

221 5071 227 5082 ’
326 5083 355 5169 ¹)
377 5079 446 5151 Sed
477 5081 512 5152 S.
536 5078 749 5151 Benedictus
783 5077 891 5148 aliter
924 5075 992 5146 boc
1021 5073 1226 5162 intelligens
1249 5071 1302 5142 ita
1333 5069 1521 5157 inteiligit,
1553 5065 1653 5156 aponi

238 5191 407 5266 ttonuinus
430 5191 619 5281 errotiyuuur
645 5188 778 5261 dixerit
802 5187 998 5270 diubohun,
1021 5185 1083 5274 qui
1107 5189 1177 5254 cte.
