3974 5778
151 307 155 314 -
263 272 347 360 aer
867 219 1075 362 cnm

262 485 485 584 testimonii
509 492 548 574 et
572 493 738 576 eanetoe
758 489 1087 578 mecereotionie.
1128 487 1180 575 In
1207 487 1287 575 hoc
1309 487 1421 574 enim
1446 487 1554 593 ioco,
1581 516 1675 578 enm

263 617 367 703 dicit
405 617 498 704 boni
534 617 754 706 testimonii
784 624 823 706 et
861 625 1025 704 candoe
1046 617 1394 719 *minorationem
1431 617 1674 706 intuendam

219 779 224 790 ·
263 751 353 834 est:
395 753 493 834 shnt
529 749 640 833 enim
663 747 748 832 -alii
788 747 890 834 honi
927 747 1153 834 testimonii
1192 751 1237 832 et
1265 752 1477 834 nonnoni
1510 757 1676 839 sanetae
1730 799 1731 802 κ

62 929 65 934 -
116 945 118 950 .
263 879 599 983 conversationis,
627 906 666 969 r.
682 907 747 990 gr.
770 883 871 964 sant
887 878 1063 988 jocandi
1089 883 1133 962 et
1159 877 1344 962 affabiles
1361 877 1453 964 aliis
1480 883 1524 964 et
1550 883 1673 966 etiam

39 1015 42 1022 ‘
88 1071 108 1090 ,.
263 1007 492 1118 loquuntur
518 1037 595 1119 pro
621 1009 713 1095 aliis
740 1015 784 1094 et
811 1009 972 1094 donant
998 1009 1156 1119 aliquid
1182 1009 1287 1096 aliis.
1330 1007 1386 1094 Et
1406 1009 1557 1098 iterum
1579 1019 1676 1098 sont

21 1151 25 1159 '
116 1165 121 1178 ·
261 1136 331 1223 alii
360 1146 529 1226 sanctae
557 1139 881 1228 conversationis
912 1142 956 1224 et
984 1166 1068 1224 non
1096 1147 1195 1226 sant
1222 1140 1322 1227 honi
1350 1141 1599 1244 testimonii,
1631 1145 1674 1227 in

143 1316 148 1326 ·
201 1271 221 1289 ''
263 1296 314 1353 eo
346 1268 456 1379 qood
482 1298 577 1356 non
613 1275 713 1354 snat
751 1269 948 1354 amabiles
983 1269 1098 1373 aliis,
1141 1271 1240 1382 qnia
1276 1273 1442 1357 illorum
1480 1273 1675 1358 sanctitas

66 1446 72 1458 ·
211 1447 213 1452 ·
263 1401 367 1486 dara
395 1408 529 1488 estet
556 1431 640 1488 non
670 1400 962 1488 condescendit
987 1403 1093 1492 aliis.
1149 1401 1271 1488 Unde
1298 1403 1400 1489 dicit
1429 1401 1478 1489 B.
1498 1402 1676 1488 Ambra·

84 1587 88 1594 ,
224 1555 228 1562 ’
262 1535 346 1618 sius
375 1535 417 1618 in
446 1539 630 1664 tractata
656 1533 792 1620 haeae
820 1535 862 1619 in
891 1563 941 1622 eo
968 1536 1074 1642 loeo,
1100 1535 1173 1621 abi
1198 1537 1252 1628 wde
1268 1534 1490 1622 Zachariae
1515 1535 1675 1648 justitia

85 1663 89 1670 ’
263 1669 437 1754 dicitnr:
477 1676 594 1755 eront
620 1669 727 1753 enim
751 1671 858 1776 justi
885 1675 979 1755 crite
1006 1669 1141 1754 Denm
1167 1672 1258 1754 sine
1282 1667 1468 1776 querela:
1504 1666 1677 1754 «lentitia

262 1804 302 1886 si
335 1802 478 1886 durior
510 1802 659 1908 luerit,
696 1798 898 1908 querenm
931 1799 1075 1905 trahet3
1115 1804 1221 1887 rende
1259 1802 1381 1896 etiam
1414 1800 1565 1886 dictnnr
1591 1807 1675 1887 est:

173 2015 177 2020 .
264 1931 365 2020 Noti
377 1929 804 2040 r'rrnitnrnjustnsesse.
851 1931 924 2017 isti
942 1931 1058 2037 tales,
1085 1933 1185 2044 quio
1206 1935 1404 2018 sanctitas
1417 1960 1559 2016 eoram
1574 1932 1677 2017 dara

263 2069 327 2148 est
354 2072 398 2150 et
424 2093 508 2150 non
536 2064 829 2150 condescendit
855 2061 969 2167 siliis,
1013 2094 1098 2151 non
1138 2070 1310 2176 possunt
1345 2065 1437 2150 aliis
1464 2064 1676 2174 proficere.

171 2205 180 2264 Γ
213 2207 234 2226 ’·
264 2197 333 2280 Sic
361 2196 468 2280 enim
494 2197 595 2282 dicit
609 2197 872 2280 Ambrosias:
899 2195 1116 2282 sedetiam
1143 2199 1233 2280 sine
1257 2197 1420 2302 onereto
1440 2194 1677 2297 incedentes,
1784 2243 1786 2246 ·

263 2327 337 2430 ait,
364 2329 409 2412 in
438 2325 623 2412 onereihns
634 2326 994 2432 notificationibus
1014 2328 1197 2426 Domini,
1223 2329 1330 2432 ornet
1349 2328 1453 2410 neire
1480 2352 1569 2410 cerne
1581 2353 1679 2430 pro-

255 2459 415 2564 phetico
442 2461 625 2568 eonqrerit
652 2455 780 2562 dicte,
824 2483 901 2564 qno
941 2456 987 2544 S.
1017 2445 1210 2544 Sotornon
1244 2454 1291 2539 in
1318 2457 1550 2562 proverbiis
1577 2483 1677 2540 neers

95 2595 100 2602 ’
263 2599 322 2679 est
340 2592 502 2676 diones:
532 2587 708 2674 Provide
735 2587 839 2673 borao
864 2615 1024 2696 smrrper
1051 2615 1186 2674 corone
1209 2583 1297 2671 Deo
1324 2592 1362 2671 et
1388 2611 1524 2670 corone
1553 2587 1679 2670 honri·
1786 2683 1792 2692 ¹

263 2725 394 2810 nitas.
412 2723 447 2834 ¹)
515 2719 646 2805 Natta
687 2739 781 2828 cryc
817 2721 980 2829 querela
1021 2729 1103 2828 est,
1144 2719 1213 2802 nti
1252 2723 1290 2804 et
1329 2720 1477 2803 sensitis
1517 2717 1675 2804 hereitos

54 2816 61 2826 ’
99 2942 102 2950 ,
261 2855 474 2944 coneordat
499 2861 538 2940 et
562 2852 677 2959 faeti.
734 2851 791 2939 Et
825 2851 1063 2960 pleramque
1088 2851 1255 2958 justitio
1292 2851 1436 2935 derricr
1473 2849 1677 2938 toneirnnn

201 2969 210 2986 ⁸
260 2987 463 3098 qrrerehnn
490 2987 651 3074 excitat.
694 2985 790 3074 Sive
818 2985 944 3072 etiam
963 2984 1071 3070 siant
1090 2983 1204 3094 Beda
1232 2983 1355 3069 dicit:
1384 2983 1485 3070 Sine
1500 2982 1677 3091 qreereic,

205 3111 208 3120 ’
260 3121 332 3207 troc
358 3127 431 3223 est,
469 3120 575 3228 qnod
601 3117 823 3228 Apostolos
849 3119 934 3204 oit:
975 3117 1252 3224 »providentes
1278 3117 1383 3202 torro
1409 3144 1491 3202 nore
1521 3123 1676 3202 tontnn

10 3357 14 3364 Ι
125 3292 129 3302 ’
259 3279 397 3340 eoram
426 3251 514 3340 Deo
547 3255 622 3339 sed
640 3253 771 3338 atione
806 3275 943 3338 eorcrn
968 3248 1236 3334 hortinitns«.
1293 3247 1560 3336 Ecclesiastes
1585 3277 1678 3334 ecre

32 3409 34 3416 ·
208 3393 209 3398 '
259 3383 380 3468 dicit:
407 3385 568 3488 Nesis,
595 3385 739 3492 inoreit,
767 3381 1107 3492 mnttrnnjnstns,
1132 3383 1230 3490 orric
1254 3380 1490 3488 ρὶῡηιηιᾳιιο
1509 3383 1676 3489 jrestitio

259 3517 403 3600 ‹inrior
428 3517 633 3603 inreinnnr
661 3515 865 3642 querelans
882 3521 1097 3622 provoca·
1121 3542 1226 3623 oreae
1244 3541 1338 3600 cero
1360 3521 1579 3620 temperato
1602 3521 1675 3616 est,

259 3647 353 3753 ipsa
366 3675 466 3734 snae
480 3648 709 3735 dulcedinis
721 3650 860 3756 qratia
878 3647 998 3732 etiam
1012 3647 1193 3733 iranidioe
1208 3647 1500 3756 querirnoniarn
1515 3651 1628 3735 nitot.
1637 3647 1674 3758 ²)

259 3782 320 3866 Ae
349 3807 424 3892 per
450 3781 530 3896 hoc
557 3781 701 3866 decani
737 3786 780 3864 ct
807 3780 941 3865 bonae
977 3781 1298 3866 conversationis
1329 3779 1484 3864 dehent
1510 3808 1600 3864 esse
1631 3781 1675 3863 in

82 3941 92 3960 ·
258 3911 364 4008 hene
391 3917 435 3995 ct
461 3919 602 3998 sancte
623 3912 808 4014 virendo,
838 3912 934 4022 quia
953 3911 988 3996 si
1007 3912 1159 3996 bonam
1183 3911 1311 3998 vitam
1331 3924 1418 3995 non
1441 3911 1674 4016 habuerint,

257 4043 391 4152 magis
431 4041 639 4130 nocebant
678 4070 802 4154 quom
840 4042 1089 4155 proficiant;
1132 4043 1230 4128 honi
1274 4043 1401 4128 etiam
1446 4045 1674 4138 testimonii

159 4233 162 4240 -
209 4159 411 4260 serenent
451 4203 537 4260 esse
577 4175 622 4259 in
657 4175 902 4262 affabilitate
944 4181 988 4260 et
1023 4173 1282 4260 dedcedinem
1322 4174 1515 4260 hahendo
1550 4182 1675 4285 atque

235 4305 637 4394 condescensionem
677 4313 720 4392 et
746 4307 1073 4419 compassionem
1100 4307 1292 4392 similitor
1326 4305 1543 4412 hahendo,
1577 4307 1675 4418 qnia

253 4439 287 4522 si
317 4437 502 4522 affabiles
530 4442 575 4522 et
602 4436 742 4522 dulces
771 4444 815 4523 et
842 4439 1142 4550 compatientes
1169 4436 1366 4522 fratribus
1394 4468 1480 4524 non
1505 4438 1674 4542 inerint,

253 4571 387 4680 magis
427 4575 628 4686 rumpunt
668 4597 793 4681 quam
833 4569 1078 4684 proficiant,
1121 4597 1172 4653 eo
1213 4569 1325 4680 qaod
1368 4570 1485 4656 illum
1526 4572 1674 4656 tratres

252 4705 385 4816 magis
420 4708 648 4814 pavescunt
688 4708 731 4788 et
768 4702 1037 4804 horrescant,
1078 4729 1200 4814 qoam
1241 4703 1420 4817 diligant
1458 4709 1500 4788 ct
1545 4703 1674 4788 velint

253 4835 432 4928 obedire.
488 4835 538 4926 ln
575 4863 624 4928 eo
654 4864 769 4941 vero,
810 4835 921 4950 qnod
950 4835 1052 4922 dicit
1088 4835 1160 4944 qni
1195 4834 1505 4924 solticitudinem
1528 4841 1674 4948 nerant

338 5149 368 5239 ¹)
389 5147 556 5220 Proverb.
582 5149 649 5236 111,
671 5153 706 5222 t.

309 5257 371 5348 Ἴ)
393 5259 512 5330 Bedae
533 5279 652 5351 expos.
675 5259 712 5330 in
736 5259 851 5332 hamc
874 5283 905 5334 c.
932 5264 962 5336 l.
986 5285 1019 5334 r.
1042 5259 1078 5338 6.
1198 5325 1202 5332 .
