3934 5762
149 269 264 376 ‘ro
833 219 1016 352 aaron

64 502 68 508 ·
209 488 254 568 et
280 481 418 568 reddit
443 510 630 585 cansam,
669 509 797 592 qnare
822 486 1031 594 respectus
1057 486 1123 570 cet
1148 483 1306 570 dicens:
1346 483 1405 570 Et
1430 511 1616 594 maus

203 621 323 722 loros
339 613 450 716 licuit
467 639 619 702 umora.
677 613 948 724 Nequaquam
972 616 1082 702 enim
1102 613 1250 700 Petrus
1270 641 1408 700 amare
1425 614 1614 716 flevisset,

207 747 288 831 nisi
326 754 532 856 respectus
569 749 687 832 esset.
743 745 943 832 Similiter
977 751 1022 832 ct
1049 746 1255 834 Zachaeus
1288 745 1381 831 ideo
1407 751 1615 857 respectus

206 879 270 962 est
296 874 534 986 aDomino‚
562 877 660 989 quia
685 876 870 964 dicturus
896 881 986 964 crat
1013 877 1073 964 illi
1090 876 1313 966 Dominus:
1342 875 1495 962 Donrru
1522 876 1614 986 truie

204 1007 320 1094 solers
353 998 468 1116 lucto
506 1015 578 1098 cst.
640 1007 812 1122 Semper
850 1011 983 1115 enim,
1023 1009 1095 1095 ubi
1132 1009 1336 1096 Dominus
1372 1007 1615 1120 respiciebat

34 1229 39 1240 ,
205 1139 427 1224 secundum
455 1169 635 1244 carnem,
661 1169 784 1228 cansa
804 1139 1104 1228 misericordiae
1125 1169 1223 1228 snae
1245 1141 1502 1254 respiciebat
1560 1143 1614 1231 u:

203 1270 264 1354 ita
290 1270 540 1382 intelligitur
567 1277 776 1382 respectus
802 1273 1053 1374 diuinitatis,
1092 1272 1134 1357 id
1162 1277 1237 1374 est,
1265 1274 1372 1358 sicut
1393 1277 1481 1384 jam
1509 1273 1615 1360 dixi·

206 1428 310 1499 mus,
333 1402 723 1511 respectus‘dirinae
739 1402 1054 1492 misericordiae.
1109 1401 1217 1488 Nam
1240 1405 1364 1490 etiarn
1380 1432 1455 1514 per
1473 1404 1612 1488 oculos

206 1530 283 1621 Dei
310 1532 422 1616 dona
448 1533 491 1622 S.
519 1531 697 1644 Spiritus
724 1532 1038 1643 intelliguntur:
1067 1536 1111 1616 et
1137 1533 1247 1641 qnod
1276 1533 1385 1618 dona
1413 1533 1456 1620 S.
1484 1533 1613 1642 Spiri-

54 1689 59 1700 ·
204 1666 271 1746 tus
298 1691 373 1774 per
401 1662 541 1748 oculos
561 1661 636 1746 Dei
657 1663 957 1774 intelligantur,
986 1667 1162 1748 testatur
1184 1663 1299 1765 illud.
1327 1663 1437 1774 quod
1460 1664 1612 1774 legitur

188 1783 247 1877 'in
275 1794 544 1906 Apocalypsi:
588 1792 748 1898 Septem
787 1793 941 1899 occulos,
979 1795 1050 1902 qui
1085 1801 1179 1880 srud
1214 1795 1388 1902 spiritus
1422 1795 1542 1879 :arisai
1568 1797 1612 1878 iu

70 1919 73 1924 “
202 1933 547 2012 merestonam.
605 1923 661 2009 Et
687 1925 791 2038 illud
809 1927 853 2010 in
872 1923 1089 2010 Zacharia:
1118 1925 1177 2010 Et
1202 1925 1294 2010 uide
1317 1925 1495 2031 lapidem
1521 1951 1614 2030 sep·

201 2061 280 2140 teus
306 2057 439 2144 ocrrios
474 2055 631 2142 tuboe.
688 2055 767 2141 Per
802 2055 978 2168 lapidem
1014 2056 1265 2166 intelligitur
1292 2057 1497 2156 Christus,
1537 2085 1639 2166 per·

127 2211 130 2216 ·
203 2191 361 2298 septem
390 2190 531 2276 oculos
556 2193 713 2300 septem
743 2188 852 2274 dona
879 2189 922 2276 S.
950 2185 1141 2298 Spiritus.
1199 2187 1255 2274 lit
1281 2189 1386 2274 bene
1414 2218 1487 2299 per
1513 2217 1613 2272 ocu·

202 2319 263 2404 los
284 2319 450 2406 Domini
481 2320 590 2406 donn
608 2321 650 2407 S.
673 2320 852 2432 Spiritus
878 2320 1184 2432 intelliguntur,
1213 2320 1309 2431 quia
1333 2321 1401 2406 illc
1428 2320 1611 2406 soluatur

65 2541 68 2549 ,
128 2435 130 2440 ’
202 2480 275 2561 per
302 2458 533 2564 respectum
562 2452 654 2558 Dei,
681 2453 752 2564 qni
781 2455 890 2538 dona
916 2451 958 2539 S.
981 2451 1160 2563 Spiritus
1187 2455 1358 2564 accipit:
1387 2481 1471 2536 non
1501 2453 1609 2536 eninr

78 2573 98 2613 ³
162 2642 164 2646 -
201 2583 426 2669 sulcabitur
453 2585 557 2696 quis,
587 2585 667 2670 nisi
694 2585 803 2670 dona
829 2585 873 2673 S.
896 2583 1075 2695 Spiritus
1103 2585 1318 2695 acceperit.
1375 2583 1485 2670 Nan:
1513 2583 1610 2694 qnia

200 2743 274 2823 per
295 2715 493 2826 Spiritum
516 2716 559 2805 S.
588 2718 723 2826 gratia
751 2717 1036 2818 distribuatur,
1065 2721 1241 2800 testatur
1266 2715 1415 2800 Pnnlns
1443 2722 1611 2825 aposto·

178 2847 276 2970 lus²
305 2875 399 2932 cunr
429 2848 542 2952 dicit,
581 2851 642 2931 ait
669 2850 802 2934 eninr:
843 2848 1079 2936 Diuisioncs
1103 2848 1334 2956 moliorem:
1360 2856 1475 2949 suerat,
1502 2848 1610 2930 irlaeru

200 2985 333 3063 oratoru
352 2981 535 3086 Spiritus
562 2987 606 3066 et
633 2981 805 3091 reliqna,
834 2987 877 3062 et
895 2980 1083 3090 persenit
1101 3009 1230 3089 usqne
1248 2980 1301 3064 ad
1320 2978 1436 3062 illum
1461 2978 1611 3084 locutu,

201 3108 272 3191 ubi
312 3111 526 3218 subjunxit
563 3110 723 3198 dicens:
771 3110 887 3195 lineo
925 3119 1057 3195 oratoru
1096 3112 1232 3196 matraio
1276 3116 1466 3216 operatur
1507 3135 1612 3192 rrrrrrs

37 3302 48 3323 .
96 3285 98 3292 =
200 3246 316 3344 utque
344 3238 451 3324 idern
480 3241 665 3347 Spiritus
692 3242 879 3327 diuidcus
906 3239 1093 3348 stipulis,
1115 3247 1239 3346 prout
1265 3244 1360 3325 trull.

309 3368 525 3480 Sequitur:
549 3371 607 3456 Et
628 3400 750 3457 curres
773 3399 884 3457 rrreuc
906 3375 964 3457 od
976 3397 1119 3478 pasces
1140 3379 1308 3456 oestrus.
1365 3371 1478 3458 Sicut
1500 3371 1609 3455 eninr

164 3531 272 3614 -per
302 3504 441 3587 oculos
465 3502 718 3614 intelligitur
746 3511 954 3614 respectus
976 3505 1141 3590 divinae
1167 3504 1422 3606 clementiae,
1452 3503 1513 3588 ita
1540 3531 1614 3612 per·

198 3665 317 3720 aures
346 3635 422 3720 Dei
451 3634 698 3743 intelligitur
725 3635 857 3722 facilis
893 3636 1122 3736 exauditio,
1161 3647 1208 3719 ut
1243 3644 1306 3722 est
1344 3636 1468 3722 illud:
1513 3637 1614 3722 Curru

198 3771 449 3870 irwocurcm,
478 3769 684 3854 cuurrdisti
710 3795 773 3854 :ric
799 3767 934 3870 Deus,
978 3767 1019 3851 id
1050 3776 1133 3871 est,
1162 3769 1205 3853 in
1235 3767 1325 3879 ipsa
1352 3771 1613 3870 inuocatione

85 3951 89 3958 ·
199 3929 263 3985 rue
302 3907 478 3986 stantem
520 3901 734 3990 exaudisti.
792 3901 901 3987 Nnrn
944 3930 1036 3985 cunr
1077 3900 1218 3984 orrrnia
1250 3900 1357 3985 licus
1395 3901 1533 3985 vident
1571 3910 1614 3985 et

198 4033 336 4117 omnia
375 4033 538 4136 audiat,
586 4038 727 4118 tamen
769 4033 838 4118 ubi
877 4035 988 4118 uisus
1028 4035 1104 4120 Dei
1144 4041 1188 4119 et
1235 4063 1353 4118 aures
1405 4033 1644 4133 dicuntum·

198 4170 407 4274 respectus
435 4167 598 4251 divinae
627 4165 869 4251 cicurentiae
899 4193 971 4275 per
1001 4165 1144 4271 uisum,
1174 4171 1218 4253 et
1245 4167 1377 4252 facilis
1404 4165 1614 4251 exarrditio

196 4325 270 4406 per
299 4326 417 4381 narres
445 4297 707 4407 intelligitur.

306 4429 521 4536 Sequitur:
550 4427 608 4510 Et
635 4433 847 4536 ‹rrrteqruuu
879 4455 942 4528 urc
959 4427 1158 4528 invocetis,
1188 4427 1323 4512 dicum
1348 4430 1479 4514 notis:
1508 4427 1613 4513 Ecce

136 4549 138 4554 ’
195 4557 352 4639 adseren.
429 4555 509 4639 Hic
548 4558 681 4640 oritur
727 4560 932 4667 quaestio,
980 4559 1079 4667 quid
1129 4563 1214 4659 est,
1262 4557 1372 4668 qnod
1414 4559 1614 4643 Dominus
1649 4579 1653 4586 “

195 4685 315 4769 dicit:
353 4685 580 4790 Arrthruuu
622 4714 684 4770 uro
721 4687 932 4788 invocetis,
969 4691 1102 4773 dicam
1141 4689 1274 4774 uobis:
1311 4688 1416 4774 Ecce
1454 4687 1613 4787 urlsuur,

109 4819 112 4830 ’
195 4845 288 4901 crrnr
321 4815 473 4898 urultos
501 4817 685 4925 legannrs
714 4824 837 4926 utque
861 4818 1070 4904 videmnus
1094 4825 1260 4904 sanctos
1282 4820 1519 4904 laborantes
1539 4804 1632 4900 sub'

194 4951 302 5032 {tusce
330 4949 606 5032 tentationum
636 4954 679 5033 et
706 4950 929 5034 clurrrnntes
957 4951 1009 5036 ad
1027 4952 1347 5040 Deumlibernri
1386 4955 1431 5038 et
1459 4980 1630 5068 :aequa-⁸

194 5109 316 5191 quam
358 5081 601 5166 exauditos?
658 5081 776 5181 Quod
816 5083 850 5166 si
891 5082 998 5166 lorte
1038 5083 1170 5171 dicas:
1214 5114 1473 5196 nequaquam
1516 5087 1614 5170 sunt

48 5283 50 5286 ,
122 5311 126 5320 ⁸
192 5209 339 5309 sancti,
367 5213 438 5320 qui
467 5243 549 5298 nou
580 5215 865 5318 exaudiuntur,
895 5213 989 5300 ideo
1010 5245 1175 5302 neccsse
1202 5221 1278 5318 cst,
1305 5225 1354 5302 ut
1382 5221 1508 5306 etiam
1536 5218 1607 5302 ille
