3934 5762
97 153 313 286 ‚⁶16
864 121 1049 286 εωιῷιι
1223 243 1363 270 ,.

257 412 460 521 proelium
488 416 532 497 te
558 437 761 522 coguoece
783 437 1056 514 aocemurom,
1084 414 1129 498 et
1155 408 1249 496 ideo
1273 413 1539 520 te-cognosce
1555 433 1671 526 anua

146 632 153 650 ,
227 593 230 600 .
258 540 516 638 obedientiae
541 542 774 654 sumpsisse.
1033 535 1036 544 “
1666 553 1672 565 ’

369 671 526 758 lterum
551 671 774 759 ridendum
803 677 880 778 cst,
905 670 1006 784 quia
1030 670 1140 758 εἰεει
1166 671 1319 758 Paulus
1345 667 1558 782 apostolus
1571 663 1671 754 tor·

72 813 78 824 '
128 887 132 895 ,
256 806 370 886 ιειιιε
396 808 462 887 est
494 830 591 888 euos
619 801 828 890 auditores
861 833 977 890 mmo
1010 830 1172 888 sumere
1199 802 1364 888 diceus:
1419 799 1578 888 senne
1601 825 1673 882 ar·

258 941 462 1018 mannam
489 933 587 1044 Dei,
613 941 657 1018 nt
676 935 851 1040 possitis
876 933 1065 1050 amittere
1081 932 1255 1033 diaholo,
1282 929 1675 1018 inanescamus

259 1063 379 1148 sun'm
404 1062 634 1149 auditorem
672 1063 871 1150 indicavit
904 1091 1019 1148 arma
1046 1061 1305 1152 obedientiae
1331 1060 1565 1170 sumpsisse,
1619 1060 1675 1146 Et
1847 1140 1849 1179 ;
1950 1031 1951 1088 ³

132 1241 137 1252 ·
260 1189 339 1274 hoc
366 1193 491 1278 etiam
528 1194 773 1279 intuendum
800 1195 1013 1304 estquis
1052 1191 1186 1277 hostis
1212 1197 1356 1276 εοειει·
1382 1189 1572 1275 diabolos
1598 1195 1672 1274 aut
1847 1200 1855 1251 ε·
1950 1189 1951 1198 ‘

80 1407 103 1442 1,
261 1320 440 1404 Vincitur
473 1350 549 1432 per
587 1323 737 1438 similia
773 1352 912 1426 arma,
954 1327 1029 1408 ant
1064 1319 1323 1432 persimilis
1360 1323 1405 1403 et
1447 1317 1672 1404 dissimilia.
1729 1333 1770 1390 “.

263 1447 341 1532 Ρει·
368 1448 517 1535 similia
544 1453 736 1554 vincitur,
764 1480 857 1540 cum
886 1452 1123 1539 obedientia
1140 1449 1462 1534 inobedientiam
1481 1452 1673 1558 aopemt3

210 1653 213 1660 Δ
262 1578 413 1663 similia
433 1582 544 1665 enim
573 1589 673 1666 aunt
699 1611 851 1694 genere
879 1609 1057 1694 pugnae,
1095 1580 1283 1689 quumvis
1310 1606 1433 1662 sensu
1461 1575 1675 1662 dissimilia

262 1707 374 1810 aint;
401 1715 473 1795 ant
503 1713 682 1798 rioeitnr
709 1741 782 1823 per
803 1712 973 1814 similia,
1011 1710 1134 1794 sicuti
1163 1708 1353 1808 diximus,
1379 1714 1423 1794 et
1449 1705 1674 1806 dissimilia,
1852 1730 1872 1809 ζ

264 1838 399 1941 idest,
426 1867 519 1925 cum
544 1843 777 1929 obedientia
799 1847 962 1956 pugnat
984 1846 1131 1926 contra
1156 1838 1477 1923 irrohealieutiam
1502 1842 1545 1920 et
1564 1835 1677 1918 ridet

92 1993 100 2026 ·
225 1969 342 2052 ¹sihi
383 1969 561 2057 fortiter.
584 1975 774 2058 resistere
810 1970 1144 2068 inobedientiam,
1186 1975 1230 2053 et
1268 1985 1369 2053 toric
1396 1967 1569 2052 adhibet
1595 1963 1676 2050 sibi

57 2165 61 2172 .
198 2099 367 2184 alias
396 2103 568 2186 virtutes
595 2105 637 2186 in
674 2103 937 2213 adjutorium,
974 2099 1016 2183 id
1045 2106 1109 2183 εει
1142 2100 1433 2198 humilitatem,
1470 2096 1678 2180 orationes
1849 2098 1858 2187 ξ·

263 2236 391 2340 atque
418 2230 620 2348 lacrimas,
648 2240 693 2317 et
720 2242 821 2319 tuuc
850 2233 1081 2318 laventibus
1108 2230 1297 2314 sibiistis
1320 2229 1677 2334 virtutibusque
1849 2226 1868 2337 f.

264 2359 477 2445 dissimilia
503 2369 602 2447 sunt
628 2393 744 2449 arma
771 2361 1086 2462 inobedientiae,
1115 2361 1203 2474 etl)
1232 2411 1284 2428 -
1315 2367 1414 2445 tnnc
1442 2356 1678 2443 obedientia

162 2507 167 2516 '
265 2490 573 2578 inobedientiae
600 2494 751 2582 uictrix
779 2497 932 2584 existit
1271 2585 1275 2596 ,

92 2635 95 2644 “
159 2689 163 2696 .
286 2647 297 2668 “
378 2619 594 2730 Sequitur:
622 2625 841 2730 Inprimis
853 2632 898 2711 nt
911 2625 1109 2734 quidquid
1128 2625 1328 2734 aporrdrmr
1340 2624 1507 2710 inchoas
1519 2621 1680 2719 wracene,

266 2749 321 2836 ab
346 2775 392 2836 ec
409 2752 553 2856 perfici
579 2753 876 2844 irratnnliasirn'a
905 2758 1086 2842 aratione
1111 2756 1321 2862 deposcas.

199 2897 205 2909 '
325 2949 333 2966 .
381 2878 507 2965 Forte
532 2884 694 2992 quaerit
713 2886 817 2994 qnia,
846 2912 973 2994 quare
991 2885 1098 2970 dixit
1114 2887 1157 2974 S.
1178 2887 1447 2971 Benedictus:
1473 2882 1680 2988 imprimis

269 3007 468 3115 pordocan
493 3012 747 3095 inclinaveris
769 3013 926 3116 mairem,
955 3015 1007 3099 nl
1035 3042 1080 3100 aa
1099 3013 1246 3122 perfici
1264 3013 1560 3098 instantissima
1584 3039 1680 3096 ora·

269 3137 377 3222 tione
401 3136 609 3241 deposcas,
638 3165 730 3222 cunr
759 3140 886 3225 lucino
906 3171 989 3227 roan
1011 3148 1151 3251 potest
1175 3169 1202 3226 a
1229 3168 1273 3225 ae
1290 3139 1382 3250 ipso
1397 3139 1550 3250 aliquid
1582 3139 1680 3222 borni

270 3264 495 3351 inchoare?
533 3265 609 3353 Cui
636 3269 968 3379 respondendum
987 3279 1063 3376 eat,
1091 3273 1188 3381 quia
1215 3269 1318 3354 illud
1348 3269 1552 3374 ianprirnis
1577 3266 1682 3352 dno·

205 3499 209 3508 ι
253 3394 349 3479 tue
376 3396 511 3480 modis
538 3403 675 3506 potest
704 3399 908 3508 intelligi,
947 3399 1295 3510 primoquidem,
1332 3402 1382 3481 ut
1408 3424 1504 3482 mox
1532 3395 1682 3480 dicturi

272 3553 436 3627 snmus,
465 3525 614 3611 deinde
641 3529 749 3638 qnod
780 3530 883 3615 dicit
910 3531 1118 3632 inchoare,
1147 3557 1233 3613 non
1261 3535 1328 3612 εει
1354 3524 1683 3646 intelligendum,

272 3662 321 3739 nt
349 3655 473 3742 hunno
500 3686 527 3741 a
553 3686 597 3743 se
623 3661 754 3770 possit
779 3661 976 3746 inchoare
1010 3663 1088 3746 nisi
1115 3690 1142 3746 a
1167 3659 1270 3761 Deo,
1309 3660 1418 3744 siant
1444 3658 1547 3742 dicit
1574 3655 1685 3767 psal·

273 3789 413 3872 mista:
442 3787 737 3876 Misericordia
763 3792 852 3899 ejas
871 3797 1107 3899 praeveniet
1134 3821 1216 3894 nm
1243 3793 1315 3878 sed
1343 3789 1557 3891 inchoatio
1586 3783 1682 3906 boni

222 4015 224 4020 ,
273 3926 317 4004 ει
343 3925 487 4006 nostra
513 3926 577 4007 est
604 3927 647 4006 et
666 3921 765 4024 θεὶς
793 3930 935 4010 trustra
963 3953 1037 4036 per
1053 3924 1369 4037 susceptionem,
1398 3920 1476 4004 Dei
1499 3947 1596 4004 vero
1623 3920 1685 4002 est

201 4115 214 4166 ·..
274 4081 350 4163 per
389 4055 720 4164 praevenientem
748 4056 925 4166 gratiam
964 4084 1101 4160 snam,
1144 4059 1254 4142 sicut
1290 4055 1485 4141 dicimus:
1529 4047 1686 4158 Pariana
1786 4099 1788 4102 -

273 4180 457 4272 nostram
482 4185 762 4292 aalaidiannm
790 4185 846 4270 da
871 4187 990 4273 anobis
1015 4189 1154 4292 nodia·
1181 4215 1275 4274 ecce
1301 4191 1345 4271 ct
1372 4191 1560 4271 nostrum
1587 4177 1687 4264 dici·

16 4300 24 4320 ·
170 4381 196 4444 .'
275 4345 366 4402 mna
402 4324 447 4402 et
480 4317 570 4400 dari
605 4318 831 4428 poscimus,
873 4317 980 4402 sicut
1015 4318 1172 4427 legitur
1210 4321 1255 4404 in
1292 4317 1482 4404 litoralia
1517 4313 1687 4424 quintae

275 4447 418 4557 partis
446 4444 666 4530 beatissimi
701 4444 844 4556 soba>
897 4445 953 4530 lit
986 4446 1136 4532 iterum
1173 4448 1346 4534 Paulos:
1372 4447 1469 4554 plns
1504 4443 1688 4531 aaronitas

276 4572 480 4675 laborari,
517 4571 590 4658 scd
615 4559 696 4657 ειη
713 4572 808 4681 epo.
864 4573 922 4660 Et
950 4571 1052 4678 hoc,
1091 4575 1189 4686 quia
1217 4603 1300 4662 non
1335 4580 1399 4660 est
1426 4580 1569 4660 nostra
1597 4577 1688 4658 tota

276 4703 504 4806 inchoatio,
542 4701 798 4802 nraruiiestet,
836 4729 928 4787 cunr
970 4701 1211 4814 subjungit:
1247 4709 1291 4789 nt
1325 4702 1396 4810 qni
1430 4726 1506 4788 nos
1522 4702 1617 4811 jorn
1644 4701 1688 4784 in
1855 4735 1863 4771 ι

208 4917 210 4922 ’
366 4919 395 5006 ι)
416 4915 665 4988 snamluthon
686 4865 745 5008 (ri
1568 4933 1570 4940 ·

365 5030 394 5114 ²)
418 5023 568 5096 Videtur
587 5023 789 5113 siguificare
809 5024 940 5098 Mornl.
964 5023 1022 5098 lid.
1043 5029 1101 5099 23.
1125 5026 1164 5098 in
1185 5047 1267 5118 cap.
1287 5031 1344 5098 33.
1369 5025 1414 5100 Β.
1438 5023 1517 5100 «Ιώ.
1542 5025 1690 5114 (iligna,

277 5137 362 5206 tour.
387 5134 440 5203 lli.
462 5133 529 5206 col.
551 5133 756 5224 281-283.)
