4002 5792
229 201 311 288 ote
403 138 579 314 ’
722 200 1105 296 .c·1sn1x„-

229 407 454 532 quidquam
482 419 612 532 loqui,
640 420 772 514 multo
801 421 937 534 minos
964 450 1042 533 pro
1064 421 1168 510 aliis.
1224 421 1331 510 Nam
1359 423 1443 530 ille,
1470 424 1542 536 qui
1569 431 1642 512 rut

229 580 273 638 se
299 556 373 636 aut
393 550 519 638 alium
549 553 640 638 vult
667 553 899 654 defendere,
925 582 1010 640 non
1031 560 1095 640 est
1112 555 1404 654 mortificatus:
1432 555 1530 642 etri
1558 586 1641 644 nou

52 792 56 800 1
228 687 292 778 est
320 683 601 786 mortificatus,
637 713 712 770 nec
740 683 963 772 monachus
991 689 1066 777 est.
1096 733 1148 756 -
1177 685 1397 774 Sciendum
1425 693 1491 774 est
1517 690 1640 790 euim,

229 815 378 926 quibus
407 815 541 900 modis
569 815 618 901 lit
657 816 860 902 defensio:
900 815 1122 926 aliquando
1159 846 1234 929 pro
1270 818 1642 930 consanguinitate,

228 947 452 1056 aliquando
492 975 568 1057 pro
609 949 765 1060 petria,
806 948 982 1060 quiade
1009 978 1093 1035 una
1132 951 1268 1062 putria
1296 955 1380 1053 cst,
1418 951 1641 1060 aliquando

86 1165 88 1170 ,
229 1107 307 1190 pro
337 1079 598 1188 discipulatu,
626 1081 848 1191 aliqnando
876 1109 953 1191 pro
981 1081 1172 1185 amicitia,
1200 1082 1421 1192 aliquando
1446 1112 1523 1194 pro
1541 1085 1641 1168 vitio

227 1210 373 1320 gulae,
403 1239 440 1298 a.
470 1239 533 1322 gr.
561 1214 594 1296 si
625 1212 718 1294 tulis
746 1219 830 1315 cst,
872 1213 944 1323 qui
970 1218 1069 1298 aute
1096 1214 1239 1300 bomrn
1268 1215 1358 1298 uult
1386 1216 1642 1325 participare,

228 1343 451 1451 aliqua-udo
480 1371 556 1453 pro
584 1344 715 1427 altero
745 1345 868 1445 vitio;
909 1350 952 1429 et
991 1345 1084 1431 ideo
1121 1345 1390 1429 deensibus
1418 1347 1642 1432 occasioni·

29 1461 31 1466 ’
140 1513 142 1517 ·
229 1475 305 1558 bras
327 1472 571 1558 defendendi
595 1475 774 1586 intelligi
795 1477 931 1581 debet,
960 1479 1154 1589 quiahoc
1177 1507 1261 1563 nou
1283 1479 1477 1563 conuenit
1501 1480 1642 1562 morti·

228 1607 374 1694 ficetis.
431 1607 505 1693 Ait
531 1607 641 1691 euim
670 1610 749 1694 itu:
798 1607 1122 1695 Praecaocuduur
1156 1615 1235 1713 cat,
1274 1638 1326 1696 are
1359 1611 1502 1716 arauris
1529 1637 1642 1695 occu·

230 1737 343 1823 sione
363 1740 606 1846 1uucsuurut
632 1739 743 1824 alites
769 1739 897 1826 ulium
926 1740 1142 1848 defendere
1168 1737 1404 1825 morcardum
1432 1740 1476 1824 iu
1503 1768 1642 1826 erroreu-

229 1870 353 1956 stcrio
381 1877 451 1954 aut
479 1873 600 1980 acrasi
625 1875 743 1982 lucri,
772 1874 933 1960 etiamsi
952 1873 1127 1980 qrrulibcl
1159 1875 1521 1982 cousuuyuiuilalis
1542 1901 1642 1980 pro·

222 2003 455 2111 pioquilutc
474 2006 725 2118 judeaeam·
751 2034 822 2093 ucc
848 2007 1019 2116 quolibet
1036 2007 1153 2093 rrrodo
1181 2007 1227 2092 id
1244 2035 1270 2091 u
1290 2008 1497 2094 rarorraclris
1518 2035 1642 2114 prac-

227 2141 432 2240 sumatur,
470 2140 568 2248 quio
595 2139 743 2226 exinde
769 2141 1017 2250 auarissimo
1047 2143 1203 2228 occasio
1229 2141 1513 2227 scandalorum
1530 2125 1643 2227 'or-iri

220 2276 366 2376 polest.
426 2271 540 2396 Quod
565 2275 605 2358 si
632 2274 725 2380 quis
751 2273 849 2358 dccc
876 2281 1159 2383 trausyrcssus
1184 2276 1327 2381 seruit,
1367 2277 1506 2362 acrias
1534 2305 1642 2361 cocr-

94 2467 98 2474 .
228 2407 459 2491 reare·-
489 2408 840 2506 Pruecuocudruu,
883 2407 910 2492 i.
939 2437 975 2492 e.
1012 2408 1129 2494 vuldo
1156 2411 1427 2520 cavendum„
1455 2411 1540 2521 l'er¹
1564 2411 1642 2495 boe

199 2537 337 2646 .quod
380 2539 483 2654 dicit
519 2541 663 2648 artavis
704 2541 928 2644 occasione,
970 2570 1133 2626 onauem
1166 2545 1419 2626 occasionem
1448 2537 1641 2628 excludit.

228 2653 463 2776 Dcl'euderc
479 2675 587 2757 euim
611 2671 764 2758 attinet
786 2671 838 2756 ud
870 2679 1055 2785 apertum
1078 2675 1371 2775 defensionem,
1400 2675 1522 2781 carosi
1538 2676 1642 2757 tucri

26 3025 40 3050 .-
81 2932 119 3014 ⁸.
229 2935 388 3042 pertam
426 2935 573 3022 uerbis.
630 2936 738 3020 Sunt
777 2937 887 3020 enim
927 2937 1019 3041 ulii,
1061 2936 1151 3047 qari'
1174 2937 1308 3048 palam
1348 2945 1392 3021 et
1431 2938 1644 3020 araurilcste

83 3073 87 3080 ’
229 3057 459 3151 detendunt
485 3066 609 3165 alios;
639 3074 687 3151 ut
713 3067 791 3152 boc
820 3097 904 3152 uon
935 3069 1021 3169 liat,
1062 3068 1170 3151 dixit
1198 3068 1437 3174 deferrdere3
1475 3074 1518 3150 et
1547 3077 1645 3150 suut

228 3194 321 3299 alii,
364 3199 434 3306 qui
470 3227 554 3283 nou
595 3199 753 3284 ancient
788 3199 1004 3283 manifeste
1045 3199 1284 3298 detendere3
1325 3199 1554 3283 defendunt
1582 3199 1642 3282 iu·

229 3327 397 3437 geniaco
436 3357 530 3413 cunr
569 3330 757 3414 dulcibus
786 3329 920 3416 verbis
959 3334 1002 3414 et
1039 3329 1131 3415 aliis
1158 3330 1357 3433 latenter,
1399 3332 1644 3442 cogitantes,

45 3529 49 3536 .
227 3457 421 3544 abbatem
452 3490 537 3547 uon
576 3461 830 3573 intelligere,
870 3492 914 3547 se
953 3491 1076 3548 causa
1111 3460 1362 3546 detensionis
1399 3461 1479 3544 hoc
1506 3489 1642 3572 agere.

228 3589 469 3676 Notandum
500 3597 563 3677 est
590 3595 698 3678 enim
728 3598 853 3705 atque
891 3594 1133 3697 dicendum,
1174 3593 1295 3704 qnia,
1334 3593 1440 3677 sicut
1468 3592 1643 3679 offerrdit

229 3721 311 3825 ille,
341 3721 411 3834 qui
441 3725 638 3828 defendit,
667 3725 727 3808 ita
755 3727 879 3810 etiam
907 3724 1081 3810 offendit
1110 3725 1192 3828 illc,
1222 3725 1293 3836 qui
1322 3725 1428 3810 salso
1455 3730 1640 3823 accusat;

229 3885 267 3940 v.
307 3883 370 3964 gr.
410 3855 580 3942 adducit
620 3858 876 3968 praepositus
915 3863 989 3942 urat
1035 3858 1211 3968 quilibet
1252 3861 1426 3944 fratrum
1466 3857 1641 3965 aliquem

204 3989 510 4101 'negligentem
539 3991 592 4075 ad
621 3979 899 4093 abbatemet
926 3991 1078 4076 adsunt
1108 3991 1165 4075 ibi
1194 3991 1375 4102 qrriuque
1405 3992 1574 4086 iratres3
1602 3996 1644 4070 ct

30 4237 34 4244 ν
117 4133 120 4139 ’
180 4151 322 4232 scum
351 4121 524 4232 corripit
550 4122 676 4206 abbas
706 4123 1000 4235 negligentem,
1031 4129 1132 4210 tuuc
1159 4125 1291 4234 jactat
1318 4153 1361 4206 se
1389 4149 1496 4203 sunus
1523 4149 1643 4203 causa

143 4351 148 4360 ¹
229 4254 479 4338 defensionis
508 4253 682 4338 diceudo
711 4255 883 4356 lirllaciu,
913 4267 962 4338 ut
979 4254 1049 4339 illc
1073 4255 1288 4366 negligens
1317 4279 1403 4362 non
1431 4251 1643 4336 liberetur.

232 4383 391 4468 Deinde
418 4385 619 4470 secundus
638 4391 713 4487 est,
743 4384 813 4496 quai
836 4387 938 4470 dicit
956 4386 1186 4490 veritatem3
1220 4383 1307 4493 qui,
1332 4382 1519 4492 quamvis
1540 4381 1645 4464 reri·

229 4498 355 4598 tdtem
387 4513 520 4620 dicat,
560 4520 699 4601 tuanen
730 4505 822 4601 idco
849 4517 972 4617 dicit,
1014 4524 1061 4598 nt
1087 4515 1158 4598 ille
1190 4513 1407 4624 negligens
1434 4511 1645 4612 liberetur,

230 4645 386 4730 habeus
414 4648 669 4730 voluntatem
700 4644 899 4731 liberandi
935 4674 1043 4734 eum.
1099 4644 1262 4730 Tertius
1292 4650 1377 4744 est,
1417 4643 1487 4751 qui
1516 4643 1645 4725 iuter·

229 4785 401 4890 rogatur
429 4779 483 4862 ab
511 4779 682 4876 abbater
721 4779 791 4863 ille
827 4785 966 4862 aretem
1003 4779 1104 4862 dicit
1132 4775 1367 4875 veribrteur,
1408 4773 1478 4857 sed
1507 4779 1645 4856 taruco

50 4925 55 4934 '
229 4908 284 4996 ob
313 4909 411 5012 boc,
455 4915 503 4994 ut
530 4909 601 4994 ille
638 4910 855 5022 negligens
882 4940 957 4996 nec
1000 4909 1198 4994 liberetur
1235 4937 1309 4993 nec
1337 4908 1646 5007 condemnetur,

117 5110 120 5115 .
228 5041 301 5126 sed
339 5041 620 5145 solummodo,
663 5047 711 5126 ut
747 5043 859 5150 juste
897 5040 1155 5152 corripiatur.
1213 5039 1318 5125 ltem
1358 5045 1421 5124 est
1461 5047 1644 5150 quartus,

230 5173 301 5294 qui
329 5174 432 5260 dicit
460 5174 687 5280 veritatem,
716 5204 799 5262 uou
829 5178 877 5260 ut
902 5173 1120 5280 liberetur,
1153 5174 1224 5259 sed
1253 5179 1302 5258 ut
1331 5170 1641 5273 condemnetur,

110 2843 113 2851 ·
228 2798 280 2884 ad
309 2803 508 2888 occultam
550 2804 853 2908 defensionem,
892 2805 920 2890 i.
948 2835 983 2893 e.
1015 2837 1097 2892 non
1127 2807 1406 2907 manifestam,
1447 2807 1517 2890 sed
1545 2834 1665 2890 coo-.·
1794 2911 1797 2915 ι

1656 3704 1674 3747 ἱ
