3930 5788
867 278 951 374 Cap.
973 277 1103 354 Lxut.
1378 285 1381 294 '
1613 289 1694 370 579
1774 324 1776 330 .

286 535 325 594 v.
355 529 414 614 gr.
445 498 553 585 sicut
582 485 866 582 dilectissimus
897 499 1003 584 filins
1030 501 1138 610 patri
1161 530 1234 586 sno
1260 501 1459 586 honorem
1483 499 1696 614 impendit,
1769 600 1777 612 ,

285 636 311 722 i.
340 662 373 718 e.
415 657 508 716 oum
551 631 706 736 quanta
747 627 967 714 dilectione
1003 631 1064 715 illi
1105 631 1305 741 impendit
1344 632 1565 736 honorem,
1604 662 1695 718 curn

286 769 401 850 tanto
429 757 585 845 seilicet
612 785 750 842 amore
780 757 904 844 debet
930 759 1007 844 iste
1029 761 1172 869 junior
1200 759 1327 872 priori
1357 792 1430 848 sno
1462 765 1697 877 impendere

285 896 494 980 honorem.
553 884 710 973 Deinde
752 887 925 972 iterum:
966 917 1056 976 cnm
1100 897 1255 1002 quanta
1296 893 1515 979 dilectione
1548 895 1696 980 amoris

285 1025 473 1110 affectum
503 1016 707 1128 impendit
733 1023 853 1130 pater
883 1020 1063 1108 filiosuo
1093 1022 1255 1125 dilecto,
1284 1052 1376 1108 cum
1408 1028 1528 1108 tauto
1557 1053 1695 1108 aurore
1795 1025 1798 1030 ’

280 1155 405 1240 debet
432 1150 501 1237 ille
530 1147 667 1234 senior
696 1148 847 1236 dilecto
876 1182 949 1238 sno
973 1153 1129 1264 juniori
1158 1153 1417 1240 dilectionem
1449 1156 1695 1265 impendere.

282 1286 336 1371 Et
367 1288 582 1394 propterea
613 1280 737 1389 jussit
773 1280 820 1367 Β.
851 1283 1123 1387 Benedictus,
1153 1288 1200 1369 ut
1228 1285 1365 1370 nulius
1395 1290 1563 1371 vocetur
1590 1313 1694 1394 puro

283 1415 468 1517 nourine,
497 1414 523 1498 i.
555 1441 588 1495 e.
627 1411 715 1496 solo
756 1414 944 1518 nomine,
981 1417 1076 1526 quia
1116 1425 1204 1527 per¹
1228 1416 1350 1502 istam
1388 1413 1693 1530 adjunctionem

284 1547 456 1635 nominis
485 1544 615 1629 voluit
644 1543 860 1654 designare
888 1546 1098 1636 honorem.
1156 1549 1230 1634 Ait
1259 1551 1391 1636 enim:
1435 1551 1507 1634 scd
1527 1547 1694 1660 priores

276 1681 459 1787 puriores
487 1703 584 1762 suos
610 1682 788 1784 liutmun
815 1679 975 1764 trouriuo
992 1727 1046 1741 -
1062 1679 1386 1767 subaudiendum
1416 1687 1503 1766 est:
1534 1687 1692 1767 vocent.

284 1812 395 1896 Beue
426 1809 574 1894 iratres
608 1809 732 1918 jussit
760 1807 981 1920 appellari,
1010 1810 1106 1919 quia
1135 1841 1217 1896 nuo
1246 1840 1360 1899 sacro
1389 1815 1503 1898 fonte
1536 1813 1693 1924 baptis·
1786 1875 1791 1886 .

282 1942 402 2028 motis
433 1945 531 2025 sunt
559 1941 692 2026 renati
721 1943 765 2025 et
794 1968 877 2024 nno
906 1939 1063 2052 Spiritu
1091 1943 1335 2030 sanctificati
1371 1949 1413 2028 et
1450 1974 1570 2030 unanr
1601 1955 1694 2054 pro·
1863 1935 1864 1940 Ν

75 2066 77 2072 ’
214 2065 237 2096 ”
283 2073 495 2160 sessionem
535 2070 707 2183 professi
745 2076 788 2156 et
824 2100 947 2158 unam
985 2077 1355 2160 reurunerutionem
1389 2074 1557 2186 adipisci
1587 2075 1710 2188 desi·¹

220 2247 228 2266 κ
280 2205 426 2296 derant
461 2212 504 2292 et
539 2231 622 2288 una
656 2207 809 2306 matre,
855 2203 881 2291 i.
911 2233 945 2289 e.
974 2211 1116 2290 sancta
1145 2205 1314 2291 ccclesia
1344 2207 1581 2294 enitimur.
1639 2205 1694 2295 Et

281 2337 358 2422 hoo
396 2335 625 2424 notandum
663 2339 747 2439 est,
778 2334 875 2446 quia
916 2337 1060 2422 urelior
1096 2344 1159 2424 est
1195 2339 1275 2424 ista
1310 2338 1544 2424 fraternitas
1572 2338 1691 2448 spiri·
1763 2383 1766 2390 ,

78 2505 81 2514 ·
282 2470 415 2572 tualis,
446 2497 568 2581 qnam
594 2468 779 2554 carnalis.
840 2466 948 2552 Dicit
969 2469 1077 2552 enirn
1102 2468 1377 2577 Cassiodorus,
1405 2472 1503 2581 quia
1530 2467 1766 2573 fratrem(

279 2611 319 2684 ut
348 2601 415 2710 qui
446 2598 628 2706 diligunt
668 2605 710 2683 ct
741 2598 809 2709 qui
839 2599 1081 2711 diliguntur.
1139 2599 1334 2686 Jurriores
1362 2608 1493 2689 <roricus
1528 2601 1690 2708 priores

279 2757 374 2814 suos
419 2756 574 2817 noruros
616 2733 777 2830 nocent,
817 2728 922 2835 quod
963 2727 1201 2839 iuteliiyitm·
1235 2739 1414 2838 paterna
1456 2733 1688 2817 reverentur.
1854 2750 1860 2761 ·

281 2862 390 2948 Beue
420 2870 556 2972 patres
585 2862 670 2948 sire
705 2859 894 2946 doctrina
922 2862 1007 2947 sive
1033 2861 1228 2946 honorem
1257 2865 1383 2946 aetati
1416 2863 1688 2972 deferentes¹)

278 2992 480 3081 dicuntur.
527 2993 675 3094 Quaeri
705 2997 855 3102 potest,
886 2995 982 3103 quid
1013 2999 1086 3098 est,
1116 2993 1226 3104 quod
1248 2993 1288 3080 S.
1306 2993 1553 3079 Benedictus
1570 2993 1692 3104 jubet
1787 2991 1802 3081 ,’

272 3125 454 3233 juniores
495 3125 651 3235 priores
687 3156 782 3210 suos
817 3132 954 3236 patres
993 3153 1158 3229 vocare,
1188 3153 1280 3208 curn
1316 3123 1514 3210 Dominus
1553 3121 1716 3209 cliente
1883 3175 1885 3184 =

190 3303 194 3314 ·
279 3255 413 3342 Nolite
440 3282 581 3342 roccum
610 3264 774 3362 putrem
807 3284 931 3362 supm
967 3257 1153 3366 terrum?
1206 3253 1301 3338 Non
1339 3261 1402 3338 est
1438 3256 1686 3341 contrarium

279 3387 367 3488 hoc,
395 3387 504 3497 quia,
534 3388 568 3470 si
599 3417 673 3472 nos
705 3395 841 3500 patres
870 3416 1060 3474 vocamus
1089 3390 1403 3495 superterram,
1432 3416 1515 3470 uon
1546 3392 1702 3471 aucto·

278 3545 362 3603 rem
392 3517 501 3602 ritae
529 3523 695 3632 nostrae
725 3540 929 3620 vocamus,
959 3518 1027 3602 sod
1057 3522 1130 3602 aut
1158 3545 1278 3600 causa
1306 3515 1473 3602 honoris
1503 3518 1688 3602 deferen-

277 3649 384 3762 tes²)
425 3654 585 3760 patrem
625 3651 797 3737 dicimus
807 3713 818 3754 ,
864 3653 936 3734 aut
975 3645 1174 3732 doctriua.
1253 3649 1372 3752 Qluod
1409 3651 1548 3733 entem
1588 3647 1688 3732 dicit
1770 3725 1777 3734 .

275 3803 354 3864 uon
387 3806 464 3867 sna
501 3782 776 3888 assumptione
813 3781 886 3866 sed
913 3779 1061 3864 irorrore
1095 3783 1294 3864 etorrrorc
1329 3779 1502 3880 Christi,
1530 3785 1610 3882 est,
1640 3808 1687 3864 ac

140 3993 142 3996 ,
275 3909 307 3994 si
336 3911 519 3997 dicerett,
548 3914 676 4000 abhas
714 3913 836 3998 dehet
878 3897 1012 3995 vocari
1051 3911 1240 3996 dorninus
1278 3918 1321 3996 et
1352 3911 1506 4020 abbae,
1546 3938 1684 3994 verum
1848 3907 1849 3910 ‘

78 4071 82 4085 ¹
179 4099 184 4108 ·
275 4069 355 4126 nou
397 4042 522 4129 debet
557 4043 837 4154 assumptione
876 4071 949 4126 sun
989 4041 1068 4126 hoo
1109 4039 1240 4126 fucore
1281 4040 1429 4145 abbas,
1460 4042 1486 4128 i.
1526 4073 1559 4126 e.
1601 4066 1682 4123 non
1778 4089 1780 4092 —

275 4169 396 4256 debet
433 4201 476 4257 se
516 4175 645 4258 obbas
682 4199 961 4284 praesumere,
991 4175 1037 4254 ut
1065 4198 1108 4255 se
1138 4169 1258 4276 suniat
1294 4169 1459 4257 clamari
1489 4167 1614 4254 abbas
1643 4174 1685 4249 nt
1761 4262 1763 4266 Α

275 4299 485 4407 dominus,
514 4304 586 4389 sod
621 4332 713 4389 curn
754 4300 980 4414 clamatur,
1010 4329 1148 4388 amore
1178 4305 1219 4384 et
1239 4301 1395 4412 timore
1422 4297 1574 4383 Christi
1603 4297 1686 4381 cla·

275 4436 418 4519 metur.
458 4435 605 4536 'Quod
645 4433 921 4520 antem'dicit
948 4433 1092 4540 justior
1131 4463 1156 4520 a
1194 4435 1338 4541 priore
1378 4427 1684 4517 haredictioneur

266 4565 757 4667 1ntut,nnhandienrdurn
797 4571 881 4650 est:
922 4564 964 4649 iu
1002 4560 1065 4649 his
1098 4563 1198 4648 loeis
1237 4569 1280 4650 et
1315 4561 1450 4664 horis,
1480 4559 1552 4645 ubi
1588 4559 1685 4642 licet

272 4690 404 4802 loquir
433 4697 627 4808 rerum'si
645 4695 737 4782 aliis
759 4695 860 4782 locis
883 4701 926 4780 et
944 4695 1055 4780 horis
1076 4694 1213 4798 inerit,
1243 4692 1284 4778 iu
1315 4694 1437 4779 corde
1466 4720 1540 4776 sno
1568 4693 1684 4800 petat
1741 4694 1751 4715 ‘'

275 4819 598 4910 benedictionem
638 4826 837 4913 inclinato
869 4826 1015 4939 capite.
1082 4826 1199 4940 Quod
1234 4829 1370 4908 autem
1410 4821 1511 4905 dicit
1548 4825 1686 4902 trans·

274 5022 530 5040 mm

133 5203 137 5212 .
225 5130 227 5134 ·
335 5129 385 5220 ιι)
406 5129 597 5204 aaronem
618 5131 677 5226 u).

357 5243 385 5330 ¹)
406 5239 587 5314 doicrcudi
609 5243 666 5334 (i).
772 5245 782 5305 .’
818 5343 820 5350 y
