3974 5778
117 373 120 382 .
285 325 368 412 303
894 316 1198 414 Bromie,
1337 291 1342 304 ’

285 545 464 634 dendum
493 545 576 632 est:
616 543 870 654 Quamquam
883 543 918 658 ι)
947 541 990 636 S.
1017 540 1268 630 Benedictus
1294 569 1419 630 crura
1444 539 1702 630 dirmetiomr
1878 550 1894 664 ξ

163 679 166 686 ’
285 683 412 789 utque
463 657 777 789 teimpemmeuti
824 682 973 764 octaua
1023 674 1127 763 hora
1179 675 1313 764 noctis
1363 673 1565 788 praecipit
1613 703 1702 762 esse
1881 666 1894 701 ‘

286 809 560 919 surgendum,
586 808 667 896 hoe
702 809 986 897 testimouium
1021 836 1107 895 non
1144 813 1351 920 congruat
1386 812 1430 892 et
1467 810 1701 912 conueniat,

148 945 158 958 ”
287 949 488 1050 quantum
515 939 570 1026 ad
597 942 720 1030 hores
748 944 926 1044 attinet,
952 969 1051 1026 suae
1085 939 1390 1053 praeceptioni,
1420 945 1561 1026 lamen
1601 968 1703 1026 con·

288 1071 403 1182 grnit
440 1077 641 1180 quantum
677 1072 830 1156 attinet
867 1073 922 1157 ad
965 1077 1153 1172 uocum,
1189 1100 1240 1156 eo
1282 1071 1395 1180 quod
1433 1073 1521 1158 sire
1557 1076 1704 1157 octava

206 1209 210 1220 ’
288 1201 391 1286 hora
417 1227 659 1311 surgamus,
696 1203 803 1286 sicut
830 1201 1078 1288 Benedictus
1113 1201 1240 1302 dicit,
1282 1202 1368 1286 siue
1407 1202 1541 1286 media
1567 1211 1702 1300 nocte,

288 1331 395 1415 sient
421 1331 522 1414 dicit
546 1329 775 1441 propheta,
814 1343 951 1418 tumen
980 1335 1024 1418 in
1052 1337 1177 1418 nocte
1213 1332 1434 1440 surgimus.
1490 1329 1567 1417 llle
1592 1332 1703 1415 enim

289 1455 483 1568 quoniam
512 1488 597 1544 non
634 1463 805 1566 habuit,
841 1465 951 1548 unde
986 1462 1283 1574 congruentius
1318 1461 1533 1548 adhiberet
1568 1490 1706 1548 exeun·

149 1659 155 1672 .
291 1593 404 1702 pluam
432 1590 485 1675 ad
512 1579 836 1678 confirmandam
865 1623 981 1680 suam
1008 1593 1341 1705 praeceptionem
1371 1591 1565 1678 adhibuit
1592 1592 1703 1676 istud

289 1723 535 1833 exemplum,
564 1724 637 1808 ubi
663 1725 715 1808 de
742 1726 876 1810 media
903 1731 1026 1809 rroete
1052 1725 1205 1808 dicitnr
1230 1751 1319 1808 esse
1345 1723 1610 1832 surgendum.
1647 1721 1699 1808 lu

193 1855 213 1946 .’
290 1855 369 1940 hoc
413 1855 507 1940 loco
544 1855 751 1940 sollertius
785 1857 1031 1942 intuendum
1068 1861 1155 1960 est,
1192 1854 1290 1966 qnia
1327 1853 1397 1938 ille
1434 1853 1574 1938 laudes
1616 1853 1705 1938 lleo

114 2041 119 2050 ·
292 1989 431 2090 refert,
459 1987 529 2096 qui
557 1985 651 2088 hoc,
679 1988 791 2097 quod
818 2017 890 2076 ore
918 1989 1034 2091 dicit,
1061 1988 1185 2074 corde
1212 1989 1390 2098 cogitat,
1418 1992 1462 2072 et
1489 1991 1707 2098 propterea

293 2120 515 2230 vigilanter
550 2117 592 2208 S.
631 2118 881 2205 Benedictus
919 2121 1157 2231 subjunxit,
1197 2148 1291 2204 curn
1331 2117 1450 2204 dicit:
1487 2117 1573 2202 llis
1609 2125 1707 2204 tetu-

285 2253 460 2358 poribus
486 2251 715 2354 reseramus
741 2251 896 2356 locales,
935 2262 979 2337 et
1011 2253 1153 2336 statim
1181 2251 1333 2360 adjecit
1367 2249 1541 2336 creatori
1568 2257 1707 2334 nostro
1890 2338 1898 2360 ⁵

295 2385 491 2493 -quasi
520 2382 698 2469 diceret:
736 2381 801 2466 lta
828 2383 969 2468 laudes
1009 2384 1251 2486 referamus,
1292 2387 1341 2466 ut
1379 2388 1542 2468 creator
1569 2389 1708 2466 noster

294 2522 579 2625 cognoscatur.
636 2513 742 2613 Nam
773 2525 871 2600 suut
899 2515 1032 2617 multi,
1059 2514 1131 2624 qui
1154 2515 1346 2600 uidentur
1374 2512 1516 2598 laudes
1541 2497 1736 2616 reler're,¹

293 2647 364 2728 sed
393 2673 475 2732 non
503 2645 688 2734 referunt
714 2646 826 2748 Deo,
867 2647 966 2757 qnia
995 2645 1096 2749 hoc,
1135 2648 1247 2756 quod
1275 2676 1347 2732 ore
1383 2647 1546 2746 dicunt,
1585 2646 1709 2728 corde

294 2806 378 2861 non
406 2776 639 2864 intendunt
697 2775 754 2860 Et
779 2778 872 2862 ideo
898 2777 1145 2863 admonendi
1168 2784 1266 2862 suut
1294 2776 1499 2878 monachi,
1527 2781 1588 2878 ut,
1614 2803 1708 2860 cum

184 2983 193 3000 ,
292 2907 470 2991 audiunt
487 2906 665 3016 signum,
692 2909 800 2992 sieut
815 2908 1035 2994 dimittunt
1052 2935 1114 3010 ea,
1142 2936 1249 3017 quae
1266 2906 1423 2990 habent
1443 2907 1487 2990 in
1508 2907 1710 3008 manibus,

188 3125 190 3132 ,
294 3039 354 3122 ita
382 3037 505 3122 etiam
534 3066 639 3147 qnae
667 3041 823 3125 habent
849 3041 894 3122 iu
921 3039 1065 3144 eorde,
1102 3037 1344 3140 dimittant,
1374 3039 1471 3146 quia
1497 3037 1558 3120 nil
1587 3037 1710 3138 ualet,
1807 3069 1810 3074 ·

294 3171 483 3254 manibus
522 3168 728 3256 dimittere
767 3175 811 3254 et
846 3171 969 3254 corde
1007 3174 1190 3281 gestam
1229 3197 1325 3254 nam
1365 3169 1619 3253 tolerabilius
1647 3171 1710 3252 est

295 3303 484 3386 mansibus
511 3307 675 3412 gestare
709 3330 813 3412 opus
851 3307 895 3388 et
934 3301 1060 3388 corde
1098 3302 1327 3404 dimittere,
1363 3329 1486 3411 quam
1524 3301 1711 3384 manibus
1892 3357 1904 3428 ξ

295 3431 503 3518 dimittere
533 3439 575 3519 et
601 3433 724 3519 corde
752 3439 928 3546 gestam.
987 3435 1049 3520 lle
1076 3435 1155 3521 hoc
1177 3435 1288 3546 quod
1314 3435 1434 3519 dicit:
1465 3435 1591 3520 Nocte
1617 3458 1710 3517 secr·
1892 3429 1903 3537 ξ

146 3659 148 3664 ,
290 3565 433 3675 pedone
462 3567 519 3653 ud
546 3567 810 3674 confitendum
846 3567 943 3672 lidi,
984 3569 1090 3652 bene
1117 3565 1168 3656 Β.
1197 3565 1460 3670 Ambrosius,
1499 3565 1712 3676 epiecopus

296 3697 628 3804 llledioluuensis,
658 3701 701 3785 in
719 3706 902 3806 tractatu
919 3699 1045 3786 Beati
1072 3697 1319 3796 irnenoculcti
1348 3707 1405 3800 (v.
1428 3701 1515 3811 62.)
1541 3699 1711 3808 exponit
1885 3674 1903 3791 :l

181 3883 190 3906 ·
298 3827 377 3912 hoc
404 3829 528 3914 modo
556 3830 717 3918 diceus:
758 3831 856 3916 Nou
883 3833 958 3916 lidi
984 3831 1082 3918 dicit
1106 3831 1325 3937 proptera,
1367 3837 1412 3914 ut
1438 3828 1712 3916 tandummodo
1779 3911 1782 3916 ,
1887 3847 1902 3896 t

299 4023 351 4096 ,3
381 4026 393 4049 .
421 4024 431 4047 .
451 3964 592 4067 possit
618 3965 821 4094 trecensus.
829 3964 864 4078 2)

863 4165 962 4268 cup.
995 4161 1153 4248 XVII.

160 4409 162 4414 ,
317 4335 454 4430 QUO'l'
484 4337 675 4416 Psutun
706 4340 805 4418 l‘Bll
832 4342 1042 4421 BASDBM
1072 4341 1247 4421 nouus
1276 4339 1512 4420 cunnum
1541 4339 1691 4420 SUNT.

408 4487 567 4593 Aptum
594 4485 702 4570 euim
733 4487 918 4572 ordinem
946 4489 1081 4574 tenuit
1108 4487 1155 4578 S.
1177 4487 1425 4572 Benedictus
1450 4485 1498 4570 in
1526 4511 1575 4569 eo
1602 4481 1713 4592 quod

298 4615 484 4725 superius
511 4616 760 4701 distinxerat
797 4623 1006 4730 tempora,
1043 4619 1194 4728 quibos
1222 4618 1360 4703 officia
1387 4616 1529 4702 divina
1554 4614 1714 4726 agenda

298 4747 403 4851 sint,
443 4751 487 4832 et
516 4773 624 4834 nunc
652 4739 893 4859 subjunxit,
931 4751 1076 4862 quanti
1114 4751 1260 4862 psalmi
1295 4779 1368 4862 per
1394 4748 1557 4834 easdem
1592 4745 1714 4830 horas
1897 4738 1903 4821 l

299 4877 473 4963 canendi
501 4885 614 4966 sunt.
671 4863 785 4966 Dicit
812 4881 946 4968 enim:
975 4881 1077 4969 Joru
1104 4886 1156 4969 de
1181 4885 1390 4970 enecone
1416 4877 1478 4966 ccl
1503 4875 1715 4966 mutrctilu‘s

389 5195 418 5288 ¹)
439 5191 525 5266 Post
546 5211 760 5286 quemdum
781 5190 948 5265 uminum
970 5213 1047 5265 esse
1068 5191 1212 5266 videtur
1231 5193 1317 5284 puio
1338 5189 1396 5265 vel
1417 5211 1508 5266 curu.

254 5313 259 5336 ⁸
389 5315 418 5400 ²)
439 5305 485 5380 ei.
508 5305 639 5400 iligna,
661 5308 746 5377 tona
773 5305 825 5378 15.
848 5305 914 5378 col.
944 5305 1034 5376 1313.
1058 5327 1154 5376 num.
1176 5307 1232 5378 ⁴5.
1253 5305 1310 5375 46.
1514 5306 1519 5314 “
