3974 5778
96 273 101 282 ’
278 288 363 376 834
877 283 1112 382 &cnm

278 507 374 594 ideo
405 505 593 622 magistri
620 534 762 594 eorum
792 534 956 620 semper
982 465 1147 598 senene
1162 537 1257 598 cum
1293 509 1375 596 illis
1402 515 1525 620 esse,
1548 443 1698 624 usquc·

228 629 248 636 ”
279 667 363 750 quo
385 639 578 726 collocari
600 640 806 734 debcant·
836 639 996 728 Deinde
1013 641 1272 728 collocantur
1291 641 1485 747 infantes,
1506 647 1551 730 ct
1566 623 1697 734 donec

201 833 210 842 -
277 771 339 856 illi
377 772 556 860 inientes
590 773 799 860 collocant
824 803 890 877 se,
932 801 1096 886 semper
1119 771 1318 860 “assistere
1351 774 1506 860 ibidem
1546 763 1720 864 debens
1873 766 1876 769 ⁵
1968 783 1969 822 ¹

277 905 478 1016 magistri,
506 906 578 1016 qui
605 933 675 992 eos
700 897 1100 1001 custodiant.,'Post
1126 931 1225 990 vcro
1251 904 1434 990 succedit
1458 906 1542 992 alia
1557 912 1697 996 custo·

209 1053 213 1062 '
277 1037 358 1139 dia,
385 1037 413 1120 i.
442 1066 480 1126 e.
509 1036 570 1120 illi
596 1037 805 1124 custodire
831 1037 1064 1148 incipiunt,
1092 1063 1268 1148 quorum
1296 1037 1406 1122 vices
1434 1043 1535 1123 sunt
1559 1045 1695 1125 custo-

277 1165 432 1256 diendi.
487 1168 574 1253 Illis
599 1173 762 1271 autem,
800 1168 952 1278 quibus
989 1171 1218 1254 necessaria
1246 1175 1312 1254 est
1340 1170 1551 1274 custodia,
1587 1199 1696 1256 nun·

277 1330 403 1412 quam
438 1302 620 1386 audeant
659 1301 759 1386 loris
794 1303 907 1386 exire
945 1301 1212 1406 dormitorio,
1251 1312 1296 1388 ct
1322 1303 1368 1386 in
1398 1301 1609 1386 basilicam
1637 1303 1698 1388 ire

278 1462 402 1518 causa
428 1432 588 1538 orandi,
615 1433 696 1516 nisi
723 1438 889 1518 tautum
917 1432 1016 1543 quia
1046 1459 1131 1516 non
1159 1433 1292 1542 possit
1316 1433 1438 1530 aliter
1467 1433 1576 1538 fieri,
1602 1463 1697 1520 cum

278 1592 382 1676 opus
410 1573 473 1648 est
498 1563 580 1648 illis
607 1567 681 1668 ire,
710 1594 749 1656 u.
764 1593 829 1676 gr.
850 1563 902 1649 ad
922 1563 1191 1676 mingendum
1213 1565 1328 1649 etad
1348 1566 1519 1652 exitum.
1563 1565 1690 1651 Vcdit

75 1705 79 1714 '
196 1751 207 1762 -
276 1696 360 1796 ille,
388 1697 456 1780 cui
475 1722 639 1781 neccsse
660 1701 724 1780 est
743 1697 816 1802 ire,
846 1701 889 1780 et
906 1695 1045 1804 tangit
1060 1681 1178 1776 illum
1198 1695 1418 1799 seniorem,
1446 1697 1517 1806 qui
1538 1685 1696 1808 vigilet,

278 1835 321 1910 et
347 1826 419 1912 illc
445 1825 633 1911 accendit
660 1825 798 1910 lumen
826 1830 869 1910 ct
897 1824 1012 1908 vadit
1040 1851 1134 1908 cum
1155 1823 1238 1908 'illo
1265 1825 1526 1944 aderitum,
1566 1831 1611 1910 et
1637 1829 1699 1912 sic
1802 1818 1806 1824 ¹

278 1958 434 2042 lumine
461 1981 633 2042 accenso
662 1953 883 2038 revertitur
909 1982 1003 2040 cum
1032 1954 1106 2037 illo
1135 1954 1188 2038 ed
1211 1956 1363 2042 lectum
1392 1983 1512 2040 snum
1541 1963 1585 2041 ct
1610 1957 1699 2040 col·

278 2089 391 2173 locat
416 2085 548 2172 illum.
605 2083 662 2168 lit
678 2083 758 2170 ille
786 2086 943 2194 major,
983 2084 1051 2170 cni
1078 2111 1201 2168 causa
1226 2085 1393 2170 lauandi
1423 2085 1696 2198 pollutionem

278 2218 496 2302 necessitas
525 2216 661 2318 luerit,
688 2243 851 2324 semper
877 2217 1093 2302 assistente
1122 2221 1167 2300 ct
1194 2219 1350 2302 sciente
1380 2219 1542 2302 seniore
1571 2216 1698 2320 vadit,

23 2377 33 2392 ·
146 2337 153 2442 ’,
232 2431 235 2438 ,
278 2351 376 2461 quia
402 2377 561 2464 semper
588 2349 728 2434 senior
752 2346 904 2459 vigiliis
926 2348 1093 2432 insistit.
1140 2347 1370 2433 Deindcad
1390 2349 1554 2459 vigilias
1574 2349 1697 2458 signo

278 2479 391 2564 facto
419 2479 608 2564 accendit
634 2481 771 2564 senior
799 2479 937 2563 lumen
965 2479 1009 2564 in
1038 2479 1303 2581 dormitorio,
1341 2485 1385 2564 et
1412 2485 1514 2564 tunc
1541 2507 1697 2581 omnes,

278 2611 348 2722 qui
385 2612 578 2723 indigent
615 2611 825 2715 custodia,
864 2639 949 2696 uon
986 2610 1112 2694 audet
1151 2639 1256 2694 unus
1293 2610 1382 2694 sine
1413 2613 1545 2696 altero
1572 2610 1699 2714 crire,

60 2763 64 2772 '
167 2829 177 2850 ¹,
279 2744 351 2827 scd
380 2772 522 2828 omnes
550 2773 593 2828 sc
621 2743 808 2828 vestiunt
833 2751 877 2828 ct
896 2749 1146 2854 praeparant
1169 2773 1225 2846 sc,
1254 2747 1298 2828 et
1320 2748 1422 2828 tunc
1444 2743 1697 2853 praeparatis

203 2932 206 2944 -
280 2901 452 2960 accenso
481 2874 637 2959 lumine
665 2874 782 2958 vadit
807 2875 1005 2984 magister
1031 2881 1131 2961 ante
1156 2880 1201 2959 et
1226 2875 1272 2958 in
1297 2875 1433 2960 medio
1459 2881 1504 2959 et
1527 2875 1573 2958 in
1603 2873 1698 2971 fiune,

188 3008 197 3024 '
281 3013 324 3089 ct
352 3006 412 3090 ita
440 3006 600 3090 vadunt
625 3005 678 3090 ad
705 3004 941 3106 ecclesiam3
970 3007 1074 3092 etin
1093 3008 1265 3094 ccclesia
1284 3007 1542 3092 adstantibus
1564 3009 1699 3119 magi·

191 3149 193 3156 ⁴
280 3137 378 3222 stris
405 3144 528 3222 orant
555 3142 598 3224 et
626 3137 823 3246 psallunt.
879 3137 1117 3250 Nunquam
1131 3145 1272 3228 autem
1301 3138 1416 3223 vadit
1442 3138 1582 3223 inians
1608 3140 1698 3223 sine
1735 3133 1740 3142 ’

280 3270 487 3371 custodia,
527 3271 556 3357 i.
583 3299 619 3354 e.
659 3271 747 3354 sinc
775 3298 852 3354 suo
881 3271 1108 3381 magistro,
1144 3275 1219 3355 aut
1246 3269 1331 3374 illi,
1367 3272 1440 3380 qui
1467 3272 1694 3358 custodiam

39 3419 46 3438 ·
140 3455 143 3461 ι
224 3383 250 3440 ’·
280 3403 484 3513 indigent.
521 3401 698 3514 Reliqui,
716 3403 787 3512 qui
802 3431 887 3487 non
897 3403 1087 3513 indigent
1099 3401 1301 3504 custodia,
1319 3400 1491 3489 vadunt
1521 3403 1695 3487 Verum·

280 3541 420 3618 tamen
458 3535 566 3618 sicut
602 3563 695 3620 cum
731 3535 940 3646 magistris
977 3541 1020 3620 ct
1058 3534 1276 3644 disciplina
1313 3532 1390 3644 ipsi
1429 3535 1610 3619 infantes
1642 3535 1695 3619 ad
1762 3599 1765 3606 ,

211 3666 214 3672 ’
279 3670 505 3750 nocturnas
533 3666 691 3751 vadunt
715 3668 759 3750 in
783 3665 1008 3768 ecclesiam,
1038 3667 1100 3752 ita
1117 3668 1243 3751 etiam
1266 3694 1361 3752 cum
1384 3666 1592 3776 magistris
1611 3667 1696 3752 suis
1873 3702 1895 3781 {e

280 3804 325 3881 et
351 3796 565 3907 disciplina
593 3798 747 3883 debent
766 3799 827 3882 ire
853 3797 898 3882 in
920 3797 1132 3884 ecclesiam
1160 3796 1214 3882 ad
1236 3823 1358 3880 omne
1382 3796 1581 3904 officium,
1610 3803 1637 3888 i.¹
1659 3827 1695 3886 c.

213 3971 218 3980 ·
279 3929 332 4014 ud
372 3931 656 4034 matutinum,
683 3930 737 4014 od
778 3929 973 4039 primam,
1010 3930 1064 4014 ad
1104 3933 1292 4032 tertiam,
1334 3929 1387 4014 ad
1424 3937 1605 4038 sextam,
1643 3932 1694 4016 ad
1817 3959 1822 3971 ·
1875 3919 1893 3968 ¹·

279 4089 452 4162 nonam,
488 4061 542 4145 ad
572 4088 780 4172 vesperam
807 4068 934 4173 atque
961 4062 1299 4173 completorium,
1340 4068 1386 4147 et
1412 4055 1696 4150 sninoecssins

279 4199 367 4296 est3
405 4194 505 4279 item
534 4194 587 4280 ad
616 4221 740 4304 opera
768 4195 994 4280 exercenda
1019 4197 1100 4308 ipsi
1127 4195 1307 4282 infantes
1333 4195 1486 4282 debent
1512 4197 1574 4282 ire
1601 4224 1692 4282 cum

204 4433 207 4438 ι
279 4325 364 4412 suis
392 4327 613 4439 magistris.

391 4457 606 4569 Sequiturz
645 4456 790 4550 Vestio·
809 4461 1017 4548 dovotione
1044 4468 1081 4547 ct
1099 4461 1219 4548 cincti
1237 4459 1410 4570 demtis
1427 4469 1499 4547 ont
1514 4464 1698 4569 lando,
1717 4539 1721 4544 ,
1893 4589 1907 4606 η

280 4599 318 4676 ct
345 4591 521 4678 amellos
547 4619 644 4678 eccos
679 4595 737 4678 od
763 4587 871 4678 latres
897 4620 977 4680 non
1006 4593 1198 4702 leodeasrt,
1240 4593 1338 4680 dnm
1375 4593 1602 4700 mannos,
1646 4622 1698 4681 nc

278 4725 386 4829 {orte
403 4751 485 4830 per
506 4750 691 4809 sosnnnm
712 4725 971 4812 onlsscrentar
990 4727 1244 4814 doroeicntcs.
1288 4729 1379 4828 Qua
1400 4729 1560 4812 ratione
1578 4755 1697 4839 prae·
1870 4820 1880 4836 ,

280 4853 437 4964 ceperit
472 4856 697 4966 osonachos
728 4853 772 4945 S.
800 4855 1048 4943 Benedictus
1085 4859 1243 4944 cinctos
1272 4860 1336 4945 vol
1365 4859 1537 4945 vestitos
1559 4861 1697 4970 jacere

280 4990 356 5069 uut
382 4986 574 5091 dormire,
602 4987 838 5072 mornifeslet
860 4987 1032 5072 inferius
1057 5017 1151 5072 cunr
1177 4991 1415 5102 subjungit:
1442 4997 1480 5075 ct
1498 4997 1542 5074 nt
1553 4990 1697 5118 parati
1847 4997 1850 5004 ⁴

280 5118 364 5200 sicet
390 5116 576 5204 snmeoelri
600 5145 759 5225 semper
795 5125 832 5202 ct
862 5119 973 5224 [octo
1005 5124 1123 5231 siyno
1157 5121 1307 5228 adsone
1334 5149 1451 5210 oeorc
1487 5132 1696 5234 strepentes

213 5363 218 5376 1
277 5250 469 5356 festinem
495 5251 664 5336 issvicem
683 5245 927 5359 praevenire
954 5252 1012 5336 ud
1039 5277 1141 5360 opus
1169 5253 1270 5359 Dei,
1306 5279 1396 5340 cnm
1424 5257 1535 5340 omni
1562 5263 1693 5340 lonwn
