3974 5778
839 255 924 348 Cap.
949 253 1046 327 Vlll.
1250 270 1261 286 '
1570 255 1650 340 273
1800 366 1804 376 Ι

244 529 292 586 eo
320 490 430 606 quod
457 511 553 600 pars
581 481 668 591 ejus
697 479 832 564 calore
860 475 1106 590 flagrantior
1133 474 1200 562 sit.
1241 461 1467 560 ,intuamur
1488 471 1651 590 dicitnr,

243 629 346 715 sicut
373 619 485 707 Beda
513 614 638 716 dicit,
682 611 732 696 de
772 609 1109 696 anctumnatioue
1147 609 1386 708 fructuum,¹
1415 603 1484 716 qni
1523 604 1568 688 in
1604 631 1653 690 eo
1726 711 1730 724 ι
1799 662 1803 676 1

245 753 505 866 colliguntur,
535 745 620 830 sire
649 746 909 844 auctumnus‚
938 739 1044 826 sicut
1073 736 1250 824 Isidorus
1279 737 1392 841 dicit,
1422 765 1447 822 a
1476 741 1653 852 tempas·

245 883 562 978 retrectatur,
602 869 1212 984 quandoetl'oliearborum
1252 866 1652 954 cnduntetomuia
1743 871 1745 878 ⁴
1813 931 1815 936 ³
1908 971 1911 980 ,

248 1009 534 1102 maturescunt.
595 1003 827 1089 Autumnus
868 1002 1037 1088 occiduo
1077 1001 1218 1104 datur,
1258 1004 1426 1112 propter
1464 1000 1574 1111 quod
1613 1003 1656 1082 et

248 1171 389 1257 gmves
414 1135 580 1222 morbos
603 1131 743 1234 babet,
772 1137 815 1216 et
834 1125 936 1220 tuno
959 1134 1097 1220 omnia
1119 1132 1221 1218 lolia
1243 1133 1435 1218 orborum
1455 1131 1654 1255 defluunt.
1727 1200 1741 1222 ,

248 1274 304 1360 Ut
332 1277 468 1356 autern
497 1271 719 1354 autumnus
744 1263 928 1349 abundet
955 1263 1122 1365 morbis,
1155 1263 1252 1349 lacit
1271 1269 1314 1371 et
1331 1261 1410 1348 hoc
1433 1264 1655 1348 confinium
1760 1370 1762 1379 y

121 1389 122 1392 Ὺ
250 1401 410 1512 trigoris
447 1403 489 1482 et
518 1394 665 1482 caloris
704 1401 747 1480 st
785 1394 1108 1506 compugnantia
1145 1393 1256 1480 iuter
1284 1421 1327 1478 se
1356 1392 1656 1478 contrariorum

249 1539 400 1620 odram.
456 1525 675 1612 Kalendae
712 1531 866 1627 cumen,
910 1523 1057 1610 Nanos
1091 1531 1127 1610 et
1164 1523 1292 1627 Iatrus,
1332 1523 1439 1609 sicut
1478 1523 1659 1608 Isidorus
1801 1561 1807 1574 ·

250 1662 370 1760 dicit,
398 1665 569 1766 propter
605 1657 694 1744 dics
727 1655 853 1760 festos
892 1657 1053 1742 romani
1083 1655 1362 1755 instituerunt,
1401 1654 1463 1740 uel
1488 1659 1657 1758 propter

250 1789 383 1896 officio
419 1791 741 1896 inopistrutumn.
799 1785 948 1870 In'bic
985 1784 1123 1870 dicbus
1151 1786 1258 1870 cuim
1287 1782 1588 1870 ccrrcrrricbotnr
1614 1784 1659 1866 in

250 1919 427 2008 urbibus.
487 1919 662 2024 Quidam
699 1921 830 2001 certem
864 1915 1065 2002 Oulcndcs
1093 1943 1121 2001 u
1151 1915 1312 2000 colando
1340 1911 1544 2020 appellari
1571 1911 1660 1996 cai·

251 2051 435 2150 strenuum
464 2049 577 2154 apud
605 2053 751 2132 umcros
780 2046 886 2132 cuim
908 2047 1121 2155 princdric
1147 2045 1325 2134 orrrrrium
1347 2043 1542 2132 accersiam
1560 2040 1661 2128 colc-

251 2179 419 2281 bantnr,
454 2177 556 2264 sicut
593 2184 629 2262 et
665 2180 777 2286 apud
803 2177 1023 2266 Hebraeos.
1037 2179 1071 2290 ¹)
1128 2177 1239 2264 Beda
1277 2203 1373 2262 vero
1402 2175 1452 2262 de
1481 2173 1662 2284 calendis
1881 2286 1883 2294 y

252 2315 293 2398 et
323 2309 442 2396 nonis
461 2297 503 2394 et
530 2307 666 2395 idibus
683 2308 785 2396 dicit
806 2308 884 2397 hoc
906 2309 1046 2406 modos
1078 2309 1238 2400 Priscis
1257 2306 1501 2416 tenrpcribua
1523 2307 1539 2392 '.
1562 2367 1599 2396 ..
1738 2335 1741 2344 ¹
1779 2291 1783 2302 ’

251 2441 458 2528 novilunia
484 2437 690 2552 ncrmrt.²)

368 2657 600 2743 Videndum
630 2663 704 2762 est,
733 2666 837 2770 quot
865 2663 997 2748 modis
1019 2660 1218 2747 vocabulo
1238 2660 1437 2744 meusium
1458 2662 1662 2760 constant,

253 2799 293 2876 et
330 2789 437 2874 unde
479 2789 681 2898 originem
722 2798 967 2880 sumserunt.
1025 2795 1210 2893 Quatuor
1248 2819 1346 2902 ergo
1375 2789 1528 2892 modis,
1557 2789 1662 2873 sicut
1809 2795 1811 2800 ’

255 2919 365 3005 Beda
388 2919 499 3022 dicit,
510 2917 545 3030 ³)
574 2947 732 3006 menses
753 2923 1033 3027 nominantur,
1062 2923 1103 3008 h.
1121 2952 1155 3012 e.
1174 2923 1252 3010 sub
1273 2921 1407 3028 idolis,
1436 2922 1512 3006 sub
1527 2921 1661 3020 rebus,

254 3047 328 3134 sub
356 3047 544 3160 regibus,
585 3051 662 3136 sub
691 3055 882 3138 numeris.
938 3051 1161 3140 Januarius
1198 3053 1308 3139 enim
1344 3053 1504 3138 duobus
1532 3052 1662 3136 modis

255 3209 401 3265 nomen
429 3183 609 3292 accepit,
648 3182 690 3272 h.
720 3212 755 3271 e.
784 3213 835 3270 ex
864 3183 975 3271 idolo
1004 3192 1046 3270 et
1073 3214 1139 3286 rer
1179 3213 1230 3271 ex
1257 3185 1368 3271 idolo
1397 3213 1519 3296 ergo,
1556 3184 1597 3272 lr.
1628 3213 1662 3272 e.
1804 3205 1805 3208 ‘
1881 3189 1931 3204 ”

256 3339 303 3396 ex
344 3309 454 3410 Jano
496 3313 698 3419 bifronte,
743 3316 961 3401 simulacro
1004 3315 1194 3404 videlicet
1232 3317 1355 3422 dani,
1398 3316 1661 3428 Epirotarum

255 3441 381 3553 regis,
419 3442 491 3553 qui
529 3453 776 3556 argumento
816 3447 1053 3558 excogitato
1088 3449 1349 3558 semetipsum
1377 3447 1466 3558 igni
1495 3446 1666 3531 tradidit
1830 3513 1834 3522 .
1896 3493 1901 3504 ·
1939 3493 1942 3502 .

195 3653 200 3662 .
233 3577 297 3654 'et
326 3599 375 3656 ex
405 3571 483 3658 hoc
512 3577 691 3661 romanis
720 3577 935 3663 victoriam
974 3581 1147 3690 peperit.
1201 3577 1372 3666 Bilrons
1400 3581 1539 3662 sutem
1568 3577 1665 3662 Jani

256 3701 514 3790 simulacrum
545 3721 645 3810 erat,
675 3709 787 3819 quod
815 3739 866 3795 ex
894 3736 977 3796 una
1010 3710 1240 3824 portevin,
1270 3739 1320 3794 ex
1342 3709 1472 3795 altera
1491 3707 1667 3794 feminae
1760 3709 1763 3714 ’
1792 3695 1797 3708 ’

256 3833 502 3938 adorabant,
553 3837 730 3951 indeque
774 3838 1020 3928 Januarium
1064 3845 1316 3929 vocaverunt
1365 3838 1545 3951 bicipitis
1590 3837 1668 3922 Dei
1776 3881 1778 3885 ·

258 3991 448 4072 omnnem,
478 3967 762 4078 respicientem
786 3973 986 4058 transacti
1008 3971 1105 4057 anni
1136 3973 1257 4056 linem
1281 4000 1329 4057 ac
1351 3954 1668 4083 prospicientem

256 4094 382 4181 futuri
410 4098 510 4182 anni
552 4099 812 4215 principium.
872 4101 976 4189 ltsm
1005 4103 1229 4192 danuarius
1258 4133 1307 4191 er
1336 4131 1381 4190 re
1409 4099 1580 4202 dicitur,
1621 4127 1668 4182 eo
1709 4153 1711 4156 -

258 4229 363 4336 quod
394 4230 448 4316 sit
471 4232 601 4341 janua
629 4235 739 4340 suni,
771 4237 812 4323 h.
842 4265 876 4323 e.
908 4235 1170 4347 principium.
1209 4234 1408 4322 Similiter
1426 4229 1670 4317 Februarius
1793 4230 1803 4253 ⁰

259 4359 406 4447 dicitur
434 4364 488 4448 ab
511 4362 623 4450 idolo
652 4375 695 4452 st
723 4395 790 4468 rer
820 4366 873 4451 ab
892 4365 1004 4453 idolo
1034 4395 1134 4479 ergo
1155 4365 1331 4470 Februo,
1360 4366 1402 4454 h.
1425 4391 1459 4449 e.
1481 4365 1670 4465 Plutone,

41 4536 47 4573 ι
164 4601 169 4613 ¹
259 4491 328 4601 qui
356 4493 645 4584 lustrationum
664 4503 813 4609 potens
833 4525 918 4583 esse
935 4499 1177 4584 credebatur
1201 4531 1227 4586 a
1247 4496 1487 4612 gentilibus,
1516 4491 1670 4579 Febrn·
1740 4491 1743 4496 ’
1906 4555 1909 4560 ,

264 4713 522 4750 ...Ἴ-.-

337 4851 377 4933 'n
399 4848 553 4942 Erymo.
577 4853 641 4926 m.
664 4856 696 4948 ⁵.·
721 4875 751 4929 s
775 4856 831 4929 ae.
852 4879 887 4930 a
913 4855 965 4928 rc.
992 4857 1044 4930 m.

307 5007 313 5018 ’
350 4983 380 5074 ⁸)
403 4984 453 5058 lle
477 4983 615 5088 ratione
639 4985 798 5079 computi
821 5011 850 5062 c.
875 4988 908 5061 8.
931 4987 1078 5079 (Migne,
1100 4973 1350 5062 montbeel.
1374 4985 1467 5078 mr.)
1497 4978 1501 4988 ’

347 5117 377 5208 ⁸)
397 5115 443 5190 cl.
465 5119 500 5190 S.
525 5118 650 5193 isidori
672 5117 736 5192 lib.
761 5121 807 5194 de
829 5123 959 5193 natura
980 5139 1097 5194 rerum
1114 5141 1199 5212 ‚cap
1219 5121 1253 5190 4.
1274 5117 1526 5220 nura.,2-⁴.t

326 5235 517 5308 narrum-m.
535 5243 830 5312 exponamur...
1045 5237 1047 5242 ’
1373 5231 1424 5316 18
