3930 5788
889 233 1086 326 crntlx.
1181 235 1189 254 ·
1385 213 1386 218 ‘
1508 225 1524 278 f
1609 245 1687 326 547

284 453 463 540 dixerint
504 454 651 537 fratres
678 451 814 561 ipsonr
849 481 1030 557 versum,
1071 455 1224 540 debent
1259 456 1382 542 etiem
1420 456 1691 566 subjungere:

285 584 424 669 Gloria
453 581 568 667 Petri
595 585 639 665 et
665 579 772 666 Filio
801 587 843 666 et
870 582 1041 691 Spiritui
1070 583 1237 687 Sancto,
1267 588 1493 696 etreliqua.
1534 587 1688 672 Deinde

283 741 375 799 οηηι
403 714 482 798 hoe
514 709 704 814 dixerint,
732 716 832 796 ωηο
861 713 984 797 debet
1003 713 1071 798 ille
1099 716 1278 802 novitius
1307 745 1459 828 ponere
1483 739 1618 826 genre
1647 717 1691 799 in

284 848 432 927 terrene
472 852 516 927 et
554 842 733 928 solutore
761 869 904 927 ornnes
933 843 1078 932 iratres
1109 848 1307 932 volvendo
1343 875 1386 931 se
1414 846 1458 931 in
1486 873 1614 957 gyro,
1644 853 1691 930 ut

284 1001 423 1058 omnes
451 979 572 1058 orent
599 1004 675 1084 pro
703 1003 764 1060 eo.
824 972 980 1058 Deinde
995 999 1087 1056 eum
1108 974 1348 1060 solntrrerit
1363 1005 1502 1063 omnes
1530 977 1692 1077 fratres,

283 1104 389 1188 sieut
417 1103 519 1206 dixi,
562 1110 662 1190 tuno
690 1105 813 1190 debet
839 1132 882 1189 se
911 1104 999 1212 ipse
1027 1105 1208 1189 novitius
1242 1111 1499 1216 prosternere
1529 1121 1571 1190 et
1598 1134 1692 1214 pro·
1813 1155 1815 1160 .

283 1239 436 1318 stratus
459 1234 596 1344 jecere
625 1240 723 1320 ente
751 1237 883 1322 altere
911 1235 954 1318 in
983 1239 1106 1335 terro,
1137 1243 1181 1320 et
1199 1265 1342 1321 omnes
1366 1237 1514 1322 fratres
1543 1237 1694 1320 debent

283 1392 434 1474 ponere
475 1365 682 1476 genunio
710 1371 842 1468 terre,
884 1370 926 1448 et
963 1365 1021 1449 sio
1059 1365 1233 1476 genibus
1274 1367 1388 1452 flexis
1416 1373 1582 1452 eantare
1618 1396 1692 1476 pro

229 1563 231 1568 .
283 1495 355 1580 illo
384 1495 567 1605 quinque
595 1497 775 1606 psnlrnos
793 1497 844 1580 ed
866 1495 967 1580 illud
989 1524 1090 1606 opos
1115 1497 1379 1605 pertinentes,
1411 1497 1437 1579 i.
1458 1523 1516 1584 e.:
1546 1497 1695 1580 Lerori

282 1624 416 1712 oeulos
446 1652 555 1714 ineos
583 1628 627 1711 in
656 1633 828 1728 mordeor
855 1627 926 1712 Ad
952 1633 989 1713 to
1006 1625 1133 1711 toroni
1152 1625 1284 1712 oculos
1299 1651 1419 1727 oreos,
1447 1627 1518 1732 qni
1535 1626 1694 1710 totilae

281 1759 326 1840 in
353 1754 495 1860 crelin
526 1759 625 1844 Nisi
651 1759 747 1865 onio
768 1758 972 1843 Dominus
991 1763 1079 1842 erni
1105 1756 1147 1840 in
1174 1755 1301 1858 nodie,
1331 1762 1373 1841 et
1392 1757 1458 1843 De
1473 1757 1693 1864 profundis
1803 1801 1805 1805 ·

283 1893 407 1996 etque
435 1887 640 1974 Miserere
668 1887 746 1972 rnoi
765 1885 880 1972 Dens
906 1915 998 1972 ounr
1024 1885 1177 1973 Gloria.
1235 1887 1387 1970 Omnes
1417 1887 1571 1971 debent
1597 1914 1693 1971 οοη-
1745 1889 1748 1896 ’

280 2025 367 2101 tere
394 2021 438 2102 et
476 2018 608 2104 tribus
649 2016 807 2102 rieibus
845 2007 979 2100 dicere
1007 2013 1135 2124 liyrie
1173 2014 1351 2124 eleyson.
1412 2015 1569 2100 Deinde
1598 2045 1693 2101 οοη-

195 2185 200 2200 ·
283 2149 380 2231 totis
409 2146 472 2232 his
501 2149 682 2258 quinque
712 2147 891 2260 psalmis,
919 2151 1019 2230 ωηο
1049 2147 1262 2230 denotant
1282 2146 1422 2248 obbas,
1450 2154 1524 2231 ont
1545 2146 1578 2230 si
1609 2175 1691 2231 ηοη
1861 2215 1864 2220 .

287 2279 376 2362 rnlt
415 2279 561 2380 obbas,
616 2284 715 2362 tuno
766 2277 980 2389 presbyter
1029 2276 1152 2362 debet
1192 2276 1327 2360 dicere
1372 2275 1498 2362 Potor
1546 2282 1692 2378 noster,

283 2408 449 2494 deinde:
491 2407 549 2492 Er
587 2434 637 2493 ne
675 2433 749 2492 noe
776 2407 949 2492 induras·
975 2407 1021 2490 in.
1048 2405 1321 2504 conlationem,
1361 2411 1485 2516 atque
1512 2406 1692 2518 oepitoln
1849 2471 1860 2502 ,-

285 2537 408 2622 debet
438 2537 573 2624 dicere
600 2538 653 2622 ed
681 2537 815 2647 ipsum
846 2537 994 2647 opus¹)
1023 2535 1282 2646 pertinentia,
1312 2533 1338 2618 i.
1369 2561 1404 2620 e.
1436 2535 1603 2620 Soteron
1627 2538 1697 2641 sne

58 2693 62 2702 ¹
115 2741 119 2752 .
282 2694 440 2753 serornn
456 2674 588 2774 tnnm;
623 2668 868 2769 Gorrverdore,
897 2667 1084 2772 Domine,
1111 2693 1236 2774 usqne
1263 2692 1363 2774 pno‚·
1389 2665 1592 2750 Dominus
1608 2693 1697 2752 cne-

284 2799 411 2884 lodiot
437 2804 474 2884 le
501 2801 553 2884 ot
581 2799 692 2884 ononi
720 2799 851 2900 ηοω·
890 2796 1093 2884 Dominus
1126 2802 1324 2886 custodiat
1351 2797 1556 2882 introitum
1583 2801 1694 2896 lirum
1734 2831 1735 2834 η
1801 2787 1806 2798 ’
1835 2841 1840 2856 ·

281 2938 318 3014 ot
349 2933 500 3015 exitum
526 2935 648 3032 innon,
678 2955 728 3014 en
747 2928 819 3016 doe
836 2954 942 3014 nnnc
967 2936 1004 3016 el
1022 2957 1146 3038 neque
1170 2931 1215 3014 in
1242 2930 1465 3031 eoeordrnnr
1494 2927 1692 3013 Dominus
1728 2973 1730 2978 .

280 3063 480 3148 nobiseum
510 3066 554 3146 et
581 3059 809 3146 orationem
839 3059 890 3146 ed
911 3060 1042 3170 ipsnnr
1063 3089 1165 3171 opus
1188 3060 1475 3172 pertinentem.
1536 3059 1693 3144 Deinde

278 3222 370 3279 ernn
402 3193 502 3278 hnee
530 3190 673 3276 omnio
695 3191 853 3276 fuerint
872 3191 992 3292 ωοω,
1022 3196 1122 3276 ωηο
1139 3187 1291 3276 debent
1313 3221 1356 3278 se
1373 3193 1530 3301 erigere
1550 3218 1691 3274 omnes
1773 3219 1777 3228 ⁴

278 3331 402 3435 etque
430 3321 622 3423 novitius.
665 3327 707 3405 et
734 3325 871 3406 ereoto
901 3322 1060 3405 noritio
1089 3325 1188 3408 tune
1218 3323 1343 3406 debet·
1369 3323 1495 3408 obbas
1522 3321 1692 3406 induere
1834 3337 1836 3342 ’

226 3521 228 3528 .
280 3462 407 3568 oepnt
434 3454 579 3542 novitii
609 3479 702 3538 enm
734 3450 906 3552 meloto,
945 3455 1108 3561 etpost
1137 3453 1236 3538 heee
1264 3442 1388 3604 delpet
1405 3452 1484 3539 'ille
1511 3453 1692 3540 novitius

281 3614 422 3673 omnes
461 3587 609 3672 irotros
651 3581 823 3678 oseulari
863 3586 906 3666 et
934 3610 1061 3692 usque
1100 3584 1267 3669 tertium
1306 3585 1413 3670 drenr
1451 3591 1690 3694 coopertum
1751 3636 1756 3648 ·
1795 3599 1801 3610 ·

280 3723 405 3827 oepnt
432 3715 592 3803 hebere.
650 3715 696 3800 In
728 3713 793 3798 die
822 3713 946 3798 tertio
987 3715 1111 3799 debet
1146 3716 1343 3836 offerre²l
1377 3719 1420 3800 et
1457 3713 1685 3799 eommuni-
1729 3773 1730 3780 Ν

279 3873 385 3951 earn,
413 3851 456 3930 et
474 3847 532 3931 sie
547 3845 675 3930 nbbns
689 3845 950 3954 dolreteepnt
972 3843 1117 3931 novitii
1140 3843 1409 3955 discooperire
1430 3850 1528 3927 ente
1549 3843 1689 3927 altore.
1774 3857 1778 3869 ¹
1815 3879 1817 3885 s
1850 3893 1851 3896 κ

862 4128 960 4235 (lap.
991 4125 1116 4212 LIX.
1218 4180 1221 4192 ·

419 4335 487 4411 Di}
516 4329 672 4410 FILIIS
703 4327 965 4410 NODlLlUM
996 4329 1096 4407 ven
1126 4331 1422 4423 rennerunt.
1452 4327 1541 4423 QUI
1706 4343 1707 4348 ’

480 4474 482 4480 ’
799 4461 1161 4544 OllllDItUN'l'Ull.

392 4633 632 4718 Perseverat
662 4632 808 4724 ‚adhue
850 4631 897 4720 B.
938 4628 1184 4718 Benedictus
1211 4615 1269 4714 in
1310 4627 1564 4740 expositione
1604 4659 1690 4715 sno.
1838 4667 1841 4674 ¹

279 4761 372 4848 Jenr
404 4765 502 4876 quin
536 4765 674 4876 eoepit
712 4761 849 4847 dinero
876 4761 938 4860 de
956 4761 1100 4846 ordine
1138 4761 1386 4897 novitiorunr
1413 4766 1456 4844 et
1496 4759 1601 4844 dixit
1641 4763 1690 4845 de
1783 4833 1787 4845 .

284 4967 547 4980 -ι-ι-Ι-ια-ι*

288 5141 290 5148 .
372 5079 399 5166 ¹)
418 5075 466 5147 ed
488 5073 603 5167 ipsum
627 5091 776 5142 versum.
821 5070 905 5144 Cod.
929 5069 1070 5144 Divion.
1091 5091 1135 5140 ex
1156 5067 1307 5174 Mortes.

367 5189 398 5277 ¹)
416 5185 566 5260 anferre.
611 5185 696 5257 coe.
720 5186 858 5258 Divion.
882 5205 925 5272 er
948 5183 1098 5256 Merten.

1422 5295 1510 5379 35*
