3994 5770
255 191 337 318 1116
432 268 436 276 ·
530 211 534 220 ’
881 181 1065 324 &ovs
1170 307 1173 316 .

245 478 299 537 ue
329 450 436 554 boc,
479 450 592 560 quod
621 449 749 552 tacit,
791 459 878 537 noir
906 479 983 563 pro
1011 477 1121 536 vana
1144 450 1280 562 gloria
1316 454 1391 540 aut
1417 480 1494 562 pro
1521 451 1671 537 timore
1834 530 1836 534 ,

245 581 382 668 faciat
450 579 507 666 Et
554 585 605 666 ut
639 581 821 667 securior
860 583 934 685 sit,
976 583 1101 668 debet
1131 581 1249 667 ittam
1266 567 1270 576 ¹
1285 581 1463 694 probaro
1494 578 1539 664 iu
1577 579 1671 665 aliis
1732 575 1735 580 ’

246 710 453 819 operibus.
510 709 555 794 Si
585 709 704 796 illum
732 713 977 822 cognoverit
1013 712 1245 800 studiosum
1274 739 1361 796 esso
1399 713 1443 795 in
1478 709 1667 814 lectione,
1711 774 1715 783 .

87 879 90 886 ²
242 839 287 923 in
315 839 657 944 mortificatione,
700 840 745 954 in
778 841 941 952 jejunio
979 846 1025 928 et
1049 840 1182 952 reliq„
1229 845 1331 926 tunc
1371 844 1511 950 potest
1548 867 1669 924 causa

246 965 323 1056 Dei
353 968 478 1056 etiam
506 967 594 1054 sine
623 997 739 1056 mora
766 971 962 1057 obediens
988 999 1089 1060 esse.
1134 969 1290 1071 Quodsi
1314 968 1431 1054 illum
1457 997 1544 1056 uon
1567 996 1668 1080 cog·

245 1097 408 1185 noverit
429 1127 517 1212 esse
536 1101 764 1188 studiosum
794 1100 838 1187 in
855 1099 947 1186 aliis
967 1101 1104 1206 rebus,
1128 1099 1282 1214 poterit
1304 1099 1431 1186 etiam
1456 1098 1666 1210 auspicari,

245 1256 330 1314 uon
360 1228 457 1338 e'jua.
476 1227 749 1320 intentionem
780 1259 918 1319 sunam
937 1261 1036 1320 esse
1065 1232 1107 1318 iu
1137 1229 1349 1318 hocloco.
1402 1230 1526 1318 lllum
1557 1261 1665 1334 vero,

243 1360 315 1469 qui
347 1359 511 1446 videtur
537 1390 631 1446 cum
660 1391 777 1449 mora
802 1393 928 1478 agere
955 1365 1246 1476 obedientiam,
1274 1369 1414 1474 potest
1441 1361 1668 1450 istomodo

242 1493 371 1578 abbas
398 1493 585 1602 probare,
614 1493 643 1579 i.
667 1483 707 1584 ὀ.
735 1494 859 1580 debet
886 1523 1148 1608 cognoscere,
1178 1493 1395 1606 qualis'sit
1422 1495 1496 1580 illa
1524 1495 1667 1581 obedi·

241 1755 384 1866 aliquo
413 1758 583 1867 priore..
606 1757 650 1842 Si
678 1757 936 1867 cognoverit,
966 1757 1080 1842 illam
1101 1759 1381 1844 obedientiam
1404 1787 1491 1842 esse
1513 1767 1664 1844 rectam

243 1895 287 1970 et
315 1887 487 1988 bonam,
525 1897 625 1974 tnnc
652 1891 776 1975 debet
804 1891 919 1974 illurn
949 1891 1230 2002 interrogare,
1272 1918 1401 1999 quare
1428 1917 1522 1974 cum
1552 1919 1667 1975 mora
1696 1897 1700 1904 “

17 2114 22 2122 ,
137 2039 139 2042 ·
245 2019 398 2105 oberto,
446 2018 521 2104 tlte
550 2049 646 2123 vero
675 2023 710 2104 si
737 2021 909 2106 dixerit:
938 2049 1062 2106 cansa
1090 2020 1435 2130 impossibilitatis
1464 2023 1544 2106 hoc
1569 2049 1686 2130 ugo,

242 2148 391 2233 iterum
422 2150 547 2234 debet
573 2135 691 2234 illum
720 2151 896 2260 probare
925 2151 968 2234 in
997 2151 1089 2233 aliis
1117 2152 1252 2252 rebus,
1281 2149 1308 2238 1.
1333 2180 1369 2236 e.
1399 2153 1434 2236 si
1462 2152 1668 2236 invenerit

179 2369 181 2374 ,
242 2277 361 2362 illurn
401 2279 630 2364 studiosum
674 2287 717 2366 et
757 2279 1048 2365 mortificatum
1088 2280 1133 2365 in
1172 2280 1265 2364 aliis
1305 2283 1521 2390 operibus,
1564 2288 1667 2366 tnnc

12 2519 21 2528 a
119 2413 120 2419 ‘
243 2408 400 2518 poterit
437 2409 553 2493 illum
590 2435 841 2520 cognoscere
878 2438 1001 2494 causa
1037 2409 1386 2517 impossibilitatis
1414 2409 1492 2494 hoc
1520 2437 1664 2520 ugerae

31 2557 34 2564 ⁴
243 2535 279 2622 si
307 2544 447 2622 autem
478 2539 734 2649 cognoverit,
764 2539 881 2624 illum
901 2569 986 2626 non
1011 2538 1238 2624 studiosum
1261 2568 1362 2642 esse,
1388 2544 1490 2626 tunc
1511 2539 1667 2650 poterit

242 2666 286 2752 in
316 2667 389 2754 111ο
417 2669 628 2780 suspicari,
657 2667 736 2757 lroc
764 2669 946 2756 desidiae
973 2697 1097 2756 cauea
1125 2696 1262 2780 agere,
1293 2677 1338 2757 et
1355 2675 1512 2782 postea,
1541 2675 1666 2781 prout

108 2817 123 2875 ’.
222 2787 488 2912 'cognoverit
524 2801 654 2886 abbas
696 2801 813 2886 ilium
855 2801 1114 2912 delinquere,
1156 2807 1295 2912 potest
1330 2800 1445 2886 ilium
1483 2801 1664 2911 regulari

168 2937 177 2956 '
229 2919 459 3049 [disciplina
487 2934 785 3044 constringere.
842 2933 948 3017 Vide
977 2934 1135 3020 modoz'
1151 2933 1260 3018 Sunt
1287 2933 1370 3016 doro
1399 2933 1561 3033 fratres,
1590 2931 1663 3041 qui

240 3063 417 3146 audiunt
455 3064 618 3172 siguum
657 3063 841 3173 pulsarec
884 3093 991 3150 uuus
1026 3070 1089 3148 est
1125 3092 1175 3148 ex
1213 3063 1294 3147 illis
1333 3063 1508 3147 servitor
1545 3063 1663 3146 intir-

241 3177 403 3278 morum
430 3199 476 3278 ct
502 3198 708 3303 tempore,
750 3223 834 3304 qno
861 3195 978 3279 audit
1006 3196 1195 3308 signum,
1233 3199 1351 3278 tenet
1378 3193 1584 3277 infirmum
1617 3194 1661 3276 in

173 3415 175 3419 ,
240 3323 430 3419 munibus
457 3330 502 3408 ct
530 3353 612 3410 non
641 3333 780 3434 potest
800 3323 918 3408 illum
939 3324 1148 3410 dimittere
1175 3336 1219 3411 et
1241 3353 1417 3424 currere,
1447 3331 1491 3408 et
1518 3329 1661 3408 tumen
1733 3397 1738 3406 .

112 3457 158 3510 ‘·
211 3439 496 3540 ⁸troluntatem
532 3455 660 3544 habet
687 3455 833 3558 errndi,
874 3457 909 3540 si
938 3458 1333 3568 nouimpediretur.
1391 3456 1475 3542 lste
1503 3455 1598 3540 talis
1627 3454 1696 3537 si·

238 3573 390 3670 corum
407 3585 644 3672 hominibus
672 3588 860 3672 uideatur
888 3615 981 3672 com
1010 3617 1128 3672 nrora
1154 3615 1304 3697 agere,
1343 3595 1483 3673 tamen
1521 3615 1660 3671 coram
1735 3657 1739 3664 .

241 3717 333 3802 Deo
356 3727 444 3800 uon'
462 3717 554 3826 agit
577 3745 746 3802 moram.
787 3717 984 3802 Similiter
1002 3719 1073 3828 qni
1092 3718 1247 3828 hospiti
1273 3720 1400 3803 servit
1427 3718 1659 3827 etreliqua.
1779 3719 1782 3723 ’

38 3913 39 3916 κ
71 3913 75 3920 .
149 3949 150 3952 Ν
239 3847 296 3930 lit
323 3858 386 3933 est
414 3847 541 3946 alter,
580 3846 651 3954 qui
679 3874 764 3929 non
796 3845 925 3930 habet
951 3847 1133 3956 aliquam
1162 3849 1466 3948 obedientiam,
1505 3845 1551 3928 in
1578 3873 1661 3953 qna
1693 3939 1697 3952 ,

241 3959 463 4085 impeditus
492 3975 656 4078 existat,
684 3979 732 4058 ut
759 3976 862 4059 horu
890 3976 1000 4084 sigui
1029 3977 1182 4086 pulsati
1209 4005 1286 4089 pro
1308 3978 1388 4062 boc
1416 3975 1661 4062 convaleat
1725 4065 1726 4070 Ν

125 4121 128 4128 “
235 4135 423 4207 currere;
466 4135 558 4191 cunr
587 4103 705 4188 audit
732 4096 918 4215 signnm,
962 4107 1090 4193 currit
1118 4109 1258 4192 statim
1287 4137 1364 4218 pro
1391 4107 1565 4209 timore,
1606 4135 1660 4188 oe
1742 4169 1745 4174 -

238 4240 631 4350 excommunicetur.
690 4233 772 4320 lste
800 4235 915 4340 talis,
958 4238 991 4320 si
1021 4239 1210 4326 videatur
1244 4266 1383 4323 coram
1420 4236 1656 4321 bominibus

238 4369 339 4478 sine,
356 4397 471 4451 mora
499 4396 675 4466 currere,
703 4371 842 4450 tomen
869 4396 1009 4453 coram
1039 4369 1128 4455 Deo
1156 4398 1249 4454 cum
1279 4395 1393 4453 mora
1422 4369 1525 4478 agit.
1691 4359 1695 4366 ’

348 4499 566 4609 Sequitur:
589 4499 713 4583 Nunc
724 4496 839 4606 quasi
849 4499 1146 4608 interrogasses
1157 4499 1199 4584 S.
1212 4499 1483 4584 Benedictum
1496 4498 1656 4583 dicens:

116 4671 119 4676 ·
239 4631 362 4716 Pater
392 4629 637 4714 Benedicte!
674 4629 740 4717 cni
776 4630 970 4713 convenit
1005 4630 1240 4716 obedientia
1268 4631 1356 4715 sine
1384 4657 1524 4733 mora,
1563 4630 1591 4716 i.
1621 4657 1656 4717 e.
1700 4679 1704 4686 ⁴

93 4799 121 4830 ⁴·
199 4873 202 4880 Ι
236 4763 326 4845 sine
363 4762 593 4878 tarditate?
637 4761 708 4844 ille
749 4766 888 4843 autern
931 4761 1048 4868 qnasi
1085 4763 1337 4872 respondens
1375 4761 1499 4846 dicit:
1542 4761 1658 4870 Haec

237 4894 420 4978 corruerit
446 4892 523 4993 dic,
552 4893 622 5000 qui
648 4891 753 4976 sailed
779 4891 861 4975 sibi
881 4889 1043 4977 Odor-isto
1069 4895 1208 4978 corios
1229 4892 1388 4998 aliquid
1406 4894 1652 4996 existiterunt.
1702 4885 1707 4892 ’
1881 4888 1882 4892 '

236 5023 340 5108 (ium
377 5025 479 5108 dicit
517 5025 626 5126 doec,
666 5023 889 5108 subaudis:
929 5023 1166 5110 obedientia
1203 5025 1283 5110 ista
1312 5013 1400 5108 sine
1439 5051 1577 5126 mora,
1605 5050 1654 5109 ac

236 5157 272 5243 si
308 5157 463 5245 diceret
503 5158 596 5242 aliis
632 5158 793 5242 verbisz
834 5161 913 5240 istu
951 5156 1186 5242 obedientia
1224 5159 1313 5240 sine
1356 5185 1493 5257 mora,
1529 5183 1652 5264 quam
1741 5153 1747 5168 ’
