3974 5778
232 333 242 352 .
312 271 434 358 au.
760 213 765 223 ’
922 271 1011 360 cap.
1031 269 1129 346 ux.

148 495 200 584 ’,
308 485 415 572 deut
453 486 563 570 filius
602 487 759 574 assistit
791 439 1058 575 dilectissimo
1094 491 1230 601 patri,
1267 491 1473 600 quatenus
1511 489 1728 594 valeamus,
1891 444 1899 476 f

276 617 278 621 ’
306 624 509 726 quantum
539 617 722 704 huruuua
750 619 956 731 fragilitas
984 620 1097 726 siuit,
1136 622 1226 732 ejus
1252 619 1527 732 praesentiam
1555 647 1728 730 cognom

245 812 250 820 .
306 775 400 832 cere
425 753 469 833 et
497 747 744 858 intelligere.
806 751 860 837 Et
896 752 1045 837 iterum
1081 753 1329 838 credendum
1370 755 1453 852 est,
1493 748 1592 858 quia
1620 749 1729 834 Deus

306 877 460 988 ubique
488 883 553 962 est
581 886 626 964 et
651 907 738 964 nou
767 888 833 980 est
855 884 1173 992 particulariter,
1199 882 1401 994 quianon
1424 879 1551 964 habet
1571 887 1727 990 partem

309 1008 381 1093 sed
411 1022 524 1092 totus
552 1013 615 1092 est
642 1011 807 1121 ubique.
866 1013 985 1114 tluod
1012 1021 1151 1100 autem
1183 1014 1312 1110 'dicits
1353 1011 1531 1096 numm
1557 1035 1647 1094 cum
1672 1017 1728 1098 nd

312 1167 415 1246 opus
442 1139 624 1224 divisium
651 1143 886 1256 assistimus
899 1147 932 1256 ¹)
962 1195 1013 1210 -
1042 1175 1127 1230 nou
1154 1143 1400 1242 accedendo,
1428 1141 1498 1226 sed
1517 1141 1614 1252 quia
1641 1137 1727 1245 uos,

308 1301 403 1356 cnm
425 1273 541 1358 illum
562 1273 795 1384 cogitamus
813 1285 888 1360 ant
906 1276 1024 1374 illum
1042 1275 1309 1377 intendimus,
1333 1277 1535 1384 quantum
1550 1271 1727 1358 huniana

244 1447 254 1467 =·
310 1404 517 1514 fragilitas
548 1404 763 1513 permittit,
794 1409 910 1518 [rios]
930 1408 990 1513 illi
1010 1408 1224 1493 viciniores
1244 1406 1470 1493 existimus.
1527 1404 1635 1490 Nam
1660 1405 1728 1488 ille

307 1540 423 1620 totus
452 1539 516 1620 est
545 1537 588 1622 in
619 1536 754 1642 domo,
782 1544 896 1625 totns
913 1540 957 1624 in
981 1539 1163 1642 ecclesia,
1191 1545 1306 1623 totns
1322 1537 1367 1621 iu
1394 1534 1524 1636 coelo,
1552 1539 1596 1618 et
1618 1539 1728 1618 totns

307 1667 480 1777 ubiqne3
512 1669 582 1752 sed
610 1697 687 1753 nos
714 1676 914 1780 quantum
942 1671 1036 1783 plns
1063 1671 1181 1757 illum
1207 1669 1451 1780 cogitamus,
1481 1671 1598 1751 tantu
1626 1666 1716 1776 plus

308 1797 592 1906 cognoscimus
621 1802 709 1908 ejus
736 1804 1007 1908 praesentiam
1025 1808 1069 1888 ct
1088 1804 1219 1913 magis
1237 1799 1522 1908 intelligimus,
1550 1797 1594 1880 iu
1613 1827 1715 1907 quo-
1844 1811 1847 1816 ’

260 1983 267 2000 ·
308 1955 469 2037 euinque
497 1930 588 2012 loco
616 1931 732 2014 illum
761 1936 992 2044 cogitamus
1019 1938 1063 2016 et
1087 1961 1181 2018 eum
1205 1931 1431 2017 laudamus.
1487 1929 1605 2026 Quod
1623 1956 1718 2013 vero

309 2057 430 2142 dicit:
458 2058 614 2146 Sciatis
636 2059 814 2148 Domino
841 2065 884 2147 iu
912 2066 1067 2166 tiuiore,
1096 2064 1298 2172 propheta
1327 2060 1486 2169 dicit,²)
1514 2063 1562 2142 nt
1589 2061 1721 2142 omnis

308 2188 482 2271 servitus
508 2189 537 2273 i.
566 2219 601 2278 c.
631 2191 885 2295 obedientia,
922 2197 1010 2279 sive
1037 2193 1159 2277 lectio
1188 2192 1417 2302 etreliqua
1444 2191 1523 2274 alia
1552 2190 1719 2274 servitia

310 2317 385 2400 Dei
421 2347 512 2403 crini
552 2320 700 2406 timore
735 2328 779 2405 et
817 2333 997 2408 tremore
1034 2323 1197 2432 agenda
1232 2327 1331 2410 sint.
1386 2322 1430 2409 S.
1459 2347 1556 2404 uero
1585 2319 1716 2404 Bene-

309 2449 445 2534 dictus
474 2451 576 2542 dicit
605 2453 656 2542 de
685 2455 823 2536 ol'licio
854 2453 996 2538 divino
1016 2453 1128 2538 hnnc
1146 2480 1324 2554 sensnm,
1353 2459 1402 2537 ut
1419 2480 1535 2536 mens
1550 2452 1728 2560 ipsorum

178 2678 179 2682 Ν
309 2573 542 2666 divinorum
594 2585 846 2698 concordari:
887 2584 1038 2668 debeat
1066 2585 1169 2670 -uoci
1223 2613 1380 2672 eorum.
1458 2581 1589 2666 Istum
1636 2610 1729 2666 vcro

310 2713 557 2798 uersiculum
586 2716 764 2824 qualiter
792 2715 842 2804 B.
871 2715 1097 2826 Gregorius
1124 2715 1357 2824 intelligat,
1396 2714 1614 2799 dicendum
1631 2727 1729 2810 1εεις

310 2838 372 2925 uit
400 2845 576 2954 euim:³)
618 2848 761 2932 Surculi
799 2849 879 2932 viri
907 2849 968 2932 sic
994 2849 1045 2932 de
1071 2875 1144 2952 spe
1172 2853 1272 2933 certi
1297 2856 1412 2951 uerit,
1452 2851 1495 2930 ut
1521 2850 1653 2930 tauram
1681 2841 1730 2926 rte

218 3070 223 3083 ⁸
313 2977 527 3062 imitatione
540 2980 716 3084 suspecti
728 2981 823 3086 siut,
836 2979 1138 3087 puuspepuibus
1150 2981 1324 3066 dicitur:
1357 2978 1538 3064 »Seru-ite
1552 2976 1728 3061 Douuuo

176 3095 199 3122 ”
314 3105 361 3188 iu
388 3109 531 3191 tunore
558 3116 596 3192 et
622 3112 799 3202 emillule,
824 3115 863 3194 ei
890 3137 979 3195 cum
1006 3118 1216 3216 tremore«,
1244 3117 1288 3193 ut
1316 3111 1366 3196 de
1386 3135 1459 3216 spe
1479 3108 1731 3192 cmrltutioet

152 3265 157 3278 ·
312 3235 363 3318 de
395 3239 624 3343 srcspicioue
650 3230 845 3326 irascatur
872 3249 1034 3334 truuor.
1065 3239 1080 3282 ”
1895 3264 1905 3316 ;

425 3369 640 3480 Sequitur:
684 3373 742 3457 Et
768 3377 936 3459 iterum:
969 3373 1168 3459 »Psultite
1194 3379 1441 3480 supienter«.
1498 3371 1612 3458 Beue
1638 3400 1730 3456 cum
1888 3401 1904 3500 4

312 3500 421 3586 dixit
455 3501 643 3607 psallite,
682 3505 895 3614 subjunxit
934 3507 1152 3612 supienter.
1209 3505 1318 3590 Nam
1354 3510 1453 3588 sunt
1480 3502 1624 3602 multi,
1662 3503 1731 3610 qui
1885 3500 1902 3620 {i

316 3631 498 3740 psallunt
526 3661 611 3718 uou
639 3637 870 3744 supienter,
909 3637 980 3718 sed
1018 3636 1271 3748 insipienter.
1330 3632 1406 3727 llle
1442 3635 1552 3718 euim
1593 3633 1731 3742 psallit

313 3763 533 3871 supienter,
562 3766 633 3873 qni
662 3769 773 3876 quod
798 3796 870 3852 ore
888 3767 1002 3868 dicit,
1032 3768 1156 3852 corde
1170 3769 1345 3877 cogitet.
1376 3765 1510 3850 .Nam
1536 3765 1619 3868 ille,
1647 3767 1737 3874 qni,
1883 3747 1901 3777 ‘¹

314 3895 425 4003 qnod
455 3922 526 3979 ore
554 3898 677 4000 dicit,
717 3899 842 3983 corde
870 3927 953 3984 nou
989 3901 1178 4010 cogitat,
1206 3898 1450 4008 insipienter
1474 3898 1627 4008 psallit
1683 3896 1731 3979 ln
1883 3881 1901 3989 {i

27 4014 30 4024 ’
180 4029 185 4040 ’
316 4027 396 4110 hoc
423 4026 534 4110 enim
562 4028 654 4112 loco
682 4029 932 4114 admonendi
959 4039 1059 4117 suist
1086 4038 1298 4133 cantores,
1337 4037 1386 4112 ut
1414 4058 1507 4113 cnm
1536 4028 1730 4138 psallunt,

319 4187 401 4241 non
418 4159 585 4267 cupiunt
609 4161 770 4270 placere
787 4190 899 4264 voce,
928 4164 998 4246 sed
1014 4165 1149 4266 verbo,
1177 4165 1275 4272 quia
1298 4163 1332 4246 si
1355 4160 1480 4244 rerba
1502 4158 1732 4270 placuerint
1865 4183 1869 4188 ·

187 4324 192 4334 ·
318 4289 413 4394 illis,
443 4319 640 4402 prospera
667 4292 811 4402 populi
840 4295 1015 4402 cupiunt
1049 4303 1175 4406 atque
1208 4295 1404 4394 salntem,
1442 4293 1470 4380 i.
1499 4321 1535 4378 e.
1563 4318 1731 4377 couver-

316 4426 486 4512 sionem.
546 4424 652 4509 Nam
692 4425 728 4510 si
756 4454 856 4547 uoce
894 4455 967 4511 sua
1004 4429 1087 4511 illis
1116 4425 1373 4514 solummodo
1413 4423 1732 4508 desideraverint

316 4553 488 4667 placere,
504 4587 586 4642 nou
601 4557 774 4644 salutem
787 4559 952 4644 illorum
965 4567 1125 4670 optant,
1136 4561 1207 4645 sed
1218 4560 1441 4644 vanitatem
1454 4585 1551 4640 sune
1563 4556 1729 4666 gloriae.

427 4690 644 4799 Sequitur:
685 4691 769 4777 Ee.-
812 4691 892 4776 alu
920 4702 1128 4798 corispuctu
1154 4689 1388 4802 assuetorum
1408 4685 1727 4796 psollennitate

323 5025 588 5042 ——n—-t

204 5109 209 5116 '
374 5132 436 5222 ,1)
458 5132 708 5208 medianos
729 5134 787 5224 (u
830 5135 861 5224 ι)
882 5131 962 5204 vuu
981 5133 1040 5224 (a).

408 5251 446 5328 a
464 5243 588 5316 norn.
611 5243 675 5317 uu
698 5245 753 5317 eo.
776 5244 813 5312 n
836 5257 926 5334 aa·
944 5246 995 5316 u.
1018 5244 1057 5314 e.
1078 5241 1156 5332 rou
1181 5266 1215 5315 v.
1238 5243 1293 5318 n.
1315 5263 1412 5314 num.
1433 5241 1468 5312 e.
1514 5291 1519 5299 .

1887 4595 1896 4665 i

1889 4669 1897 4762 l

71 4829 100 4860 ·'
180 4879 184 4886 -
317 4823 502 4921 Qualiter
523 4826 601 4916 isto
623 4824 844 4935 locus,‘qui
871 4824 1042 4908 dicitnr:
1071 4823 1129 4908 Et
1155 4826 1221 4908 »iu
1242 4831 1452 4930 corrspuctu
1471 4816 1726 4928 erogatorum«
1890 4777 1901 4938 l,
1969 4889 1976 4946 ὃ
