4002 5792
102 221 106 232 .
254 153 419 260 032'
516 59 561 232 i
695 164 1083 262 ··‘0ep.bellL

155 322 161 332 ’
710 321 715 330 ’
787 385 1138 494 capuam.
1294 365 1300 442 '-
1360 433 1366 444 ‚
1535 361 1541 370 '

255 613 325 691 Did
358 611 461 694 HOC
502 611 643 734 QUOD
680 613 791 694 NON
829 611 994 692 ouuls
1030 612 1357 696 oaseuvaulo
1391 611 1665 694 Jusut'flau

333 767 336 774 ·
503 741 562 822 lli
592 743 706 823 Hac.
725 743 937 824 REGULA
964 742 1048 822 Sl'r
1075 743 1413 828 CONSTITUTA.

118 883 124 906 ⁴
163 945 207 964 ··
279 861 322 878 Γ
371 911 567 1024 Superius
585 877 704 1000 'euius'
733 914 895 1003 dixerat
922 913 965 1002 S.
994 912 1242 1000 Benedictus
1279 913 1459 1000 auditori
1499 940 1575 1000 suo
1613 915 1669 1000 od

77 1087 105 1130 ².
161 1061 168 1074 “
260 1054 300 1134 tc
326 1049 421 1156 erpo
446 1071 554 1132 nunc
579 1072 691 1132 mens
717 1072 850 1134 sermo
876 1045 1091 1158 diripitur,
1119 1049 1163 1130 et
1198 1047 1352 1140 fecerat
1382 1045 1503 1131 ¹illum
1532 1047 1670 1130 inteu-

259 1186 347 1266 tum
359 1209 372 1288 3
399 1185 441 1264 et
469 1208 520 1266 ex
544 1177 624 1265 hoc
651 1179 722 1265 ille
742 1179 976 1289 relinquens
993 1181 1132 1264 omnia
1152 1179 1340 1264 adhaesit
1355 1179 1442 1290 eJ'us
1460 1177 1671 1263 doctrinae

214 1373 217 1382 Ι
261 1315 304 1397 et
330 1316 524 1423 coeperat
550 1310 710 1396 intente
728 1311 884 1400 andire.
926 1311 969 1397 S.
991 1340 1088 1398 veru
1104 1309 1353 1397 Benedictus
1381 1311 1520 1422 coepit
1539 1309 1672 1394 dicere

210 1549 213 1556 ι
261 1443 313 1528 dc
340 1443 560 1556 generibus
597 1443 661 1532 rel
690 1441 775 1528 nito
802 1443 1097 1532 monachorum
1129 1449 1175 1530 et
1202 1445 1253 1530 de
1279 1444 1430 1530 abbate
1457 1448 1501 1528 et
1528 1443 1581 1526 de
1608 1470 1674 1526 re·

80 1651 85 1660 .
261 1577 385 1690 liquis
420 1577 650 1663 rationibus
687 1583 731 1659 ct
759 1577 1025 1686 pervenitad
1053 1576 1164 1664 huuc
1194 1578 1354 1684 locum,
1383 1578 1455 1662 nbi
1484 1556 1591 1660 dixit
1623 1576 1674 1660 de

263 1735 309 1796 eo
334 1707 441 1816 qum
467 1732 548 1792 non
575 1710 707 1793 anseris
734 1711 960 1796 observatio
977 1710 1167 1818 justitiae
1182 1713 1229 1794 in
1250 1710 1326 1794 doc
1345 1711 1401 1794 sit
1422 1706 1562 1816 repectu
1584 1731 1675 1789 cono·

142 1857 148 1868 '
262 1842 424 1942 stitutu,
451 1839 609 1926 scilicet
648 1869 725 1950 pro
760 1840 918 1927 duabus
958 1843 1112 1927 cansisc
1140 1842 1237 1951 qnia
1271 1839 1470 1950 coguovit
1509 1865 1553 1920 se
1589 1842 1674 1921 tam

266 1971 354 2056 uita
380 1999 504 2081 quam
535 1969 724 2055 doctriua
760 1972 957 2080 imparem
984 1972 1077 2054 aliis
1103 1970 1258 2054 sanctis
1286 1999 1392 2070 esse,
1422 1997 1544 2052 cansa
1581 1992 1677 2048 suae

265 2101 511 2186 humilitatis
539 2099 670 2202 dixit,
698 2106 743 2184 et
770 2129 823 2184 uo
849 2130 947 2185 suus
974 2102 1161 2200 auditor,
1190 2103 1260 2210 qui
1291 2105 1508 2210 postquam
1538 2097 1678 2181 obser·

242 2271 247 2279 ·
266 2232 424 2318 canerit
450 2233 528 2316 istu
549 2231 666 2340 quasi
688 2231 740 2316 de
757 2232 905 2342 plenae
917 2234 1103 2340 justitiae
1121 2232 1407 2317 observatione
1425 2232 1468 2313 in
1486 2227 1677 2338 superbia

264 2341 533 2474 erigeretur.'
575 2360 699 2448 Nunc
744 2391 842 2448 vcro
888 2364 1004 2473 quasi
1049 2364 1344 2472 interrogasset
1383 2360 1550 2445 auditor
1592 2359 1678 2466 ejus

266 2494 423 2582 diceus:
453 2493 558 2580 Ecce
587 2497 727 2605 pater!
769 2509 813 2580 tu
845 2523 910 2580 unc
936 2497 1124 2606 superius
1151 2494 1382 2606 provocasti
1410 2492 1464 2577 ad
1492 2499 1536 2575 te
1562 2489 1679 2576 andi·

266 2627 418 2712 eundum
458 2626 622 2711 dicens:
660 2625 732 2712 Ad
758 2634 796 2712 lc
823 2653 917 2738 erpo
943 2654 1051 2713 eretum
1076 2655 1189 2713 sermm
1216 2653 1349 2712 sernum
1386 2625 1602 2732 diripitm3
1637 2627 1680 2706 et

85 2755 89 2766 '
266 2788 369 2870 ego,
409 2759 479 2867 qui
520 2760 686 2866 putavi,
724 2765 765 2842 te
793 2786 956 2844 omnem
980 2761 1186 2868 justitiam
1223 2788 1289 2843 mc
1330 2761 1499 2856 docere,
1529 2755 1681 2839 relictis

266 2891 457 2979 omuibus
496 2887 662 2975 adhaesi
700 2895 795 2976 tuac
833 2891 1092 3004 disciplinam
1129 2921 1204 2978 cur
1237 2919 1339 3003 ergo
1376 2889 1542 2976 voluisti
1579 2887 1684 2972 lmuc

45 3061 77 3152 .'
160 3102 161 3105 γ
255 3024 453 3136 regulam
490 3021 693 3124 scribere,
719 3023 754 3107 si
793 3023 897 3108 inibi
938 3024 1072 3108 omnis
1103 3025 1291 3138 justitiae
1327 3022 1563 3110 observatio
1602 3047 1684 3103 nou

159 3151 164 3158 ⁸
268 3157 536 3244 continetur?
594 3151 669 3238 lllc
692 3153 842 3239 'autem
878 3157 997 3267 quasi
1037 3156 1288 3268 respondeus
1326 3155 1446 3242 dicit:
1489 3155 1685 3262 Repulom
1860 3169 1863 3176 '

192 3313 197 3322 ’
268 3296 398 3375 aulem
426 3287 532 3373 hum
554 3285 858 3394 descripsissem,
886 3295 928 3373 nt
954 3316 1045 3374 cum
1072 3290 1327 3374 observantes
1353 3289 1396 3372 in
1427 3286 1687 3372 veronosteriis

134 3546 136 3550 .
273 3399 530 3546 aliquatenus
556 3418 618 3503 ml
645 3419 885 3504 hmsestutem
912 3443 1069 3502 morum
1096 3427 1168 3504 unet
1184 3419 1347 3503 inilimn
1374 3419 1689 3503 cosiocrsotionis
1758 3461 1771 3482 ·

271 3577 346 3634 nos
370 3551 685 3634 demonstremus
701 3550 861 3652 lmhmu,
892 3597 944 3616 -·
974 3551 1091 3661 qnasi
1110 3550 1265 3636 diceret
1291 3549 1384 3634 aliis
1402 3550 1556 3634 verbisc
1584 3547 1687 3648 Quia

271 3687 318 3766 tu
358 3709 448 3764 eras
484 3679 612 3764 houm
645 3679 782 3763 feralis
810 3681 928 3790 quasi
959 3680 1090 3765 bestia
1131 3687 1175 3766 et
1202 3709 1285 3766 nou
1315 3680 1495 3764 habebas
1524 3677 1690 3786 aliquod
1859 3737 1863 3744 -

270 3813 437 3895 initium
454 3809 728 3918 ,convertendi
755 3809 808 3894 ad
832 3809 979 3910 Deum,
1007 3814 1051 3894 et
1078 3838 1213 3896 morea
1240 3811 1303 3895 tui
1331 3815 1450 3895 eraut
1477 3810 1692 3916 incompo-

271 3943 366 4044 siti,
397 3943 477 4050 [et]
516 3943 735 4048 propterea
774 3939 882 4024 hauc
920 3939 1104 4050 regulam
1143 3940 1321 4024 scribere
1355 3939 1520 4039 studui,
1547 3943 1596 4021 ut
1634 3934 1695 4018 tui
1856 3937 1860 3944 '

233 4079 236 4084 ’
274 4098 407 4155 mores
433 4070 574 4179 aliquo
604 4067 726 4152 ωοάο
754 4072 979 4180 compressi
1009 4069 1267 4154 honestatem
1301 4070 1509 4172 habeant,
1538 4072 1582 4152 et
1618 4067 1696 4168 ini·

275 4203 380 4285 tium
416 4198 740 4285 conuersationis
778 4201 854 4283 tihi
887 4200 1168 4308 significemus
1195 4200 1358 4288 habere.
1415 4201 1695 4307 Aliquctenns,

248 4331 302 4416 i.
323 4359 360 4416 e.
388 4329 664 4438 aliquomodo.
709 4327 831 4414 Nunc
855 4357 952 4415 vcro
980 4331 1099 4442 quasi
1128 4333 1379 4443 respondeus
1407 4333 1556 4416 iterum
1586 4328 1694 4414 uide·

149 4494 152 4503 ¹
274 4471 343 4546 tur
369 4459 536 4544 auditor
563 4460 821 4572 interrogare
858 4461 901 4549 S.
932 4459 1203 4547 Benedictum
1243 4464 1406 4548 diceus:
1449 4460 1546 4548 Jam
1587 4464 1700 4570 post·

134 4599 138 4612 '
275 4620 398 4702 quam
437 4590 507 4675 hic
546 4619 632 4676 non
672 4596 736 4676 est
772 4593 907 4678 omnis
939 4593 1129 4705 justitiae
1168 4595 1424 4696 observatio,
1459 4592 1559 4706 quid
1598 4619 1699 4700 ergo

275 4723 507 4807 iaciendum
537 4729 604 4808 est
630 4723 763 4808 mihi?
807 4732 850 4809 et
887 4725 959 4809 ubi
989 4725 1235 4834 requirenda
1260 4730 1326 4810 est
1351 4727 1442 4837 ipsa
1469 4723 1701 4838 perfectio?

207 4951 210 4958 .
277 4854 354 4940 Ille
381 4863 520 4942 autem
549 4855 664 4967 quasi
696 4854 947 4968 respondeus
976 4856 1101 4941 dicit:
1133 4855 1315 4941 mursam
1341 4855 1400 4942 nd
1410 4856 1700 4962 perfectionem

168 5005 171 5012 ’
277 4989 593 5071 coniversolionis
621 4987 692 5090 quai
709 4987 892 5090 festinat,
921 4995 1016 5072 snm
1038 4989 1247 5072 doctrinae
1266 4997 1498 5073 anniciorum
1523 4995 1705 5094 potrum,

277 5135 448 5216 oscorum
486 5115 710 5201 observatio
743 5115 932 5222 perducit
975 5118 1173 5202 leosssinem
1210 5119 1267 5202 od
1304 5117 1585 5202 celsitudinem
1608 5145 1706 5224 pes·-

1848 19 1995 380 *
