4002 5792
829 195 1118 314 capusum.
1592 173 1683 316 '63⁸3
1757 252 1759 260 π

262 441 460 552 fectionis.
529 439 732 544 Octaueno,
773 441 801 529 i.
841 469 876 530 e.
921 441 1123 552 reliquum
1170 493 1214 510 -
1262 445 1376 557 qnasi
1420 445 1600 532 diceret:
1643 447 1679 531 si

131 637 133 644 -
264 575 394 687 magis
423 572 514 658 vult
541 569 633 682 qais
655 597 790 684 agero,
820 570 1074 659 lestinet‘ire
1102 575 1153 660 ad
1182 575 1413 666 doctrinam
1437 579 1677 662 sanctornm

262 712 437 820 patrum.

372 831 583 942 Sequitur:
631 832 742 934 Quae
771 831 878 918 enim
912 833 1070 940 popina
1107 841 1179 918 ant
1216 836 1309 943 quis
1344 860 1474 920 sermo
1514 836 1682 922 clivisca'c
1738 905 1742 916 .

262 962 512 1052 auctoritatis
554 959 699 1044 ueteris
739 985 788 1046 ac
828 963 922 1047 noni
960 966 1184 1049 testamenti
1223 989 1304 1046 non
1349 972 1411 1050 est
1447 964 1710 1050 reatnsima·

261 1119 403 1181 comma
424 1089 777 1176 vitaehumanae?
804 1096 875 1176 ant
894 1093 986 1198 puis
1010 1091 1112 1178 liter
1135 1075 1365 1178 satiatorum
1393 1093 1679 1180 catlcolicornnc

204 1328 208 1336 ι
253 1231 421 1332 patruum
447 1219 521 1306 lucc
537 1245 619 1305 non
643 1227 821 1324 resonat,
849 1227 895 1304 nt
916 1227 1021 1308 reato
1037 1249 1157 1308 cnrsn
1170 1223 1456 1329 pampinatas
1481 1224 1538 1311 acl
1562 1251 1677 1310 crea·

259 1361 382 1439 torem
408 1351 626 1435 nostrum?
677 1351 873 1436 Necnon
902 1358 943 1436 et·
967 1351 1198 1437 collationes
1219 1357 1387 1458 patrum
1428 1359 1465 1437 ct
1493 1354 1677 1440 instituta
1816 1455 1818 1460 ¹

259 1489 296 1570 ct
329 1481 412 1566 uita
449 1505 585 1565 corunc
626 1485 663 1565 et
698 1477 839 1589 rapula
867 1482 1000 1566 saccati
1031 1483 1171 1587 patris
1208 1483 1338 1566 nostri
1369 1481 1549 1584 Basilii,
1579 1485 1677 1590 pnicl

259 1609 372 1698 alieni
410 1614 505 1693 sanct
542 1609 627 1694 nisi
655 1610 993 1694 lenocinantium
1029 1619 1066 1696 et
1093 1612 1359 1696 obedientium
1389 1615 1677 1699 moccaclonnu
1848 1617 1851 1624 ’

257 1742 523 1826 instrumenta
540 1740 764 1826 uirtutum?
809 1739 941 1825 Nolis
959 1747 1090 1827 antem
1116 1741 1334 1826 desidiosis
1356 1747 1393 1826 et
1416 1741 1520 1826 ncalc
1543 1742 1677 1826 vivenc-

257 1869 361 1955 libns
401 1874 519 1974 alque
558 1869 849 1979 ncplipentilns
891 1871 1016 1958 rator
1056 1871 1305 1976 conclusionis
1347 1877 1418 1958 est.
1464 1917 1512 1938 -
1554 1872 1674 1971 Quod

257 1997 365 2086 enim
395 1997 495 2084 dicit
528 2025 630 2106 picae
650 2001 811 2110 papissa
840 2007 910 2086 aut
936 2001 1028 2108 quis
1056 2025 1188 2085 sermo
1219 1999 1383 2086 dioiccac
1419 2001 1672 2086 auctoritatis

53 2184 89 2224 u
257 2127 396 2214 celcris
436 2153 485 2213 ac
523 2136 616 2214 otoni
654 2131 880 2216 tostanmnti
910 2177 959 2196 -
996 2132 1147 2216 attinet
1188 2128 1240 2214 ad
1281 2128 1407 2214 libros
1445 2129 1594 2214 aeteus
1632 2141 1676 2216 et
1723 2114 1727 2122 ¹
1824 2133 1831 2144 “

52 2265 54 2270 ’
191 2316 194 2320 -
256 2259 350 2344 novi
393 2259 643 2348 testamenti.
710 2259 826 2358 Quod
866 2259 1139 2346 autemdicit
1176 2262 1246 2342 aut
1285 2259 1376 2364 puis
1415 2259 1516 2342 liber
1554 2283 1674 2354 sanc·

254 2395 382 2476 torum
411 2387 695 2475 catholicorum
716 2397 886 2498 patrum
909 2437 954 2458 -
979 2388 1133 2474 attinet
1151 2389 1203 2474 sul
1226 2389 1504 2498 expositiones
1521 2387 1669 2472 aeteus

255 2528 297 2605 et
323 2521 419 2602 naui
450 2521 708 2618 testamentis
745 2521 973 2607 catholicus
1009 2521 1119 2606 enim
1158 2525 1221 2604 est
1248 2518 1341 2620 ille,
1370 2519 1486 2626 cujus
1514 2515 1619 2600 liber
1648 2547 1673 2600 a

254 2648 456 2734 catholica
493 2651 663 2736 ecclesia
701 2651 908 2762 recipitur.
967 2649 1022 2736 Et
1058 2650 1163 2734 benuo
1199 2655 1294 2758 post
1321 2644 1517 2732 historiae
1547 2645 1673 2729 libius

254 2785 295 2864 et
322 2779 597 2890 expositiones
635 2781 721 2890 ejus
758 2807 866 2866 nune
904 2779 1005 2862 dicit
1041 2777 1271 2864 collationes
1294 2783 1475 2880 patrisne.
1533 2774 1670 2861 Colla·

252 2913 411 2995 tionum
441 2911 549 2994 euim
577 2909 658 2994 triu
686 2910 896 2996 volumina
925 2915 1043 2992 sunt:
1082 2933 1211 2990 unum
1246 2905 1438 2988 volumen
1481 2906 1671 2990 eontinet

234 3047 407 3154 septem
426 3040 679 3143 collationes,
706 3041 820 3126 aliud
849 3047 1019 3150 septem,
1049 3034 1217 3121 tertium
1248 3041 1385 3120 anum
1415 3036 1566 3135 decem,
1599 3036 1670 3144 qui

252 3171 358 3257 finnt
394 3170 561 3256 insimul
603 3170 754 3282 viginti
796 3179 974 3284 quatuor
1016 3167 1125 3252 libri.
1192 3165 1387 3251 Instituta
1425 3167 1533 3250 euim
1577 3165 1669 3250 ideo

252 3300 421 3404 dieitur,
460 3299 557 3409 quia
584 3299 641 3384 ibi
671 3300 908 3386 institutum
939 3304 1002 3386 ost
1039 3299 1089 3384 de
1118 3297 1221 3382 cibis
1264 3302 1306 3381 et
1334 3296 1500 3406 potibus
1542 3301 1673 3406 atque·

251 3431 502 3516 uestimentis
525 3431 840 3532 monachorum
871 3457 1031 3517 necnon
1059 3430 1183 3516 etiam
1214 3427 1269 3510 ibi
1295 3429 1565 3512 coustitutum
1591 3433 1665 3528 ost,
1741 3473 1743 3476 ·
1846 3411 1863 3436 ⁸

231 3561 423 3672 'qualiter
463 3561 586 3647 debet
622 3589 808 3673 pugnare
847 3561 1126 3671 unusquisqne
1167 3563 1312 3644 contra
1342 3557 1696 3668 unumquodque
1852 3669 1854 3672 Ι

248 3691 404 3797 vitium,
434 3719 517 3804 quo
546 3691 826 3802 impugnatur.
876 3691 975 3778 ¹Vita
1003 3692 1114 3777 euim
1143 3717 1285 3776 eorum
1315 3689 1468 3773 attinet
1495 3688 1548 3774 ad
1575 3686 1667 3773 illos
1745 3721 1749 3734 ·
1801 3751 1802 3756 Ν
1916 3717 1923 3738 ··

247 3818 396 3925 libros,
433 3821 504 3908 ubi
545 3822 594 3908 de
613 3810 765 3908 'eorum
795 3824 1000 3910 miraculis
1029 3821 1192 3908 dicitur.
1250 3818 1367 3920 Quod
1397 3816 1665 3902 autemdicit
1744 3839 1747 3852 ·

245 3951 316 4036 secl
351 3959 389 4038 ct
416 3951 556 4061 rapula
595 3954 726 4040 sanai
747 3955 888 4060 patris
925 3952 1055 4039 nostri
1084 3947 1242 4034 Basilii
1277 3954 1320 4034 et
1360 3948 1476 4056 reliq.
1510 3989 1555 4008 -·
1588 3947 1666 4030 istu

246 4081 394 4184 omnia,
423 4084 451 4168 i.
477 4111 512 4168 a.
544 4083 747 4194 scriptura
777 4083 925 4166 veteris
954 4092 998 4165 et
1020 4081 1116 4165 novi
1135 4076 1374 4164 testamenti
1401 4083 1444 4162 et
1463 4075 1665 4186 expositio

245 4235 382 4294 earnm
406 4218 449 4296 et
467 4212 710 4298 collationes
732 4218 776 4298 et
802 4211 995 4295 instituta
1023 4217 1067 4296 et
1090 4211 1198 4294 uitae
1218 4217 1395 4319 patrum.
1426 4207 1505 4292 istu
1528 4205 1665 4291 omniu

243 4337 519 4427 instrumenta
547 4347 645 4426 suut
672 4341 870 4426 virtutum
900 4339 1197 4428 monachorum
1234 4338 1336 4422 bene
1366 4337 1592 4420 viventium
1622 4343 1664 4418 et

244 4469 553 4572 obedientium
595 4470 715 4557 nobis
758 4477 897 4560 nutem
941 4469 1152 4556 desidiosis
1194 4475 1237 4555 et
1275 4466 1583 4580 negligentibus
1622 4475 1665 4551 et
1754 4465 1758 4471 ’

209 4600 348 4685 male
388 4600 622 4688 viventibus
662 4610 760 4689 suut
796 4603 925 4689 rubor
965 4600 1227 4687 confusionis.
1284 4587 1539 4697 Desidiosa.
1568 4594 1597 4684 i.
1627 4625 1661 4682 e.

185 4761 188 4768 ’
241 4731 372 4842 pigris
401 4739 444 4818 et
472 4733 792 4846 negligentibus.
849 4727 966 4818 Istud
1002 4731 1112 4842 quod
1147 4727 1252 4815 'dicit
1286 4727 1384 4835 quid
1424 4723 1541 4828 alincl
1569 4736 1664 4812 sunt

240 4861 324 4948 nisi
350 4862 448 4952 benc
474 4865 689 4952 nicentium
721 4869 758 4950 ct
786 4863 1050 4952 abaciacum
1079 4861 1364 4946 monachornm
1394 4859 1661 4944 instrumenta

238 4989 440 5098 uirtutum,
471 4995 530 5082 ita
549 4994 808 5108 intelligitur,
838 4993 955 5106 quasi
974 4993 1148 5078 diceret:
1179 4990 1242 5096 illi*
1267 4989 1359 5074 libri
1384 4995 1484 5074 sunt
1510 4989 1661 5076 instru-
1686 5039 1688 5044 ·

238 5132 375 5213 manta
398 5125 531 5234 bonis,
559 5125 671 5214 unde
692 5127 826 5213 sciant
851 5123 1046 5236 perlicere
1067 5123 1176 5210 baua
1205 5147 1335 5234 opera
1361 5126 1405 5206 et
1432 5120 1659 5232 relinquere
1804 5209 1806 5212 ,
1927 5146 1930 5158 ·

1361 5251 1452 5340 40*
