<?xml version="1.0" encoding="UTF-8"?>
<!DOCTYPE html PUBLIC "-//W3C//DTD XHTML 1.0 Transitional//EN"
    "http://www.w3.org/TR/xhtml1/DTD/xhtml1-transitional.dtd">
<html xmlns="http://www.w3.org/1999/xhtml" xml:lang="en" lang="en">
 <head>
  <title>
</title>
<meta http-equiv="Content-Type" content="text/html;charset=utf-8" />
  <meta name='ocr-system' content='tesseract 3.04.00' />
  <meta name='ocr-capabilities' content='ocr_page ocr_carea ocr_par ocr_line ocrx_word'/>
</head>
<body>
  <div class='ocr_page' id='page_1' title='image "./vitaetregulassp01benegoog_0360.png"; bbox 0 0 3974 5778; ppageno 0'>
   <div class='ocr_carea' id='block_1_1' title="bbox 868 137 1683 234">
    <p class='ocr_par' dir='ltr' id='par_1_1' title="bbox 868 137 1683 234">
     <span class='ocr_line' id='line_1_1' title="bbox 868 137 1683 234; baseline 0 -23"><span class='ocrx_word' id='word_1_1' title='bbox 868 139 954 232; x_wconf 70' lang='lat' dir='ltr'><em>cap.</em></span> <span class='ocrx_word' id='word_1_2' title='bbox 979 137 1093 213; x_wconf 85' lang='lat' dir='ltr'><em>xxrr.</em></span> <span class='ocrx_word' id='word_1_3' title='bbox 1605 149 1683 234; x_wconf 84' lang='lat'><em>331</em></span> 
     </span>
    </p>
   </div>
   <div class='ocr_carea' id='block_1_2' title="bbox 39 349 1950 4681">
    <p class='ocr_par' dir='ltr' id='par_1_2' title="bbox 30 349 1926 1002">
     <span class='ocr_line' id='line_1_2' title="bbox 39 349 1926 472; baseline 0.005 -27.957"><span class='ocrx_word' id='word_1_4' title='bbox 39 349 51 458; x_wconf 76' lang='lat' dir='ltr'><em>i</em></span> <span class='ocrx_word' id='word_1_5' title='bbox 238 363 243 371; x_wconf 74' lang='grc'><strong>’</strong></span> <span class='ocrx_word' id='word_1_6' title='bbox 279 373 403 456; x_wconf 86' lang='lat' dir='ltr'><em>tatem</em></span> <span class='ocrx_word' id='word_1_7' title='bbox 445 363 552 447; x_wconf 87' lang='lat' dir='ltr'><em>vitae</em></span> <span class='ocrx_word' id='word_1_8' title='bbox 594 358 930 471; x_wconf 88' lang='lat' dir='ltr'><em>uniuscujusque,</em></span> <span class='ocrx_word' id='word_1_9' title='bbox 974 359 1033 444; x_wconf 88' lang='lat' dir='ltr'><em>ita</em></span> <span class='ocrx_word' id='word_1_10' title='bbox 1071 361 1247 472; x_wconf 82' lang='lat' dir='ltr'><em>accipiat</em></span> <span class='ocrx_word' id='word_1_11' title='bbox 1286 361 1549 452; x_wconf 84' lang='lat' dir='ltr'><em>lectisternia.</em></span> <span class='ocrx_word' id='word_1_12' title='bbox 1618 367 1686 451; x_wconf 91' lang='lat' dir='ltr'><em>Sic</em></span> <span class='ocrx_word' id='word_1_13' title='bbox 1925 365 1926 368; x_wconf 46' lang='lat'>‘</span> 
     </span>
     <span class='ocr_line' id='line_1_3' title="bbox 279 483 1842 602; baseline -0.003 -16"><span class='ocrx_word' id='word_1_14' title='bbox 279 498 383 586; x_wconf 87' lang='lat' dir='ltr'><em>eninr</em></span> <span class='ocrx_word' id='word_1_15' title='bbox 420 491 589 578; x_wconf 83' lang='lat' dir='ltr'><em>inferius</em></span> <span class='ocrx_word' id='word_1_16' title='bbox 629 491 749 576; x_wconf 89' lang='lat' dir='ltr'><em>dicit:</em></span> <span class='ocrx_word' id='word_1_17' title='bbox 793 491 1138 579; x_wconf 81' lang='lat' dir='ltr'><em>Adoleseerrtiores</em></span> <span class='ocrx_word' id='word_1_18' title='bbox 1176 496 1330 597; x_wconf 79' lang='lat' dir='ltr'><em>tratres</em></span> <span class='ocrx_word' id='word_1_19' title='bbox 1361 495 1487 602; x_wconf 79' lang='lat' dir='ltr'><em>justu</em></span> <span class='ocrx_word' id='word_1_20' title='bbox 1524 523 1568 585; x_wconf 87' lang='lat' dir='ltr'><em>se</em></span> <span class='ocrx_word' id='word_1_21' title='bbox 1607 526 1687 585; x_wconf 77' lang='lat' dir='ltr'><em>orori</em></span> <span class='ocrx_word' id='word_1_22' title='bbox 1841 483 1842 486; x_wconf 5' lang='grc' dir='ltr'>Ὺ</span> 
     </span>
     <span class='ocr_line' id='line_1_4' title="bbox 276 623 1687 729; baseline -0.003 -11"><span class='ocrx_word' id='word_1_23' title='bbox 276 629 445 718; x_wconf 82' lang='lat' dir='ltr'><em>trateorrt</em></span> <span class='ocrx_word' id='word_1_24' title='bbox 483 623 623 729; x_wconf 88' lang='lat' dir='ltr'><em>lectos,</em></span> <span class='ocrx_word' id='word_1_25' title='bbox 671 627 744 711; x_wconf 90' lang='lat' dir='ltr'><em>sed</em></span> <span class='ocrx_word' id='word_1_26' title='bbox 789 623 950 710; x_wconf 72' lang='lat' dir='ltr'><em>seriatim</em></span> <span class='ocrx_word' id='word_1_27' title='bbox 973 651 1079 710; x_wconf 85' lang='lat' dir='ltr'><em>enm</em></span> <span class='ocrx_word' id='word_1_28' title='bbox 1115 629 1353 718; x_wconf 78' lang='lat' dir='ltr'><em>senioribus.</em></span> <span class='ocrx_word' id='word_1_29' title='bbox 1427 629 1539 716; x_wconf 88' lang='lat' dir='ltr'><em>Bene</em></span> <span class='ocrx_word' id='word_1_30' title='bbox 1585 631 1687 716; x_wconf 85' lang='lat' dir='ltr'><em>dicit</em></span> 
     </span>
     <span class='ocr_line' id='line_1_5' title="bbox 275 757 1686 878; baseline -0.003 -28"><span class='ocrx_word' id='word_1_31' title='bbox 275 762 402 850; x_wconf 85' lang='lat' dir='ltr'><em>vestiti</em></span> <span class='ocrx_word' id='word_1_32' title='bbox 431 767 469 844; x_wconf 90' lang='lat' dir='ltr'><em>et</em></span> <span class='ocrx_word' id='word_1_33' title='bbox 495 758 613 844; x_wconf 87' lang='lat' dir='ltr'><em>cirreti</em></span> <span class='ocrx_word' id='word_1_34' title='bbox 640 757 870 859; x_wconf 83' lang='lat' dir='ltr'><em>dorrrrterrt,</em></span> <span class='ocrx_word' id='word_1_35' title='bbox 889 762 1090 868; x_wconf 86' lang='lat' dir='ltr'><em>quatenus</em></span> <span class='ocrx_word' id='word_1_36' title='bbox 1121 759 1275 869; x_wconf 82' lang='lat' dir='ltr'><strong>absque</strong></span> <span class='ocrx_word' id='word_1_37' title='bbox 1306 789 1419 847; x_wconf 87' lang='lat' dir='ltr'><em>mora</em></span> <span class='ocrx_word' id='word_1_38' title='bbox 1446 767 1489 846; x_wconf 88' lang='lat' dir='ltr'><em>et</em></span> <span class='ocrx_word' id='word_1_39' title='bbox 1503 761 1686 878; x_wconf 79' lang='lat' dir='ltr'><em>impedi·</em></span> 
     </span>
     <span class='ocr_line' id='line_1_6' title="bbox 278 887 1628 1002; baseline -0.003 -23"><span class='ocrx_word' id='word_1_40' title='bbox 278 897 428 979; x_wconf 86' lang='lat' dir='ltr'><em>nrentc.</em></span> <span class='ocrx_word' id='word_1_41' title='bbox 443 887 640 974; x_wconf 88' lang='lat' dir='ltr'><em>vestiendi</em></span> <span class='ocrx_word' id='word_1_42' title='bbox 668 889 834 974; x_wconf 84' lang='lat' dir='ltr'><em>rulesut</em></span> <span class='ocrx_word' id='word_1_43' title='bbox 861 888 1053 973; x_wconf 80' lang='lat' dir='ltr'><em>monaehi</em></span> <span class='ocrx_word' id='word_1_44' title='bbox 1081 890 1133 974; x_wconf 87' lang='lat' dir='ltr'><em>ud</em></span> <span class='ocrx_word' id='word_1_45' title='bbox 1163 891 1326 1002; x_wconf 86' lang='lat' dir='ltr'><em>signum</em></span> <span class='ocrx_word' id='word_1_46' title='bbox 1357 919 1582 978; x_wconf 91' lang='lat' dir='ltr'><em>occurrere.</em></span> <span class='ocrx_word' id='word_1_47' title='bbox 1597 893 1628 1002; x_wconf 89' lang='lat'><em>¹)</em></span> 
     </span>
    </p>

    <p class='ocr_par' dir='ltr' id='par_1_3' title="bbox 90 1017 1950 4681">
     <span class='ocr_line' id='line_1_7' title="bbox 383 1017 1687 1128; baseline 0.001 -24"><span class='ocrx_word' id='word_1_48' title='bbox 383 1018 594 1128; x_wconf 84' lang='lat' dir='ltr'><em>Sequiturr</em></span> <span class='ocrx_word' id='word_1_49' title='bbox 641 1017 692 1104; x_wconf 81' lang='lat' dir='ltr'><em>Si</em></span> <span class='ocrx_word' id='word_1_50' title='bbox 711 1025 844 1124; x_wconf 80' lang='lat' dir='ltr'><em>potest</em></span> <span class='ocrx_word' id='word_1_51' title='bbox 867 1019 972 1124; x_wconf 76' lang='lat' dir='ltr'><em>lieri,</em></span> <span class='ocrx_word' id='word_1_52' title='bbox 1003 1043 1138 1105; x_wconf 85' lang='lat' dir='ltr'><em>coroes</em></span> <span class='ocrx_word' id='word_1_53' title='bbox 1165 1020 1210 1104; x_wconf 86' lang='lat' dir='ltr'><em>in</em></span> <span class='ocrx_word' id='word_1_54' title='bbox 1239 1047 1362 1106; x_wconf 80' lang='lat' dir='ltr'><em>reorum</em></span> <span class='ocrx_word' id='word_1_55' title='bbox 1392 1021 1621 1126; x_wconf 86' lang='lat' dir='ltr'><em>dor·oriout,·</em></span> <span class='ocrx_word' id='word_1_56' title='bbox 1648 1022 1687 1105; x_wconf 88' lang='lat' dir='ltr'><em>si</em></span> 
     </span>
     <span class='ocr_line' id='line_1_8' title="bbox 275 1133 1815 1248; baseline -0.004 -8"><span class='ocrx_word' id='word_1_57' title='bbox 275 1157 404 1240; x_wconf 64' lang='lat' dir='ltr'><em>oestron</em></span> <span class='ocrx_word' id='word_1_58' title='bbox 431 1145 642 1235; x_wconf 85' lang='lat' dir='ltr'><em>mrdtitodo</em></span> <span class='ocrx_word' id='word_1_59' title='bbox 669 1174 749 1234; x_wconf 82' lang='lat' dir='ltr'><em>rrorr</em></span> <span class='ocrx_word' id='word_1_60' title='bbox 776 1149 894 1248; x_wconf 81' lang='lat' dir='ltr'><em>sinit,</em></span> <span class='ocrx_word' id='word_1_61' title='bbox 931 1147 1027 1234; x_wconf 83' lang='lat' dir='ltr'><em>deni</em></span> <span class='ocrx_word' id='word_1_62' title='bbox 1064 1155 1135 1234; x_wconf 82' lang='lat' dir='ltr'><em>urst</em></span> <span class='ocrx_word' id='word_1_63' title='bbox 1172 1150 1300 1238; x_wconf 73' lang='lat' dir='ltr'><em>oioerri</em></span> <span class='ocrx_word' id='word_1_64' title='bbox 1337 1177 1426 1238; x_wconf 82' lang='lat' dir='ltr'><em>eura</em></span> <span class='ocrx_word' id='word_1_65' title='bbox 1459 1151 1685 1236; x_wconf 82' lang='lat' dir='ltr'><em>senioribus</em></span> <span class='ocrx_word' id='word_1_66' title='bbox 1810 1133 1815 1148; x_wconf 73' lang='grc'>’</span> 
     </span>
     <span class='ocr_line' id='line_1_9' title="bbox 255 1277 1784 1388; baseline -0.003 -18"><span class='ocrx_word' id='word_1_67' title='bbox 255 1281 371 1384; x_wconf 66' lang='lat' dir='ltr'><em>suia</em></span> <span class='ocrx_word' id='word_1_68' title='bbox 400 1279 470 1387; x_wconf 75' lang='lat' dir='ltr'><em>qni</em></span> <span class='ocrx_word' id='word_1_69' title='bbox 496 1306 622 1386; x_wconf 80' lang='lat' dir='ltr'><em>snper</em></span> <span class='ocrx_word' id='word_1_70' title='bbox 648 1304 716 1364; x_wconf 85' lang='lat' dir='ltr'><em>eos</em></span> <span class='ocrx_word' id='word_1_71' title='bbox 741 1277 905 1364; x_wconf 73' lang='lat' dir='ltr'><em>solliciti</em></span> <span class='ocrx_word' id='word_1_72' title='bbox 931 1279 1038 1382; x_wconf 82' lang='lat' dir='ltr'><em>sird,</em></span> <span class='ocrx_word' id='word_1_73' title='bbox 1068 1288 1259 1388; x_wconf 80' lang='lat' dir='ltr'><em>possent.</em></span> <span class='ocrx_word' id='word_1_74' title='bbox 1318 1283 1562 1383; x_wconf 72' lang='lat' dir='ltr'><em>Nessonis,</em></span> <span class='ocrx_word' id='word_1_75' title='bbox 1593 1283 1619 1368; x_wconf 89' lang='lat' dir='ltr'><em>i.</em></span> <span class='ocrx_word' id='word_1_76' title='bbox 1649 1313 1684 1366; x_wconf 91' lang='lat' dir='ltr'><em>e.</em></span> <span class='ocrx_word' id='word_1_77' title='bbox 1782 1297 1784 1304; x_wconf 81' lang='grc'>’</span> 
     </span>
     <span class='ocr_line' id='line_1_10' title="bbox 275 1408 1771 1524; baseline -0.001 -27"><span class='ocrx_word' id='word_1_78' title='bbox 275 1440 354 1497; x_wconf 85' lang='lat' dir='ltr'><em>nou</em></span> <span class='ocrx_word' id='word_1_79' title='bbox 384 1408 600 1520; x_wconf 84' lang='lat' dir='ltr'><em>permittit.</em></span> <span class='ocrx_word' id='word_1_80' title='bbox 645 1408 692 1493; x_wconf 90' lang='lat' dir='ltr'><em>ln</em></span> <span class='ocrx_word' id='word_1_81' title='bbox 724 1409 802 1495; x_wconf 87' lang='lat' dir='ltr'><em>lroc</em></span> <span class='ocrx_word' id='word_1_82' title='bbox 831 1411 942 1497; x_wconf 87' lang='lat' dir='ltr'><em>enim</em></span> <span class='ocrx_word' id='word_1_83' title='bbox 971 1411 1061 1497; x_wconf 90' lang='lat' dir='ltr'><em>ioco</em></span> <span class='ocrx_word' id='word_1_84' title='bbox 1085 1411 1331 1498; x_wconf 87' lang='lat' dir='ltr'><em>intuendum</em></span> <span class='ocrx_word' id='word_1_85' title='bbox 1350 1418 1424 1516; x_wconf 89' lang='lat' dir='ltr'><em>est,</em></span> <span class='ocrx_word' id='word_1_86' title='bbox 1453 1414 1562 1524; x_wconf 86' lang='lat' dir='ltr'><em>quia,</em></span> <span class='ocrx_word' id='word_1_87' title='bbox 1592 1442 1683 1497; x_wconf 86' lang='lat' dir='ltr'><em>cunr</em></span> <span class='ocrx_word' id='word_1_88' title='bbox 1769 1467 1771 1475; x_wconf 34' lang='grc' dir='ltr'><strong><em>ι</em></strong></span> 
     </span>
     <span class='ocr_line' id='line_1_11' title="bbox 274 1538 1743 1660; baseline -0.003 -32"><span class='ocrx_word' id='word_1_89' title='bbox 274 1543 371 1628; x_wconf 90' lang='lat' dir='ltr'><em>dicit</em></span> <span class='ocrx_word' id='word_1_90' title='bbox 410 1538 572 1624; x_wconf 77' lang='lat' dir='ltr'><em>solliciti</em></span> <span class='ocrx_word' id='word_1_91' title='bbox 613 1541 720 1642; x_wconf 85' lang='lat' dir='ltr'><em>siut,</em></span> <span class='ocrx_word' id='word_1_92' title='bbox 767 1541 967 1652; x_wconf 77' lang='lat' dir='ltr'><em>praecipit</em></span> <span class='ocrx_word' id='word_1_93' title='bbox 1007 1542 1099 1628; x_wconf 89' lang='lat' dir='ltr'><em>illos</em></span> <span class='ocrx_word' id='word_1_94' title='bbox 1135 1542 1388 1652; x_wconf 67' lang='lat' dir='ltr'><em>vigilarem</em></span> <span class='ocrx_word' id='word_1_95' title='bbox 1428 1542 1684 1644; x_wconf 67' lang='lat' dir='ltr'><em>denuderis,</em></span> <span class='ocrx_word' id='word_1_96' title='bbox 1742 1655 1743 1660; x_wconf 7' lang='grc' dir='ltr'><strong><em>Ν</em></strong></span> 
     </span>
     <span class='ocr_line' id='line_1_12' title="bbox 274 1668 1683 1785; baseline 0.001 -27"><span class='ocrx_word' id='word_1_97' title='bbox 274 1675 369 1785; x_wconf 89' lang='lat' dir='ltr'><em>quia</em></span> <span class='ocrx_word' id='word_1_98' title='bbox 396 1675 534 1782; x_wconf 87' lang='lat' dir='ltr'><em>potest</em></span> <span class='ocrx_word' id='word_1_99' title='bbox 569 1668 769 1755; x_wconf 89' lang='lat' dir='ltr'><em>sollicitus</em></span> <span class='ocrx_word' id='word_1_100' title='bbox 804 1700 890 1756; x_wconf 90' lang='lat' dir='ltr'><em>esse</em></span> <span class='ocrx_word' id='word_1_101' title='bbox 926 1701 1048 1759; x_wconf 89' lang='lat' dir='ltr'><em>nemo</em></span> <span class='ocrx_word' id='word_1_102' title='bbox 1076 1673 1119 1758; x_wconf 90' lang='lat' dir='ltr'><em>irr</em></span> <span class='ocrx_word' id='word_1_103' title='bbox 1152 1677 1294 1776; x_wconf 89' lang='lat' dir='ltr'><em>noete,</em></span> <span class='ocrx_word' id='word_1_104' title='bbox 1334 1673 1411 1760; x_wconf 89' lang='lat' dir='ltr'><em>uisi</em></span> <span class='ocrx_word' id='word_1_105' title='bbox 1440 1674 1683 1785; x_wconf 73' lang='lat' dir='ltr'><em>vigilaverit,</em></span> 
     </span>
     <span class='ocr_line' id='line_1_13' title="bbox 273 1800 1683 1917; baseline 0.001 -26"><span class='ocrx_word' id='word_1_106' title='bbox 273 1807 367 1917; x_wconf 84' lang='lat' dir='ltr'><em>quis</em></span> <span class='ocrx_word' id='word_1_107' title='bbox 386 1832 472 1908; x_wconf 89' lang='lat' dir='ltr'><em>uos,</em></span> <span class='ocrx_word' id='word_1_108' title='bbox 496 1831 589 1888; x_wconf 86' lang='lat' dir='ltr'><em>cunr</em></span> <span class='ocrx_word' id='word_1_109' title='bbox 609 1800 777 1888; x_wconf 73' lang='lat' dir='ltr'><em>solliciti</em></span> <span class='ocrx_word' id='word_1_110' title='bbox 800 1803 988 1888; x_wconf 88' lang='lat' dir='ltr'><em>velumus</em></span> <span class='ocrx_word' id='word_1_111' title='bbox 1011 1832 1098 1888; x_wconf 88' lang='lat' dir='ltr'><em>esse</em></span> <span class='ocrx_word' id='word_1_112' title='bbox 1117 1833 1191 1914; x_wconf 90' lang='lat' dir='ltr'><em>pro</em></span> <span class='ocrx_word' id='word_1_113' title='bbox 1213 1803 1426 1914; x_wconf 85' lang='lat' dir='ltr'><em>aliquare,</em></span> <span class='ocrx_word' id='word_1_114' title='bbox 1456 1805 1683 1914; x_wconf 84' lang='lat' dir='ltr'><em>vigilamus.</em></span> 
     </span>
     <span class='ocr_line' id='line_1_14' title="bbox 274 1933 1823 2041; baseline -0.001 -20"><span class='ocrx_word' id='word_1_115' title='bbox 274 1937 446 2022; x_wconf 80' lang='lat' dir='ltr'><em>Etcum</em></span> <span class='ocrx_word' id='word_1_116' title='bbox 473 1933 578 2018; x_wconf 85' lang='lat' dir='ltr'><em>dixit</em></span> <span class='ocrx_word' id='word_1_117' title='bbox 605 1933 795 2035; x_wconf 79' lang='lat' dir='ltr'><em>seniores,</em></span> <span class='ocrx_word' id='word_1_118' title='bbox 825 1961 909 2018; x_wconf 88' lang='lat' dir='ltr'><em>non</em></span> <span class='ocrx_word' id='word_1_119' title='bbox 936 1934 1043 2018; x_wconf 89' lang='lat' dir='ltr'><em>dixit</em></span> <span class='ocrx_word' id='word_1_120' title='bbox 1063 1933 1243 2029; x_wconf 79' lang='lat' dir='ltr'><em>seniores</em></span> <span class='ocrx_word' id='word_1_121' title='bbox 1262 1940 1396 2022; x_wconf 83' lang='lat' dir='ltr'><em>astute</em></span> <span class='ocrx_word' id='word_1_122' title='bbox 1416 1936 1684 2038; x_wconf 85' lang='lat' dir='ltr'><em>solummodo,</em></span> <span class='ocrx_word' id='word_1_123' title='bbox 1818 2032 1823 2041; x_wconf 26' lang='lat'><strong>¹</strong></span> 
     </span>
     <span class='ocr_line' id='line_1_15' title="bbox 273 2063 1683 2182; baseline 0.001 -32"><span class='ocrx_word' id='word_1_124' title='bbox 273 2069 334 2152; x_wconf 90' lang='lat' dir='ltr'><em>vel</em></span> <span class='ocrx_word' id='word_1_125' title='bbox 371 2064 442 2176; x_wconf 90' lang='lat' dir='ltr'><em>qui</em></span> <span class='ocrx_word' id='word_1_126' title='bbox 478 2069 575 2150; x_wconf 87' lang='lat' dir='ltr'><em>ante</em></span> <span class='ocrx_word' id='word_1_127' title='bbox 615 2069 838 2166; x_wconf 84' lang='lat' dir='ltr'><em>venerunt,</em></span> <span class='ocrx_word' id='word_1_128' title='bbox 877 2065 947 2150; x_wconf 89' lang='lat' dir='ltr'><em>sed</em></span> <span class='ocrx_word' id='word_1_129' title='bbox 988 2067 1039 2150; x_wconf 90' lang='lat' dir='ltr'><em>de</em></span> <span class='ocrx_word' id='word_1_130' title='bbox 1076 2065 1156 2150; x_wconf 90' lang='lat' dir='ltr'><em>illis</em></span> <span class='ocrx_word' id='word_1_131' title='bbox 1185 2063 1286 2150; x_wconf 88' lang='lat' dir='ltr'><em>dicit</em></span> <span class='ocrx_word' id='word_1_132' title='bbox 1322 2065 1572 2182; x_wconf 82' lang='lat' dir='ltr'><em>senioribus,</em></span> <span class='ocrx_word' id='word_1_133' title='bbox 1613 2068 1683 2177; x_wconf 89' lang='lat' dir='ltr'><em>qui</em></span> 
     </span>
     <span class='ocr_line' id='line_1_16' title="bbox 271 2195 1075 2318; baseline 0 -35"><span class='ocrx_word' id='word_1_134' title='bbox 271 2226 388 2314; x_wconf 80' lang='lat' dir='ltr'><em>sensu</em></span> <span class='ocrx_word' id='word_1_135' title='bbox 417 2201 460 2280; x_wconf 91' lang='lat' dir='ltr'><em>et</em></span> <span class='ocrx_word' id='word_1_136' title='bbox 488 2195 734 2281; x_wconf 81' lang='lat' dir='ltr'><em>discretione</em></span> <span class='ocrx_word' id='word_1_137' title='bbox 764 2195 938 2303; x_wconf 85' lang='lat' dir='ltr'><em>praediti</em></span> <span class='ocrx_word' id='word_1_138' title='bbox 967 2202 1075 2318; x_wconf 82' lang='lat' dir='ltr'><em>sunt.</em></span> 
     </span>
     <span class='ocr_line' id='line_1_17' title="bbox 378 2323 1843 2439; baseline 0 -27"><span class='ocrx_word' id='word_1_139' title='bbox 378 2327 591 2439; x_wconf 85' lang='lat' dir='ltr'><em>Sequitur:</em></span> <span class='ocrx_word' id='word_1_140' title='bbox 637 2323 816 2412; x_wconf 83' lang='lat' dir='ltr'><em>Ourrrtelo</em></span> <span class='ocrx_word' id='word_1_141' title='bbox 835 2327 1063 2436; x_wconf 79' lang='lat' dir='ltr'><em>jupiteris</em></span> <span class='ocrx_word' id='word_1_142' title='bbox 1090 2327 1229 2414; x_wconf 87' lang='lat' dir='ltr'><em>eodem</em></span> <span class='ocrx_word' id='word_1_143' title='bbox 1257 2326 1356 2415; x_wconf 89' lang='lat' dir='ltr'><em>cello</em></span> <span class='ocrx_word' id='word_1_144' title='bbox 1385 2328 1530 2416; x_wconf 84' lang='lat' dir='ltr'><em>ardeat</em></span> <span class='ocrx_word' id='word_1_145' title='bbox 1559 2353 1683 2434; x_wconf 76' lang='lat' dir='ltr'><em>vespere</em></span> <span class='ocrx_word' id='word_1_146' title='bbox 1838 2351 1843 2364; x_wconf 91' lang='lat'><strong>·</strong></span> 
     </span>
     <span class='ocr_line' id='line_1_18' title="bbox 270 2455 1950 2570; baseline 0.001 -30"><span class='ocrx_word' id='word_1_147' title='bbox 270 2485 398 2546; x_wconf 77' lang='lat' dir='ltr'><em>reterre.</em></span> <span class='ocrx_word' id='word_1_148' title='bbox 456 2457 554 2543; x_wconf 90' lang='lat' dir='ltr'><em>ldeo</em></span> <span class='ocrx_word' id='word_1_149' title='bbox 584 2455 691 2541; x_wconf 88' lang='lat' dir='ltr'><em>enim</em></span> <span class='ocrx_word' id='word_1_150' title='bbox 712 2455 889 2566; x_wconf 69' lang='lat' dir='ltr'><em>jugiter,</em></span> <span class='ocrx_word' id='word_1_151' title='bbox 931 2456 1027 2569; x_wconf 86' lang='lat' dir='ltr'><em>quia</em></span> <span class='ocrx_word' id='word_1_152' title='bbox 1054 2487 1215 2570; x_wconf 78' lang='lat' dir='ltr'><em>semper</em></span> <span class='ocrx_word' id='word_1_153' title='bbox 1243 2461 1352 2564; x_wconf 89' lang='lat' dir='ltr'><em>vult,</em></span> <span class='ocrx_word' id='word_1_154' title='bbox 1382 2467 1430 2546; x_wconf 91' lang='lat' dir='ltr'><em>ut</em></span> <span class='ocrx_word' id='word_1_155' title='bbox 1458 2461 1540 2546; x_wconf 86' lang='lat' dir='ltr'><em>fist</em></span> <span class='ocrx_word' id='word_1_156' title='bbox 1601 2460 1681 2544; x_wconf 86' lang='lat' dir='ltr'><em>Pro</em></span> <span class='ocrx_word' id='word_1_157' title='bbox 1804 2545 1807 2551; x_wconf 77' lang='grc'>,</span> <span class='ocrx_word' id='word_1_158' title='bbox 1919 2501 1950 2554; x_wconf 75' lang='grc'><em>-,</em></span> 
     </span>
     <span class='ocr_line' id='line_1_19' title="bbox 125 2586 1683 2698; baseline -0.001 -24"><span class='ocrx_word' id='word_1_159' title='bbox 125 2613 129 2624; x_wconf 93' lang='grc'><em>·</em></span> <span class='ocrx_word' id='word_1_160' title='bbox 271 2591 347 2675; x_wconf 87' lang='lat' dir='ltr'><em>hoe</em></span> <span class='ocrx_word' id='word_1_161' title='bbox 369 2588 477 2698; x_wconf 89' lang='lat' dir='ltr'><em>qnod</em></span> <span class='ocrx_word' id='word_1_162' title='bbox 498 2586 604 2672; x_wconf 87' lang='lat' dir='ltr'><em>dixit</em></span> <span class='ocrx_word' id='word_1_163' title='bbox 620 2613 744 2695; x_wconf 79' lang='lat' dir='ltr'><em>resque</em></span> <span class='ocrx_word' id='word_1_164' title='bbox 762 2614 892 2689; x_wconf 87' lang='lat' dir='ltr'><em>rrrerre,</em></span> <span class='ocrx_word' id='word_1_165' title='bbox 912 2615 1041 2696; x_wconf 88' lang='lat' dir='ltr'><em>usque</em></span> <span class='ocrx_word' id='word_1_166' title='bbox 1057 2588 1109 2674; x_wconf 90' lang='lat' dir='ltr'><em>ud</em></span> <span class='ocrx_word' id='word_1_167' title='bbox 1129 2589 1237 2675; x_wconf 89' lang='lat' dir='ltr'><em>dieur</em></span> <span class='ocrx_word' id='word_1_168' title='bbox 1257 2591 1358 2692; x_wconf 89' lang='lat' dir='ltr'><em>vult,</em></span> <span class='ocrx_word' id='word_1_169' title='bbox 1386 2597 1434 2676; x_wconf 92' lang='lat' dir='ltr'><em>ut</em></span> <span class='ocrx_word' id='word_1_170' title='bbox 1455 2589 1610 2690; x_wconf 83' lang='lat' dir='ltr'><em>arrleut,</em></span> <span class='ocrx_word' id='word_1_171' title='bbox 1640 2595 1683 2672; x_wconf 90' lang='lat' dir='ltr'><em>et</em></span> 
     </span>
     <span class='ocr_line' id='line_1_20' title="bbox 140 2717 1684 2830; baseline 0 -28"><span class='ocrx_word' id='word_1_172' title='bbox 140 2821 142 2826; x_wconf 8' lang='grc' dir='ltr'><strong>ἢ</strong></span> <span class='ocrx_word' id='word_1_173' title='bbox 273 2719 336 2803; x_wconf 77' lang='lat' dir='ltr'><em>elie</em></span> <span class='ocrx_word' id='word_1_174' title='bbox 363 2717 498 2802; x_wconf 83' lang='lat' dir='ltr'><em>adhuc</em></span> <span class='ocrx_word' id='word_1_175' title='bbox 538 2718 699 2803; x_wconf 89' lang='lat' dir='ltr'><em>lucente</em></span> <span class='ocrx_word' id='word_1_176' title='bbox 734 2717 856 2804; x_wconf 88' lang='lat' dir='ltr'><em>debet</em></span> <span class='ocrx_word' id='word_1_177' title='bbox 890 2719 1080 2822; x_wconf 78' lang='lat' dir='ltr'><em>accendi,</em></span> <span class='ocrx_word' id='word_1_178' title='bbox 1122 2719 1163 2808; x_wconf 90' lang='lat' dir='ltr'><em>lr.</em></span> <span class='ocrx_word' id='word_1_179' title='bbox 1194 2748 1227 2808; x_wconf 90' lang='lat' dir='ltr'><em>e.</em></span> <span class='ocrx_word' id='word_1_180' title='bbox 1257 2747 1412 2830; x_wconf 64' lang='lat' dir='ltr'><em>egra</em></span> <span class='ocrx_word' id='word_1_181' title='bbox 1454 2722 1489 2804; x_wconf 90' lang='lat' dir='ltr'><em>si</em></span> <span class='ocrx_word' id='word_1_182' title='bbox 1524 2719 1684 2828; x_wconf 88' lang='lat' dir='ltr'><em>cupitu-</em></span> 
     </span>
     <span class='ocr_line' id='line_1_21' title="bbox 269 2847 1803 2963; baseline 0.001 -31"><span class='ocrx_word' id='word_1_183' title='bbox 269 2850 351 2932; x_wconf 89' lang='lat' dir='ltr'><em>lurn</em></span> <span class='ocrx_word' id='word_1_184' title='bbox 380 2853 477 2932; x_wconf 86' lang='lat' dir='ltr'><em>ente</em></span> <span class='ocrx_word' id='word_1_185' title='bbox 506 2848 612 2932; x_wconf 88' lang='lat' dir='ltr'><em>diem</em></span> <span class='ocrx_word' id='word_1_186' title='bbox 623 2847 658 2961; x_wconf 71' lang='grc'><em>2)</em></span> <span class='ocrx_word' id='word_1_187' title='bbox 686 2847 918 2958; x_wconf 80' lang='lat' dir='ltr'><em>peragitur,</em></span> <span class='ocrx_word' id='word_1_188' title='bbox 962 2847 1084 2936; x_wconf 85' lang='lat' dir='ltr'><em>debet</em></span> <span class='ocrx_word' id='word_1_189' title='bbox 1111 2851 1278 2938; x_wconf 84' lang='lat' dir='ltr'><em>accendi</em></span> <span class='ocrx_word' id='word_1_190' title='bbox 1321 2859 1413 2963; x_wconf 88' lang='lat' dir='ltr'><em>post</em></span> <span class='ocrx_word' id='word_1_191' title='bbox 1441 2848 1679 2959; x_wconf 83' lang='lat' dir='ltr'><em>capitulum,</em></span> <span class='ocrx_word' id='word_1_192' title='bbox 1799 2894 1803 2900; x_wconf 95' lang='lat'><em>·</em></span> 
     </span>
     <span class='ocr_line' id='line_1_22' title="bbox 271 2975 1681 3095; baseline -0.001 -31"><span class='ocrx_word' id='word_1_193' title='bbox 271 2977 393 3064; x_wconf 89' lang='lat' dir='ltr'><em>sicuti</em></span> <span class='ocrx_word' id='word_1_194' title='bbox 422 2978 629 3091; x_wconf 87' lang='lat' dir='ltr'><em>contingit</em></span> <span class='ocrx_word' id='word_1_195' title='bbox 657 2975 735 3062; x_wconf 91' lang='lat' dir='ltr'><em>hoc</em></span> <span class='ocrx_word' id='word_1_196' title='bbox 763 2979 807 3064; x_wconf 86' lang='lat' dir='ltr'><em>in</em></span> <span class='ocrx_word' id='word_1_197' title='bbox 829 2980 985 3066; x_wconf 87' lang='lat' dir='ltr'><em>aestivo</em></span> <span class='ocrx_word' id='word_1_198' title='bbox 1001 2985 1198 3093; x_wconf 87' lang='lat' dir='ltr'><em>tempore,</em></span> <span class='ocrx_word' id='word_1_199' title='bbox 1228 2984 1393 3095; x_wconf 87' lang='lat' dir='ltr'><em>qnando</em></span> <span class='ocrx_word' id='word_1_200' title='bbox 1413 2980 1560 3092; x_wconf 89' lang='lat' dir='ltr'><em>grandi</em></span> <span class='ocrx_word' id='word_1_201' title='bbox 1580 2979 1681 3064; x_wconf 83' lang='lat' dir='ltr'><em>hora</em></span> 
     </span>
     <span class='ocr_line' id='line_1_23' title="bbox 269 3109 1681 3222; baseline 0 -28"><span class='ocrx_word' id='word_1_202' title='bbox 269 3110 349 3195; x_wconf 85' lang='lat' dir='ltr'><em>diei</em></span> <span class='ocrx_word' id='word_1_203' title='bbox 378 3110 592 3222; x_wconf 87' lang='lat' dir='ltr'><em>peragitur</em></span> <span class='ocrx_word' id='word_1_204' title='bbox 619 3111 858 3220; x_wconf 82' lang='lat' dir='ltr'><em>capitulum.</em></span> <span class='ocrx_word' id='word_1_205' title='bbox 918 3112 961 3200; x_wconf 90' lang='lat' dir='ltr'><em>Si</em></span> <span class='ocrx_word' id='word_1_206' title='bbox 990 3119 1128 3199; x_wconf 90' lang='lat' dir='ltr'><em>autem</em></span> <span class='ocrx_word' id='word_1_207' title='bbox 1165 3114 1281 3201; x_wconf 82' lang='lat' dir='ltr'><em>tarde</em></span> <span class='ocrx_word' id='word_1_208' title='bbox 1312 3113 1542 3222; x_wconf 86' lang='lat' dir='ltr'><em>completur</em></span> <span class='ocrx_word' id='word_1_209' title='bbox 1568 3109 1681 3220; x_wconf 87' lang='lat' dir='ltr'><em>cupi·</em></span> 
     </span>
     <span class='ocr_line' id='line_1_24' title="bbox 267 3239 1680 3354; baseline -0.001 -29"><span class='ocrx_word' id='word_1_210' title='bbox 267 3243 411 3342; x_wconf 85' lang='lat' dir='ltr'><em>tulum,</em></span> <span class='ocrx_word' id='word_1_211' title='bbox 441 3241 469 3328; x_wconf 86' lang='lat' dir='ltr'><em>i.</em></span> <span class='ocrx_word' id='word_1_212' title='bbox 494 3269 527 3326; x_wconf 90' lang='lat' dir='ltr'><em>e.</em></span> <span class='ocrx_word' id='word_1_213' title='bbox 553 3239 640 3348; x_wconf 86' lang='lat' dir='ltr'><em>jem</em></span> <span class='ocrx_word' id='word_1_214' title='bbox 669 3243 893 3354; x_wconf 89' lang='lat' dir='ltr'><em>incipiente</em></span> <span class='ocrx_word' id='word_1_215' title='bbox 915 3249 1048 3348; x_wconf 88' lang='lat' dir='ltr'><em>nocte,</em></span> <span class='ocrx_word' id='word_1_216' title='bbox 1079 3245 1200 3330; x_wconf 88' lang='lat' dir='ltr'><em>debet</em></span> <span class='ocrx_word' id='word_1_217' title='bbox 1218 3242 1385 3328; x_wconf 81' lang='lat' dir='ltr'><em>accendi</em></span> <span class='ocrx_word' id='word_1_218' title='bbox 1408 3244 1480 3328; x_wconf 85' lang='lat' dir='ltr'><em>illa</em></span> <span class='ocrx_word' id='word_1_219' title='bbox 1498 3242 1680 3343; x_wconf 85' lang='lat' dir='ltr'><em>candela,</em></span> 
     </span>
     <span class='ocr_line' id='line_1_25' title="bbox 268 3371 1803 3485; baseline -0.001 -29"><span class='ocrx_word' id='word_1_220' title='bbox 268 3373 362 3457; x_wconf 88' lang='lat' dir='ltr'><em>duur</em></span> <span class='ocrx_word' id='word_1_221' title='bbox 393 3374 434 3458; x_wconf 89' lang='lat' dir='ltr'><em>in</em></span> <span class='ocrx_word' id='word_1_222' title='bbox 463 3372 645 3485; x_wconf 89' lang='lat' dir='ltr'><em>capitulo</em></span> <span class='ocrx_word' id='word_1_223' title='bbox 677 3374 845 3475; x_wconf 85' lang='lat' dir='ltr'><em>sedent,</em></span> <span class='ocrx_word' id='word_1_224' title='bbox 889 3373 1009 3461; x_wconf 89' lang='lat' dir='ltr'><em>sicuti</em></span> <span class='ocrx_word' id='word_1_225' title='bbox 1048 3375 1091 3460; x_wconf 87' lang='lat' dir='ltr'><em>in</em></span> <span class='ocrx_word' id='word_1_226' title='bbox 1124 3375 1278 3460; x_wconf 89' lang='lat' dir='ltr'><em>-hiemis</em></span> <span class='ocrx_word' id='word_1_227' title='bbox 1317 3381 1517 3485; x_wconf 77' lang='lat' dir='ltr'><em>ternpore·</em></span> <span class='ocrx_word' id='word_1_228' title='bbox 1571 3371 1680 3456; x_wconf 84' lang='lat' dir='ltr'><em>Con·</em></span> <span class='ocrx_word' id='word_1_229' title='bbox 1801 3381 1803 3391; x_wconf 90' lang='lat'>&#39;</span> 
     </span>
     <span class='ocr_line' id='line_1_26' title="bbox 267 3503 1675 3616; baseline -0.001 -30"><span class='ocrx_word' id='word_1_230' title='bbox 267 3505 455 3588; x_wconf 85' lang='lat' dir='ltr'><em>ferendus</em></span> <span class='ocrx_word' id='word_1_231' title='bbox 485 3511 548 3588; x_wconf 88' lang='lat' dir='ltr'><em>est</em></span> <span class='ocrx_word' id='word_1_232' title='bbox 583 3505 661 3589; x_wconf 88' lang='lat' dir='ltr'><em>iste</em></span> <span class='ocrx_word' id='word_1_233' title='bbox 697 3503 832 3609; x_wconf 88' lang='lat' dir='ltr'><em>icens,</em></span> <span class='ocrx_word' id='word_1_234' title='bbox 874 3505 917 3590; x_wconf 88' lang='lat' dir='ltr'><em>in</em></span> <span class='ocrx_word' id='word_1_235' title='bbox 947 3535 1029 3616; x_wconf 89' lang='lat' dir='ltr'><em>quo</em></span> <span class='ocrx_word' id='word_1_236' title='bbox 1059 3505 1210 3591; x_wconf 89' lang='lat' dir='ltr'><em>dicitur</em></span> <span class='ocrx_word' id='word_1_237' title='bbox 1250 3505 1412 3590; x_wconf 85' lang='lat' dir='ltr'><em>solliciti</em></span> <span class='ocrx_word' id='word_1_238' title='bbox 1439 3505 1543 3604; x_wconf 84' lang='lat' dir='ltr'><em>siat,</em></span> <span class='ocrx_word' id='word_1_239' title='bbox 1584 3531 1675 3587; x_wconf 86' lang='lat' dir='ltr'><em>euru</em></span> 
     </span>
     <span class='ocr_line' id='line_1_27' title="bbox 265 3634 1809 3739; baseline -0.002 -19"><span class='ocrx_word' id='word_1_240' title='bbox 265 3634 348 3737; x_wconf 86' lang='lat' dir='ltr'><em>illo,</em></span> <span class='ocrx_word' id='word_1_241' title='bbox 378 3635 450 3719; x_wconf 89' lang='lat' dir='ltr'><em>ubi</em></span> <span class='ocrx_word' id='word_1_242' title='bbox 479 3635 600 3722; x_wconf 86' lang='lat' dir='ltr'><em>dicit:</em></span> <span class='ocrx_word' id='word_1_243' title='bbox 627 3635 735 3739; x_wconf 80' lang='lat' dir='ltr'><em>toris</em></span> <span class='ocrx_word' id='word_1_244' title='bbox 762 3643 896 3722; x_wconf 71' lang='lat' dir='ltr'><em>cutm</em></span> <span class='ocrx_word' id='word_1_245' title='bbox 924 3637 984 3723; x_wconf 87' lang='lat' dir='ltr'><em>oet</em></span> <span class='ocrx_word' id='word_1_246' title='bbox 1012 3637 1082 3723; x_wconf 77' lang='lat' dir='ltr'><em>idi</em></span> <span class='ocrx_word' id='word_1_247' title='bbox 1107 3644 1145 3723; x_wconf 92' lang='lat' dir='ltr'><em>et</em></span> <span class='ocrx_word' id='word_1_248' title='bbox 1162 3638 1231 3722; x_wconf 71' lang='lat' dir='ltr'><em>eoi</em></span> <span class='ocrx_word' id='word_1_249' title='bbox 1256 3635 1476 3722; x_wconf 81' lang='lat' dir='ltr'><em>costodiens</em></span> <span class='ocrx_word' id='word_1_250' title='bbox 1496 3636 1680 3721; x_wconf 82' lang='lat' dir='ltr'><em>trodeoret.</em></span> <span class='ocrx_word' id='word_1_251' title='bbox 1803 3681 1809 3694; x_wconf 90' lang='lat'><strong>·</strong></span> 
     </span>
     <span class='ocr_line' id='line_1_28' title="bbox 266 3763 1701 3879; baseline 0.001 -32"><span class='ocrx_word' id='word_1_252' title='bbox 266 3763 520 3879; x_wconf 83' lang='lat' dir='ltr'><em>intelligitur</em></span> <span class='ocrx_word' id='word_1_253' title='bbox 539 3777 694 3869; x_wconf 84' lang='lat' dir='ltr'><em>sutem,</em></span> <span class='ocrx_word' id='word_1_254' title='bbox 721 3772 769 3853; x_wconf 89' lang='lat' dir='ltr'><em>ut</em></span> <span class='ocrx_word' id='word_1_255' title='bbox 784 3795 867 3853; x_wconf 89' lang='lat' dir='ltr'><em>non</em></span> <span class='ocrx_word' id='word_1_256' title='bbox 879 3767 1011 3854; x_wconf 88' lang='lat' dir='ltr'><em>selum</em></span> <span class='ocrx_word' id='word_1_257' title='bbox 1024 3769 1168 3854; x_wconf 85' lang='lat' dir='ltr'><em>ardeat</em></span> <span class='ocrx_word' id='word_1_258' title='bbox 1185 3770 1353 3854; x_wconf 86' lang='lat' dir='ltr'><em>eurrdelu</em></span> <span class='ocrx_word' id='word_1_259' title='bbox 1365 3770 1409 3854; x_wconf 90' lang='lat' dir='ltr'><em>in</em></span> <span class='ocrx_word' id='word_1_260' title='bbox 1421 3766 1674 3868; x_wconf 88' lang='lat' dir='ltr'><em>dormitorio,</em></span> <span class='ocrx_word' id='word_1_261' title='bbox 1699 3804 1701 3835; x_wconf 62' lang='grc' dir='ltr'>ι</span> 
     </span>
     <span class='ocr_line' id='line_1_29' title="bbox 266 3899 1822 4022; baseline -0.001 -41"><span class='ocrx_word' id='word_1_262' title='bbox 266 3925 404 3983; x_wconf 87' lang='lat' dir='ltr'><em>verum</em></span> <span class='ocrx_word' id='word_1_263' title='bbox 436 3900 560 4022; x_wconf 80' lang='lat' dir='ltr'><em>etiem</em></span> <span class='ocrx_word' id='word_1_264' title='bbox 589 3899 633 3982; x_wconf 86' lang='lat' dir='ltr'><em>in</em></span> <span class='ocrx_word' id='word_1_265' title='bbox 657 3899 783 4002; x_wconf 88' lang='lat' dir='ltr'><em>exitu,</em></span> <span class='ocrx_word' id='word_1_266' title='bbox 814 3899 913 4012; x_wconf 84' lang='lat' dir='ltr'><em>quia</em></span> <span class='ocrx_word' id='word_1_267' title='bbox 940 3899 1008 3986; x_wconf 78' lang='lat' dir='ltr'><em>aot</em></span> <span class='ocrx_word' id='word_1_268' title='bbox 1037 3907 1074 3985; x_wconf 91' lang='lat' dir='ltr'><em>et</em></span> <span class='ocrx_word' id='word_1_269' title='bbox 1100 3899 1169 3985; x_wconf 77' lang='lat' dir='ltr'><em>eriri</em></span> <span class='ocrx_word' id='word_1_270' title='bbox 1197 3929 1280 3985; x_wconf 91' lang='lat' dir='ltr'><em>nou</em></span> <span class='ocrx_word' id='word_1_271' title='bbox 1301 3904 1474 4010; x_wconf 89' lang='lat' dir='ltr'><em>possunt</em></span> <span class='ocrx_word' id='word_1_272' title='bbox 1500 3899 1679 3990; x_wconf 82' lang='lat' dir='ltr'><em>seniores</em></span> <span class='ocrx_word' id='word_1_273' title='bbox 1820 3969 1822 3972; x_wconf 95' lang='lat'>.</span> 
     </span>
     <span class='ocr_line' id='line_1_30' title="bbox 263 4021 1826 4141; baseline -0.001 -29"><span class='ocrx_word' id='word_1_274' title='bbox 263 4029 603 4117; x_wconf 82' lang='lat' dir='ltr'><em>adolescentiores</em></span> <span class='ocrx_word' id='word_1_275' title='bbox 631 4031 853 4136; x_wconf 83' lang='lat' dir='ltr'><em>custodire,</em></span> <span class='ocrx_word' id='word_1_276' title='bbox 882 4031 962 4119; x_wconf 89' lang='lat' dir='ltr'><em>uisi</em></span> <span class='ocrx_word' id='word_1_277' title='bbox 990 4032 1127 4141; x_wconf 87' lang='lat' dir='ltr'><em>fuerit,</em></span> <span class='ocrx_word' id='word_1_278' title='bbox 1149 4023 1262 4118; x_wconf 71' lang='lat' dir='ltr'><em>&#39;sieut</em></span> <span class='ocrx_word' id='word_1_279' title='bbox 1292 4031 1398 4138; x_wconf 90' lang='lat' dir='ltr'><em>dixi,</em></span> <span class='ocrx_word' id='word_1_280' title='bbox 1429 4027 1597 4124; x_wconf 77' lang='lat' dir='ltr'><em>candela</em></span> <span class='ocrx_word' id='word_1_281' title='bbox 1625 4027 1678 4112; x_wconf 91' lang='lat' dir='ltr'><em>ud</em></span> <span class='ocrx_word' id='word_1_282' title='bbox 1824 4021 1826 4026; x_wconf 67' lang='grc'>’</span> 
     </span>
     <span class='ocr_line' id='line_1_31' title="bbox 263 4151 1939 4261; baseline -0.002 -17"><span class='ocrx_word' id='word_1_283' title='bbox 263 4160 429 4252; x_wconf 89' lang='lat' dir='ltr'><em>exitum.</em></span> <span class='ocrx_word' id='word_1_284' title='bbox 486 4162 595 4249; x_wconf 86' lang='lat' dir='ltr'><em>Num</em></span> <span class='ocrx_word' id='word_1_285' title='bbox 633 4163 726 4249; x_wconf 85' lang='lat' dir='ltr'><em>tulis</em></span> <span class='ocrx_word' id='word_1_286' title='bbox 766 4163 889 4250; x_wconf 87' lang='lat' dir='ltr'><em>debet</em></span> <span class='ocrx_word' id='word_1_287' title='bbox 933 4191 1018 4250; x_wconf 85' lang='lat' dir='ltr'><em>esee</em></span> <span class='ocrx_word' id='word_1_288' title='bbox 1053 4165 1238 4251; x_wconf 84' lang='lat' dir='ltr'><em>custodis</em></span> <span class='ocrx_word' id='word_1_289' title='bbox 1265 4165 1493 4261; x_wconf 81' lang='lat' dir='ltr'><em>intentum:</em></span> <span class='ocrx_word' id='word_1_290' title='bbox 1538 4161 1675 4245; x_wconf 87' lang='lat' dir='ltr'><em>decern</em></span> <span class='ocrx_word' id='word_1_291' title='bbox 1752 4225 1755 4231; x_wconf 59' lang='grc'>,</span> <span class='ocrx_word' id='word_1_292' title='bbox 1936 4151 1939 4160; x_wconf 71' lang='grc'>’</span> 
     </span>
     <span class='ocr_line' id='line_1_32' title="bbox 262 4291 1677 4407; baseline -0.001 -32"><span class='ocrx_word' id='word_1_293' title='bbox 262 4293 370 4378; x_wconf 87' lang='lat' dir='ltr'><em>enim</em></span> <span class='ocrx_word' id='word_1_294' title='bbox 397 4293 577 4382; x_wconf 85' lang='lat' dir='ltr'><em>infantes</em></span> <span class='ocrx_word' id='word_1_295' title='bbox 605 4295 759 4381; x_wconf 87' lang='lat' dir='ltr'><em>debent</em></span> <span class='ocrx_word' id='word_1_296' title='bbox 785 4299 870 4380; x_wconf 88' lang='lat' dir='ltr'><em>tres</em></span> <span class='ocrx_word' id='word_1_297' title='bbox 898 4295 963 4382; x_wconf 90' lang='lat' dir='ltr'><em>vel</em></span> <span class='ocrx_word' id='word_1_298' title='bbox 993 4301 1174 4407; x_wconf 85' lang='lat' dir='ltr'><em>quatuor</em></span> <span class='ocrx_word' id='word_1_299' title='bbox 1202 4295 1355 4381; x_wconf 88' lang='lat' dir='ltr'><em>habere</em></span> <span class='ocrx_word' id='word_1_300' title='bbox 1383 4295 1576 4403; x_wconf 87' lang='lat' dir='ltr'><em>majores,</em></span> <span class='ocrx_word' id='word_1_301' title='bbox 1606 4291 1677 4400; x_wconf 89' lang='lat' dir='ltr'><em>qui</em></span> 
     </span>
     <span class='ocr_line' id='line_1_33' title="bbox 262 4421 1677 4538; baseline 0.001 -33"><span class='ocrx_word' id='word_1_302' title='bbox 262 4421 353 4509; x_wconf 90' lang='lat' dir='ltr'><em>illos</em></span> <span class='ocrx_word' id='word_1_303' title='bbox 381 4425 648 4526; x_wconf 68' lang='lat' dir='ltr'><em>custodiaris</em></span> <span class='ocrx_word' id='word_1_304' title='bbox 693 4453 732 4510; x_wconf 91' lang='lat' dir='ltr'><em>v.</em></span> <span class='ocrx_word' id='word_1_305' title='bbox 760 4454 824 4538; x_wconf 87' lang='lat' dir='ltr'><em>gr.</em></span> <span class='ocrx_word' id='word_1_306' title='bbox 863 4425 898 4512; x_wconf 89' lang='lat' dir='ltr'><em>si</em></span> <span class='ocrx_word' id='word_1_307' title='bbox 927 4453 1032 4514; x_wconf 89' lang='lat' dir='ltr'><em>unus</em></span> <span class='ocrx_word' id='word_1_308' title='bbox 1063 4427 1127 4512; x_wconf 86' lang='lat' dir='ltr'><em>vel</em></span> <span class='ocrx_word' id='word_1_309' title='bbox 1155 4427 1237 4513; x_wconf 92' lang='lat' dir='ltr'><em>duo</em></span> <span class='ocrx_word' id='word_1_310' title='bbox 1265 4423 1443 4538; x_wconf 87' lang='lat' dir='ltr'><em>deipsis</em></span> <span class='ocrx_word' id='word_1_311' title='bbox 1471 4423 1677 4535; x_wconf 90' lang='lat' dir='ltr'><em>magistris</em></span> 
     </span>
     <span class='ocr_line' id='line_1_34' title="bbox 90 4554 1674 4681; baseline 0.002 -44"><span class='ocrx_word' id='word_1_312' title='bbox 90 4655 94 4662; x_wconf 25' lang='grc' dir='ltr'>Ι</span> <span class='ocrx_word' id='word_1_313' title='bbox 261 4554 477 4642; x_wconf 84' lang='lat' dir='ltr'><em>servierint</em></span> <span class='ocrx_word' id='word_1_314' title='bbox 510 4556 552 4644; x_wconf 90' lang='lat' dir='ltr'><em>in</em></span> <span class='ocrx_word' id='word_1_315' title='bbox 594 4557 795 4672; x_wconf 84' lang='lat' dir='ltr'><em>coquina,</em></span> <span class='ocrx_word' id='word_1_316' title='bbox 837 4559 908 4647; x_wconf 84' lang='lat' dir='ltr'><em>a&#39;lii</em></span> <span class='ocrx_word' id='word_1_317' title='bbox 944 4560 1030 4672; x_wconf 78' lang='lat' dir='ltr'><em>sint</em></span> <span class='ocrx_word' id='word_1_318' title='bbox 1065 4588 1158 4647; x_wconf 92' lang='lat' dir='ltr'><em>cum</em></span> <span class='ocrx_word' id='word_1_319' title='bbox 1187 4557 1286 4671; x_wconf 87' lang='lat' dir='ltr'><em>ipsis</em></span> <span class='ocrx_word' id='word_1_320' title='bbox 1315 4555 1562 4681; x_wconf 70' lang='lat' dir='ltr'><em>infantibus,</em></span> <span class='ocrx_word' id='word_1_321' title='bbox 1605 4555 1674 4668; x_wconf 91' lang='lat' dir='ltr'><em>qui</em></span> 
     </span>
    </p>
   </div>
   <div class='ocr_carea' id='block_1_3' title="bbox 253 4839 1948 5206">
    <p class='ocr_par' dir='ltr' id='par_1_4' title="bbox 253 4839 1948 5206">
     <span class='ocr_line' id='line_1_35' title="bbox 287 4839 1948 5017; baseline 0.021 -80"><span class='ocrx_word' id='word_1_322' title='bbox 287 4909 295 4991; x_wconf 86' lang='lat'><em>&#39;.</em></span> <span class='ocrx_word' id='word_1_323' title='bbox 340 4893 379 5017; x_wconf 60' lang='lat' dir='ltr'><em>p)</em></span> <span class='ocrx_word' id='word_1_324' title='bbox 402 4887 500 4966; x_wconf 59' lang='lat'><em>1122,</em></span> <span class='ocrx_word' id='word_1_325' title='bbox 522 4887 701 4964; x_wconf 52' lang='lat' dir='ltr'><em>sententia</em></span> <span class='ocrx_word' id='word_1_326' title='bbox 722 4889 839 4966; x_wconf 76' lang='lat' dir='ltr'><em>errore</em></span> <span class='ocrx_word' id='word_1_327' title='bbox 861 4881 919 4966; x_wconf 88' lang='lat' dir='ltr'><em>hie</em></span> <span class='ocrx_word' id='word_1_328' title='bbox 940 4891 1060 4985; x_wconf 85' lang='lat' dir='ltr'><em>positu</em></span> <span class='ocrx_word' id='word_1_329' title='bbox 1081 4891 1129 4966; x_wconf 80' lang='lat' dir='ltr'><em>sd</em></span> <span class='ocrx_word' id='word_1_330' title='bbox 1149 4887 1349 4964; x_wconf 86' lang='lat' dir='ltr'><em>interiorem</em></span> <span class='ocrx_word' id='word_1_331' title='bbox 1369 4887 1516 4982; x_wconf 82' lang='lat' dir='ltr'><em>regulus</em></span> <span class='ocrx_word' id='word_1_332' title='bbox 1537 4891 1697 4962; x_wconf 76' lang='lat' dir='ltr'><em>textum&#39;</em></span> <span class='ocrx_word' id='word_1_333' title='bbox 1826 4841 1849 4920; x_wconf 74' lang='grc' dir='ltr'><em> </em></span> <span class='ocrx_word' id='word_1_334' title='bbox 1872 4945 1881 4977; x_wconf 69' lang='grc'><em>·,</em></span> <span class='ocrx_word' id='word_1_335' title='bbox 1912 4839 1948 4874; x_wconf 19' lang='lat'><em>⁴¹</em></span> 
     </span>
     <span class='ocr_line' id='line_1_36' title="bbox 253 5004 900 5206; baseline 0.012 -26"><span class='ocrx_word' id='word_1_336' title='bbox 253 5004 500 5203; x_wconf 55' lang='lat' dir='ltr'><em>&#39;mmiieiiertc</em></span> <span class='ocrx_word' id='word_1_337' title='bbox 521 5109 733 5206; x_wconf 78' lang='lat' dir='ltr'><em>legendum:</em></span> <span class='ocrx_word' id='word_1_338' title='bbox 755 5119 900 5188; x_wconf 69' lang='lat' dir='ltr'><em>comm.</em></span> 
     </span>
    </p>
   </div>
   <div class='ocr_carea' id='block_1_4' title="bbox 0 0 1992 5778">
    <p class='ocr_par' dir='ltr' id='par_1_5' title="bbox 0 0 1992 5778">
     <span class='ocr_line' id='line_1_37' title="bbox 0 0 1992 5778; baseline 0 5"><span class='ocrx_word' id='word_1_339' title='bbox 0 0 1992 5778; x_wconf 95' lang='lat' dir='ltr'><em> </em></span> 
     </span>
    </p>
   </div>
  </div>
 </body>
</html>
