3974 5778
856 177 941 272 Gap.
966 175 1060 254 xxi
1578 171 1659 270 323

139 398 142 402 ’
252 401 394 517 regula
423 400 565 511 jubet,
603 399 681 485 hoc
710 401 770 488 ita
809 400 920 506 ficri,
961 402 1033 487 nbi
1068 401 1167 488 dicit
1202 401 1443 510 supplicatio
1477 401 1658 495 litaniae.

252 540 351 627 cum
386 534 495 618 enim
523 531 625 618 dicit
660 529 901 640 supplicatio
929 531 1114 634 litaniae,
1156 533 1279 619 datur
1314 533 1511 648 intelligi,
1556 565 1659 647 qua·
1800 649 1803 656 Ι

253 677 371 753 tenus
397 663 583 783 ‘dicendo
620 663 755 772 Kp'cie
781 661 928 750 cleison
970 665 1244 774 genuflectere
1280 667 1478 768 debeant,
1522 674 1562 752 et
1599 672 1658 755 sic

252 795 358 882 finiri
386 794 706 905 unumquodque
735 793 917 880 cilicium
947 795 1120 881 dicendo
1150 797 1376 884 orationem
1410 799 1656 886 dominicani

252 954 321 1015 sea
348 931 391 1010 et
417 923 611 1035 capitula,
639 953 743 1035 quae
771 927 962 1014 instituta
990 927 1157 1030 fuerint,
1185 933 1310 1038 atquc
1330 930 1549 1014 sacerdotis
1569 960 1660 1016 ora·

250 1059 427 1161 tionem,
469 1085 591 1166 quarn
629 1057 752 1142 debet
785 1063 880 1169 post
914 1060 1164 1167 celebratum
1195 1059 1373 1144 osticium
1412 1062 1685 1172 complendo·
1740 1123 1744 1130 -
1854 1135 1860 1149 .
1929 1081 1932 1088 '

209 1231 211 1234 ·
250 1192 393 1275 dicere.

818 1391 920 1498 Cup.
953 1387 1083 1478 XXI.

611 1571 680 1648 DB
709 1571 933 1651 nectura
963 1572 1296 1656 MONASTEBII.

355 1717 450 1804 Jarn
467 1717 564 1829 quia
577 1717 623 1806 B.
642 1719 888 1804 Benedictus
901 1720 1062 1804 dixerat
1081 1721 1132 1804 dc
1152 1719 1298 1804 officiis
1314 1720 1477 1828 divinis,
1495 1728 1537 1806 ct
1555 1723 1659 1807 dixit

249 1853 298 1936 dc
325 1849 555 1934 reverentia
584 1851 801 1954 orationis,
831 1879 941 1935 nunc
970 1881 1077 1937 novo
1107 1853 1251 1937 ordine
1279 1853 1532 1965 aggreditur,
1564 1882 1656 1940 curn

215 1985 299 2104 ,de
333 1981 496 2067 decanis
535 1981 772 2102 monasterii
812 1983 1007 2093 disponit.
1068 1985 1179 2070 Dicit
1215 1987 1348 2070 eninr:
1391 1983 1457 2070 Dc
1495 1985 1659 2071 datariis

246 2113 493 2207 rrrcnustorii.
548 2112 681 2217 Bene,
718 2143 812 2199 curn
845 2115 950 2200 dixit
979 2114 1044 2200 Dc
1072 2117 1250 2220 decanis,
1278 2117 1490 2226 subjunxit
1517 2143 1659 2202 mouc-

247 2245 374 2350 stcrii,
404 2246 498 2356 qnia
529 2255 627 2329 sunt
653 2250 697 2329 et
725 2245 855 2356 plebis
887 2247 1044 2334 decani.
1090 2247 1163 2332 Ait
1180 2247 1313 2334 oninrr
1345 2247 1544 2355 Sinrujor
1564 2275 1658 2336 con·

244 2375 423 2484 propotio
448 2377 593 2484 sicorii,
632 2375 833 2481 stipantur
869 2379 920 2461 ilc
956 2378 1061 2484 ipsis
1089 2377 1292 2482 lintribus
1321 2377 1414 2463 licui
1441 2379 1660 2463 tostirnouii

247 2513 283 2591 ot
312 2513 476 2590 sarrana
503 2505 815 2592 corrccraationis
847 2515 883 2592 ct
911 2509 1204 2593 corretituuutur
1232 2507 1386 2611 decurri,
1415 2511 1485 2616 qni
1509 2509 1657 2595 solliei-

115 2687 120 2698 ·
251 2638 427 2723 {ordinem
453 2643 598 2747 perurit
625 2662 748 2744 snper
775 2639 966 2724 decanias
994 2665 1104 2725 arras.
1156 2637 1343 2723 Beaanus
1373 2639 1480 2724 enirn
1510 2640 1660 2725 dicitnr

246 2772 337 2874 ille,
382 2771 452 2882 qui
481 2800 603 2881 super
632 2771 772 2856 decem
801 2775 884 2872 est,
910 2798 973 2854 eo
1011 2769 1120 2883 quod
1158 2771 1349 2855 adecern
1388 2768 1538 2853 dicitur
1571 2787 1678 2854 esse¹

246 2904 434 2988 decanus.
478 2901 526 2986 ln
546 2903 624 2988 lroc
645 2905 748 3004 loco,
773 2887 1251 3007 continuarentur,
1276 2902 1444 3011 pluralis
1465 2929 1659 2985 nurnerns
1726 2929 1730 2938 ·

246 3064 331 3118 osse
370 3034 620 3135 ostenditnr3
663 3039 724 3116 est
763 3032 871 3115 enirn
916 3035 1193 3117 nominativus
1231 3061 1346 3118 casus
1383 3031 1574 3145 pluralis,
1617 3040 1659 3118 et
1725 3046 1730 3057 '

246 3167 335 3250 ideo
373 3171 545 3275 possiunt
579 3155 701 3248 etium
741 3163 791 3244 (le
832 3162 990 3246 duobus
1032 3163 1110 3248 dici
1150 3165 1305 3251 decani.
1370 3167 1431 3249 Ac
1470 3191 1542 3272 per
1582 3163 1658 3248 hoc
1732 3183 1735 3190 '
1789 3238 1792 3244 ,
1896 3235 1898 3238 .
1937 3157 1959 3257 ‚³

246 3327 335 3383 curn
364 3299 407 3385 S.
437 3295 679 3381 Benedictus
709 3295 809 3380 dicit
852 3294 891 3377 si
917 3295 1052 3400 rrtojor
1090 3297 1342 3404 corrprcpatio
1371 3301 1450 3399 cst,
1499 3295 1660 3380 videtur
1740 3397 1744 3406 1

247 3433 375 3542 major
398 3431 487 3539 jain
516 3428 784 3540 congregatio
814 3455 900 3512 esse
929 3427 979 3511 de
1008 3427 1158 3537 viginti
1189 3427 1411 3530 monachis,
1453 3429 1551 3539 quia
1577 3430 1658 3513 ‹lno

244 3563 384 3648 deceni
414 3588 537 3671 super
564 3559 714 3670 viginti
744 3564 915 3669 possunt
944 3560 1038 3661 dici,
1069 3561 1277 3671 eoquod,
1307 3561 1414 3645 siout
1437 3559 1522 3668 juin
1553 3560 1659 3644 dixi·

245 3722 355 3798 rnns‚
398 3693 574 3777 decanus
611 3691 802 3775 adecern
839 3692 973 3774 dictus
1003 3699 1082 3793 est,
1127 3719 1364 3803 quanquam
1400 3693 1531 3799 major
1560 3720 1659 3776 con·

94 3813 96 3820 J
245 3823 432 3934 progatio
463 3822 683 3906 secrunlunr
706 3850 825 3914 usum
849 3822 900 3905 de
922 3823 1198 3932 qrradrngintu
1226 3832 1268 3917 et
1289 3821 1464 3932 triginta
1486 3822 1672 3911 dicatur.·

204 4047 207 4054 ¹
245 3953 536 4037 Vernrntrunen
567 3980 801 4065 quanquarn
831 3953 991 4037 dicatur
1021 3948 1226 4054 (tetanus,
1270 3951 1337 4062 qui
1368 3977 1489 4060 snper
1518 3952 1656 4036 ‹leoenr

244 4089 318 4188 est,
347 4091 486 4169 tamen
517 4083 739 4168 secundum
771 4111 887 4168 usum
917 4081 1041 4166 ctiam
1072 4083 1142 4193 qui
1172 4110 1294 4192 super
1323 4081 1553 4190 quindecim
1584 4091 1658 4186 est,

245 4221 381 4324 potest
416 4215 497 4301 dici
536 4215 726 4301 decanus.
783 4215 982 4300 Similiter
1024 4218 1197 4326 possunt
1235 4213 1359 4297 etiam
1401 4213 1499 4323 poni
1538 4241 1660 4323 super
1790 4273 1793 4278 ‚

243 4347 417 4457 triginta
445 4347 527 4432 duo
556 4345 711 4444 decani.
770 4346 827 4430 Bt
856 4347 957 4432 bene
987 4346 1086 4432 dicit
1123 4347 1345 4454 elipcrrtur,
1385 4354 1426 4428 et
1455 4373 1536 4428 nou
1565 4351 1658 4428 tan·

128 4571 136 4584 .
243 4483 331 4560 turn
362 4485 592 4584 potiuntur,
636 4479 735 4591 quia
772 4479 845 4562 nbi
887 4481 1035 4564 electio
1078 4483 1160 4583 cst,
1202 4476 1356 4560 bonum
1394 4481 1659 4584 separatura
1705 4515 1709 4528 ·

244 4609 376 4711 rnalor
402 4603 563 4696 ⁸deinde
600 4595 697 4724 qaia
736 4637 821 4697 non
862 4610 1158 4722 qualiscunque
1196 4608 1319 4691 debet
1346 4631 1432 4688 esse
1467 4605 1657 4708 decanus,

113 4725 118 4742 ’
241 4739 329 4826 sed·
345 4743 489 4845 bonus,
519 4741 610 4828 ideo
630 4741 671 4828 S.
695 4738 942 4828 Benedictus
971 4741 1077 4826 dixit
1105 4738 1315 4851 clipuntur,
1345 4732 1462 4848 quusi
1480 4733 1634 4820 diceret
1647 4764 1663 4818 r-

242 4873 418 4983 separati
445 4904 471 4959 a
499 4873 821 4986 negligentibus.
878 4871 925 4958 ln
955 4901 1004 4961 co
1033 4871 1142 4985 quod
1171 4869 1272 4955 dicit
1300 4863 1480 4971 deipsis
1511 4865 1658 4969 fratri

140 5039 149 5060 ·
243 5003 328 5111 tua,
356 5006 604 5109 manilestat,
627 5007 822 5116 quianon
843 5006 996 5092 debent
1015 5001 1110 5090 'esse
1137 5001 1318 5087 aliunde.
1377 4996 1484 5083 Num
1513 4999 1653 5109 quales
1735 5042 1738 5049 Δ
1811 5059 1826 5084 -.

243 5136 419 5223 debcant
446 5167 533 5226 esso
563 5136 718 5244 deceni,
759 5137 996 5225 manifestet
1022 5135 1173 5220 iterum
1200 5161 1305 5236 cum,
1321 5129 1537 5353 sgbjpnxit
1566 5129 1659 5215 boni

1184 5283 1187 5292 '
1376 5268 1395 5352 l
