3930 5788
928 153 1013 244 (lep.
1031 143 1122 226 'nxl
1323 133 1324 137 Ἰ
1646 165 1725 246 565
1877 251 1879 256 ,

318 376 472 458 secreta
514 369 687 453 rimatur
724 372 846 480 juxta
882 371 1010 456 illud:
1049 374 1180 462 Homo
1222 379 1327 463 videt
1352 379 1410 491 χὶιι
1446 377 1574 484 socie,
1611 379 1726 464 Doara
1786 475 1789 482 ,

318 508 448 586 aortooo
477 502 521 584 ia
550 499 679 588 eorda
737 504 821 586 llas
859 529 958 614 ergo
996 504 1134 590 literas
1162 508 1256 594 ideo·
1282 508 1341 591 illi
1372 513 1510 619 petere
1537 515 1579 593 et
1606 511 1739 602 nobis,
1768 539 1784 613 ⁴.
1846 557 1848 560 ·
1921 543 1922 546 ι

200 695 203 701 -
316 633 632 739 faeerelibuit,
661 637 708 718 ut
735 633 803 718 ille
840 661 924 719 non
960 636 1091 720 solnm
1130 667 1203 750 pro
1243 641 1420 750 profugo
1460 639 1534 725 aut
1561 642 1723 750 abjecto

314 795 396 851 non
439 765 664 867 habeatur,
695 794 834 852 verum
874 767 995 852 etiam
1036 777 1200 856 nostrae
1235 773 1504 860 humanitatis
1544 779 1608 858 οι·
1620 774 1723 858 eari-

225 921 229 932 ·
314 897 388 983 lut
377 927 410 982 vs
438 925 528 981 eoru
576 897 711 1000 etnda
701 925 795 982 rone
822 927 847 982 a
876 906 964 984 vest
967 929 1011 986 ra
1038 903 1296 990 fraternitate
1333 905 1599 990 libentissime
1636 935 1723 988 sus·
1776 993 1780 1004 ,

311 1030 498 1138 oipiatur.
533 901 770 1116 valeam
788 1029 819 1138 1)
876 1029 993 1114 Salus
1033 1041 1199 1146 aeterua
1239 1036 1334 1120 et'
1323 1063 1366 1118 ru
1407 1035 1485 1122 hoo
1514 1041 1720 1146 praesenti

311 1169 493 1282 ternpore
522 1160 638 1244 volvis
668 1160 910 1272 longaevam
941 1163 1187 1248 salutemet
1145 1166 1257 1250 etin
1288 1168 1428 1250 lutura
1451 1194 1543 1251 enm
1567 1165 1720 1248 sanetis

43 1259 47 1274 ’
185 1385 192 1398 Ι
267 1303 351 1375 -et
379 1290 519 1376 electis
547 1291 837 1400 sempiternam
871 1292 1009 1404 largiri
1039 1294 1184 1405 dignet
1188 1326 1245 1384 ur.
1305 1295 1635 1406 oanxxllllfl)

369 1487 603 1574 Qunnl'rnn
628 1489 736 1576 QUIS
758 1487 866 1562 SlNll
889 1488 1094 1670 Pllpssgsds'll'g
1120 1491 1279 1564 VOTUM
1302 1493 1428 1565 SUUM
1452 1491 1663 1564 souvloun

420 1729 531 1818 Haeo
572 1739 726 1832 vestra,
770 1728 858 1817 nisi
888 1729 1036 1832 fallor,
1076 1732 1158 1816 fuit
1198 1735 1488 1844 iuterrogatio,
1528 1738 1719 1817 utrumne
1822 1843 1824 1846 Ι
1871 1791 1875 1801 ·

311 1870 462 1974 peccet,
493 1869 564 1976 qni
595 1869 736 1950 votum
761 1866 824 1950 vel
847 1863 1178 1950 consuetudinem
1207 1863 1720 1970 cujuslibetboneeaetio·

307 1996 368 2079 nis
399 2003 472 2080 aut
502 2003 673 2108 propter
701 1997 845 2081 melius
874 2025 977 2106 opus
1006 2001 1079 2079 aut
1107 2003 1276 2106 propter
1295 1996 1473 2106 aliquam
1491 1991 1716 2081 eovrtrarie·

308 2115 457 2234 totuin,
486 2158 590 2239 qnae
631 2130 741 2213 bono
770 2157 819 2212 ex
856 2155 977 2239 opere
1014 2133 1255 2236 garreratur,
1284 2133 1358 2210 aut
1385 2135 1520 2213 mutat
1547 2134 1621 2230 eut
1648 2129 1715 2211 de·
1774 2229 1789 2236 .,

306 2261 415 2347 serit.
472 2259 574 2345 Cum
603 2261 732 2372 igitur
760 2257 882 2368 hujus
909 2258 1245 2367 interrogationis
1274 2258 1426 2344 solutio
1456 2259 1498 2343 in
1532 2257 1716 2343 subtilis·

304 2391 414 2476 simis
456 2391 692 2478 dialeetioae
732 2392 832 2477 artis
861 2391 1121 2477 contineatur
1159 2391 1334 2502 regulis,
1364 2398 1644 2476 verumtamen
1674 2395 1715 2473 et
1867 2395 1870 2404 ’

303 2523 381 2608 hae
410 2523 532 2608 modo
561 2527 771 2634 uteunque
800 2523 947 2608 discuti
975 2523 1145 2609 et'solvi
1166 2528 1208 2607 et
1233 2523 1408 2635 intelligi
1428 2528 1585 2633 potest;
1617 2521 1714 2606 feeit
1799 2599 1817 2632 .‚

304 2653 410 2738 enim
442 2653 549 2778 Dens
578 2653 788 2740 lvonrinenv
816 2656 1018 2741 rationale
1044 2653 1198 2739 avrivnal
1227 2661 1271 2740 et
1298 2655 1352 2740 ob
1380 2657 1460 2741 hoe
1489 2655 1615 2764 ipsius
1639 2683 1712 2738 vo·
1838 2653 1840 2656 ’

240 2833 243 2839 ·
302 2786 458 2872 lentate
500 2785 614 2872 nullu
644 2788 921 2897 ,praeferenda
957 2793 1022 2871 eat
1061 2787 1120 2904 ab'
1152 2787 1290 2898 aliquo
1326 2787 1448 2876 aetio.
1507 2784 1584 2884 oui
1614 2813 1710 2869 vero

304 2917 425 3021 bono,
455 2921 564 3030 quod
594 2947 716 3031 agere
744 2919 1041 3020 deliberaverit,
1072 2921 1214 3004 melina
1242 2921 1395 3004 bonnm
1425 2926 1467 3004 et
1492 2918 1712 3014 contrarie·
1754 2967 1756 2972 .

300 3054 426 3133 tatem
456 3079 541 3136 raon
571 3052 741 3154 invenit,
769 3058 811 3135 et
839 3052 897 3136 ita
925 3049 1103 3137 levitatis
1125 3057 1199 3136 aut
1227 3059 1337 3138 oerte
1356 3050 1568 3157 suavitatis
1587 3076 1708 3132 eausa
1749 3093 1751 3099 v
1832 3149 1838 3156 ¹

299 3181 399 3264 illud
435 3179 603 3285 deserit,
645 3183 839 3268 nimirum
882 3190 1046 3294 peceat,
1086 3184 1237 3293 qnippe
1279 3183 1374 3290 quia
1413 3209 1486 3266 nee
1528 3179 1711 3263 melioris

300 3315 434 3422 operis
472 3334 547 3400 nee
587 3315 710 3400 ullius
759 3313 1064 3427 contrarietatis
1105 3344 1225 3400 euersa
1268 3315 1330 3398 vel
1373 3315 1585 3399 voluntate
1635 3318 1710 3397 avet
1835 3303 1837 3310 ’

206 3455 208 3459 ’
301 3472 421 3553 opere
449 3443 569 3530 simul
598 3453 641 3532 et
670 3449 883 3535 voluntate
911 3452 1005 3557 post
1032 3475 1075 3532 ss
1103 3447 1246 3548 rediit,
1275 3473 1367 3531 eum
1397 3443 1626 3532 econtrario
1659 3443 1708 3527 de
1812 3555 1815 3560 Ι
1874 3455 1875 3458 ‘

299 3577 448 3660 salietis
476 3577 723 3676 animalibus
763 3579 967 3688 scriptura
1004 3577 1113 3662 dieat
1141 3577 1302 3662 divina:
1341 3575 1554 3663 Animalia
1595 3575 1708 3659 itant
1812 3659 1814 3662 ,

298 3713 333 3790 ot
359 3734 439 3791 ιιοιι
475 3709 785 3795 revertebantur.
842 3708 1052 3794 Animalia
1089 3709 1228 3818 itaque
1255 3716 1398 3802 saviata
1425 3713 1521 3819 post
1548 3735 1591 3790 se
1622 3735 1704 3788 non
1816 3713 1817 3716 ‘

298 3838 489 3942 redeunt,
521 3841 619 3950 qnia
647 3848 881 3926 serratorum
911 3841 1088 3925 intentio
1117 3842 1159 3923 in
1189 3841 1365 3936 deterius
1396 3867 1479 3924 uon
1509 3843 1705 3936 mutatur,

298 3995 542 4078 quamquam
571 3972 792 4084 aliqnando
821 3991 923 4083 opus
954 3979 1148 4058 mutatur.
1198 3973 1306 4060 Nem
1334 3973 1417 4072 ille,
1445 3971 1517 4082 qui
1546 3998 1707 4079 sernper
1860 3983 1862 3986 ’

298 4099 465 4183 eundern
506 4101 632 4188 habet
671 4105 924 4220 voluntatem
957 4104 999 4187 in
1031 4098 1160 4206 loono,
1189 4103 1225 4188 si
1259 4102 1501 4211 eontigerit,
1532 4104 1579 4184 ut
1607 4098 1705 4209 pro·
1756 4134 1760 4146 “
1801 4178 1802 4184 ι

297 4225 469 4316 fieiendo
497 4233 720 4344 intelligat,
749 4234 868 4319 aliter
896 4263 981 4319 esse
1012 4234 1227 4318 vivendum
1246 4231 1551 4341 relegendum,
1582 4257 1704 4338 qrvnm
1781 4288 1787 4312 t

296 4357 402 4463 quod
432 4362 543 4469 prius
573 4363 759 4450 vovendo
786 4365 991 4474 agendum
1021 4392 1107 4448 esse
1136 4362 1348 4474 disposuit,
1377 4359 1470 4445 ideo
1499 4387 1582 4445 non
1611 4387 1704 4468 pee-

297 4492 383 4589 eet,
413 4491 448 4575 si
477 4491 579 4577 illud
605 4493 794 4579 deserens
822 4493 872 4578 ad
908 4493 986 4579 hoe
1022 4496 1224 4618 transeat,
1254 4492 1371 4602 quia,
1400 4488 1433 4574 si
1463 4489 1567 4594 hoe,
1593 4490 1704 4599 qnod

294 4643 404 4704 nune
420 4621 543 4724 videt,
567 4628 668 4709 tuno
688 4623 824 4710 videre
843 4623 1056 4734 potuisset,
1085 4621 1176 4725 hoe,
1200 4650 1284 4706 non
1306 4621 1407 4706 illud
1423 4647 1546 4731 ogere
1565 4620 1704 4708 deere-

300 4807 560 4826 Ἢ

381 4903 410 4989 ¹)
431 4901 664 5002 aaronem
686 4927 762 4978 ιιι
782 4895 945 4981 vnete:
973 4872 1150 4979 xovnn.
1175 4929 1217 4974 ε
1240 4881 1349 4996 aaa».
1499 4909 1503 4920 ¹

380 5011 409 5100 ³)
427 5012 573 5086 Summe
602 5038 826 5091 numerorum
854 5037 930 5089 esee
951 5012 1113 5088 videtur:
1145 5015 1288 5102 oola.
1309 5038 1340 5084 v.
1362 5037 1397 5088 a.
1420 5015 1492 5102 ra),-
1508 5013 1552 5087 99
1576 5016 1702 5104 (oona)
1867 5069 1868 5074 ι

292 5121 330 5189 et
352 5119 393 5190 14
414 5119 601 5218 (indictio).
722 5149 725 5156 ’
