3974 5778
14 275 20 282 ·
159 251 317 376 “822
763 235 1027 380 'oum

139 515 168 556 ··
280 483 1646 618 .e0quuu=ntau0e9n0aurtmmsadtmsnt

234 635 345 724 Sunt
369 640 505 740 eninr,
545 637 618 748 qui
644 634 911 750 intelligunt,
950 636 1053 723 illud
1080 635 1247 748 signum
1273 661 1384 740 esse,
1423 661 1518 720 eum
1546 636 1647 722 dieit
1674 673 1678 680 ·

234 769 450 880 presbyter
477 793 556 876 per
591 767 729 854 unuin
754 768 919 854 mensio
943 765 1215 875 samono,
1255 771 1459 879 quotenus
1484 773 1532 852 tu
1557 796 1647 854 sur·

90 951 96 962 ·
235 927 339 1010 gens
363 898 609 1012 respondens
637 901 783 1003 Amen,
808 901 895 986 sive
914 900 970 986 sit
996 900 1043 986 in
1069 903 1114 986 te
1138 899 1358 1012 inspiratio
1385 899 1538 1000 divino,
1565 928 1647 1012 qno

141 1071 146 1082 ·
187 1027 193 1038 ’
238 1031 370 1139 possis
397 1029 553 1116 diutins
580 1058 726 1134 orote,
753 1033 840 1118 sive
867 1061 953 1118 non
979 1033 1056 1135 sit,
1082 1059 1132 1118 eo
1159 1030 1272 1143 quod
1300 1029 1534 1114 nullatenus
1557 1037 1648 1116 'snr-

236 1161 430 1271 gentibus
458 1161 550 1245 aliis
586 1166 631 1246 et
656 1167 705 1247 tu
731 1161 843 1248 solus
870 1162 1019 1276 deteris
1051 1163 1096 1248 iu
1125 1163 1313 1248 oratione
1335 1163 1485 1274 jnoere.
1538 1161 1665 1270 Noun.

234 1290 271 1373 si
298 1289 450 1375 donum
477 1292 672 1404 occepisti
699 1293 772 1378 diu
797 1295 1076 1406 prolongandi
1105 1295 1337 1379 orationem
1364 1298 1496 1395 tunm,
1523 1293 1645 1378 debes

236 1425 376 1502 terum
403 1421 559 1530 puriter
585 1441 681 1508 eum
709 1425 801 1510 aliis
829 1425 1027 1510 iratribus
1054 1451 1224 1534 surgere
1258 1427 1430 1534 propter
1456 1448 1648 1533 pmsoep·
1679 1433 1685 1448 '

236 1553 326 1632 tum
363 1551 554 1659 regulae,
604 1553 716 1662 quod
752 1555 855 1638 dicit
879 1565 1033 1640 'omues
1061 1556 1225 1661 purior
1260 1558 1458 1662 neronum
1504 1557 1646 1661 pones

238 1707 336 1763 vero
363 1680 483 1766 finito
509 1683 722 1792 proedicto
749 1686 871 1796 signo
899 1685 1097 1794 surgendi
1120 1685 1246 1770 debes
1262 1708 1472 1766 remunero
1492 1683 1536 1766 in
1555 1709 1647 1766 ors·
1792 1766 1798 1780 ,

237 1811 367 1914 torio,
404 1813 465 1897 itu
491 1820 653 1915 nmen,
691 1815 727 1899 ei
755 1820 853 1899 unte
880 1817 1158 1926 significatum
1185 1815 1334 1912 fuerit,
1374 1813 1416 1900 h.
1445 1838 1482 1897 e.
1515 1811 1648 1895 muni·
1726 1817 1729 1824 ’

173 2027 175 2032 ,
237 1939 389 2023 festum
417 1941 562 2029 ubbnti
588 1943 666 2028 hoe
694 1944 871 2050 donum,
898 1945 1011 2059 quod
1037 1945 1251 2056 accepisti,
1279 1945 1351 2030 diu
1379 1927 1537 2027 orandi.
1593 1940 1648 2025 Et
1742 1965 1750 1990 ·

235 2069 394 2155 tamdiu
421 2071 545 2158 debes
572 2101 709 2175 orere,
744 2077 1009 2188 quoadusque
1037 2077 1272 2188 perfrueris.
1295 2076 1388 2183 ipso
1417 2073 1528 2158 douo
1555 2099 1648 2156 oru-

123 2197 126 2204 ’
235 2202 374 2306 tionis,
404 2203 515 2314 quod
542 2203 749 2314 accepisti.
805 2206 961 2292 Iterum
987 2215 1086 2292 sunt
1112 2208 1198 2310 ulii,
1230 2206 1301 2317 qui
1329 2203 1440 2288 istud
1467 2201 1644 2314 siguum,

236 2333 290 2418 ao
315 2335 426 2442 quod
447 2337 648 2446 prne'cipit
669 2338 824 2449 regulo,
853 2366 941 2423 esse
957 2338 1226 2450 surgendum,
1252 2336 1508 2448 intelligunt,
1536 2333 1646 2420 istud

236 2467 401 2573 signum
430 2495 518 2551 esee
543 2467 646 2552 iilud
675 2468 887 2569 ultimum,
928 2471 1039 2580 quod
1067 2470 1256 2580 iungitur
1288 2467 1342 2552 ao
1370 2466 1554 2576 vigilius,
1594 2466 1646 2550 nd

237 2596 496 2698 matutinum,
525 2598 578 2683 erl
600 2599 786 2709 primum,
816 2601 870 2685 uel
886 2602 1065 2704 tertiam,
1093 2600 1145 2685 ed
1164 2606 1336 2704 sextam,
1367 2625 1530 2698 nonum,
1557 2575 1653 2682 res·¹

173 2811 176 2816 .
237 2757 400 2838 perum,
428 2735 555 2838 etque
581 2732 921 2841 completorium,
951 2738 1176 2842 quotenus,
1204 2760 1297 2816 eum
1325 2739 1482 2815 tectum
1510 2728 1648 2834 fuerit,

238 2867 406 2972 perotus
423 2861 480 2942 sit
497 2861 722 2946 monachus
744 2871 857 2946 stans
879 2863 923 2946 in
940 2863 1069 2947 choro
1086 2865 1139 2948 ed
1157 2861 1485 2972 respondendum
1510 2861 1647 2948 dioto:

187 2977 196 2996 ⁸
236 2993 352 3078 Deus
377 2994 423 3075 io
449 2991 696 3095 adjutorium
723 3018 853 3076 euntem
874 2994 1050 3093 interrae,
1078 2991 1255 3078 Domine
1281 2992 1340 3076 od
1365 2991 1644 3098 adjuvandum

233 3149 297 3204 ore
335 3121 501 3224 festino.
557 3119 609 3206 V.
639 3147 702 3230 gr.
744 3122 798 3205 ud
835 3127 1058 3205 noeturnae
1099 3120 1218 3204 ondit
1257 3119 1423 3230 siguum
1467 3121 1644 3229 primum

236 3253 361 3335 frater
389 3255 432 3332 et
459 3247 704 3334 festinanter
732 3236 870 3360 pergit
896 3250 940 3333 in
968 3249 1180 3335 ecclesium
1209 3257 1253 3332 et
1269 3255 1362 3333 orut
1383 3278 1458 3358 per
1474 3250 1647 3349 altariu3

235 3379 379 3463 deiude
406 3383 490 3462 utut
507 3379 551 3463 iu
580 3379 718 3490 aliquo
744 3380 901 3490 ungulo
929 3381 994 3464 uel
1021 3381 1149 3481 sedet,
1178 3407 1271 3463 euru
1299 3381 1442 3464 nudito
1471 3381 1648 3466 seeundo

233 3513 356 3620 signo
384 3517 521 3621 potest
547 3509 606 3592 ibi
634 3539 733 3598 esse.
789 3515 893 3594 Cum
922 3538 1020 3594 uero
1047 3513 1218 3594 tertium
1253 3511 1434 3616 audierit
1469 3513 1647 3628 signum,
1770 3533 1779 3553 ·

183 3719 188 3732 .
228 3643 266 3725 'si
296 3639 422 3742 sedet,
451 3639 574 3724 debet
601 3666 770 3750 surgere
798 3647 842 3724 et
870 3643 1009 3727 venire
1036 3641 1079 3724 iu
1107 3639 1257 3745 choro,
1287 3644 1330 3722 et
1358 3644 1500 3743 sistat,
1527 3640 1649 3726 debet

62 3821 64 3828 ·
234 3772 385 3875 venire,
415 3777 464 3854 ut
490 3798 584 3856 eum
612 3770 729 3856 Deus
757 3773 803 3854 iu
830 3772 1079 3878 adjutorium
1106 3770 1265 3855 dietum
1292 3769 1440 3871 fuerit,
1481 3778 1648 3881 paratus

202 3905 357 3989 'debet
382 3905 535 3992 adase.
590 3903 633 3988 N
636 3932 688 3989 on
731 3904 856 3990 debet
897 3903 1007 3988 euim
1047 3903 1139 4012 plus
1174 3900 1382 3985 custodire
1421 3902 1647 3986 orationem

233 4066 347 4122 suem
377 4065 501 4146 quum
529 4036 693 4145 siguum
717 4015 900 4145 iactum,
939 4037 1010 4120 sed
1038 4035 1204 4144 signum
1233 4031 1547 4116 custodiendum
1574 4037 1649 4122 est.

203 4271 207 4280 ¹
232 4170 432 4257 Similiter
459 4166 512 4253 ud
542 4163 791 4278 matutinum
830 4178 874 4256 et
902 4170 1077 4282 priunum
1107 4165 1151 4249 iu
1181 4164 1317 4278 primo
1345 4163 1468 4275 siguo
1496 4151 1648 4250 incien-

233 4303 331 4386 dum
360 4307 445 4407 est,
474 4303 515 4383 iu
545 4301 683 4401 tertio,
711 4305 896 4388 sextoet
921 4328 1035 4396 nous
1062 4300 1107 4382 in
1134 4295 1314 4381 seeundo
1346 4293 1467 4408 signo
1495 4296 1650 4381 ferieu-

112 4455 116 4464 '
233 4435 345 4538 dum,
373 4434 418 4517 in
446 4459 616 4542 vespere
640 4435 727 4542 jam
756 4435 799 4518 in
829 4431 953 4517 tertio
980 4433 1102 4541 siguo
1130 4427 1360 4514 faciendum
1390 4432 1453 4511 est
1477 4427 1579 4525 hoo;
1607 4423 1649 4506 iu

167 4587 171 4596 '
220 4563 499 4674 eomplotorio
530 4590 650 4666 vero,
690 4591 784 4648 eum
809 4551 921 4672 juret
957 4559 1241 4660 ineuntium,
1281 4562 1324 4642 et
1350 4585 1443 4641 eum
1472 4555 1674 4666 primum·

231 4696 396 4804 signum
416 4691 627 4778 dimissum
643 4692 779 4796 fuerit,
810 4691 910 4777 feeit
932 4689 1059 4774 abbas
1079 4689 1261 4800 siguum,
1285 4693 1333 4772 ut
1353 4681 1650 4782 confiteanturr

231 4825 491 4910 consessione
514 4831 652 4926 eutem
679 4823 790 4908 iaetu
811 4850 954 4907 omues
974 4820 1131 4929 puriter
1148 4823 1334 4930 surgunt.
1378 4816 1459 4902 Sed
1480 4825 1527 4898 ut
1548 4811 1650 4896 mihi

232 4957 406 5057 videtur,
423 4954 643 5040 meliorest
659 4955 898 5066 illeprimns
914 4979 1055 5036 seorsus
1069 4979 1192 5062 quum
1211 4949 1429 5036 secundus.
1470 4943 1648 5054 Signum

232 5116 329 5174 sero
358 5087 582 5172 inclinandi
606 5093 681 5190 est,
711 5116 804 5174 eum
822 5084 996 5169 dicimus
1017 5083 1152 5190 Kyrie
1167 5081 1328 5185 eleison,
1354 5080 1454 5194 quin
1472 5077 1649 5163 diceudo

233 5222 367 5329 Kyrie
403 5217 551 5302 eleison
593 5247 733 5303 ornnes
771 5221 926 5328 puriter
960 5214 1154 5322 debemus
1194 5213 1406 5318 inclinari,
1449 5207 1650 5321 eoquod
