4334 5750
977 235 1061 324 Curi.
1089 235 1134 306 ll.
1458 253 1462 261 ‘
1685 247 1753 328 121

349 483 422 564 pro
453 454 792 560 augmentatione
821 453 958 564 gregis
987 455 1049 540 sui
1071 455 1192 539 debet
1222 456 1419 543 lalanare.
1474 463 1584 544 som
1614 463 1759 546 iterrun
1804 478 1808 486 ’

348 586 417 672 alii
453 590 636 696 pastores
667 584 872 694 sapientes
900 591 942 667 et
971 583 1155 683 studiosi,
1186 597 1229 670 et
1256 589 1443 700 diligenti
1463 620 1560 676 cura
1590 577 1762 702 pascunt

348 745 513 828 gregem
544 745 682 818 sirum,
711 723 753 799 et
782 722 917 800 tarnen
947 717 1085 826 aliquia
1111 721 1343 830 occasione,
1386 721 1412 806 i.
1446 755 1480 808 e.
1508 732 1582 806 aut·
1618 727 1760 810 inorbo
1834 783 1837 792 ,

349 848 530 957 generali
560 855 633 936 aad
662 855 830 960 propter
859 848 992 932 locum
1032 853 1074 931 et
1100 857 1201 933 caet.
1232 853 1390 963 deperit
1428 855 1496 938 ille
1535 884 1648 964 grex.
1710 855 1761 939 uc

349 967 444 1064 sord
470 978 538 1062 alii
570 987 751 1089 pastores
783 980 1040 1090 negligentes
1069 985 1111 1062 et
1140 980 1326 1084 bebeteS,
1368 985 1437 1094 qni
1469 1014 1549 1071 mm
1580 987 1760 1069 studiose

350 1115 522 1220 pascunt
551 1139 740 1222 gregem,
780 1116 822 1194 et
851 1116 987 1194 tarneu
1018 1111 1155 1222 aliquo
1184 1115 1395 1199 occasione
1424 1117 1568 1198 crescit
1598 1117 1759 1200 illorum

349 1271 476 1350 grex,
504 1242 574 1327 sed
604 1271 696 1327 cum
720 1241 920 1326 Doruiuus
941 1242 1103 1326 illorum
1134 1251 1318 1354 ternpore
1339 1234 1508 1330 rationis
1534 1247 1760 1332 reddendae

354 1367 522 1475 venerit,
552 1383 599 1460 ut
629 1376 733 1458 ratio
762 1380 911 1486 agatur
940 1375 990 1460 de
1019 1405 1166 1488 grege,
1207 1406 1288 1461 nrm
1314 1377 1434 1484 joma
1463 1379 1570 1487 quod
1602 1377 1763 1461 videtne

352 1507 390 1589 in
421 1532 567 1615 grege,
598 1505 624 1593 i.
654 1536 688 1589 e.
719 1507 941 1590 sectandum
970 1509 1347 1614 augmentationem
1379 1537 1510 1617 neque
1539 1508 1760 1591 seeundum

202 1691 205 1698 -
272 1692 274 1696 -
351 1635 636 1722 minorantiam
668 1637 817 1744 gregis,
848 1638 918 1720 sod
949 1639 1078 1746 stragis
1101 1640 1321 1722 sociandum
1345 1638 1525 1724 lnlnuem
1553 1645 1760 1746 pastorum

349 1776 420 1850 aut
448 1765 743 1878 negligentiam
768 1765 848 1850 illis
871 1765 1029 1866 tribuit,
1053 1767 1080 1850 i.
1096 1797 1130 1852 o.
1153 1769 1343 1854 studiosis
1369 1767 1601 1878 pastoribus
1616 1767 1763 1852 trilndt

350 1899 535 1982 inreritum
576 1898 746 2002 laboris,
794 1899 892 1983 licet
930 1898 1154 1983 diminutus
1195 1901 1249 1982 sit
1285 1927 1409 2008 grex,
1459 1899 1762 2010 negligentibus

350 2049 496 2130 autem,
513 2030 632 2138 juxta
656 2029 766 2138 quod
789 2031 1047 2138 negligentes
1068 2035 1247 2117 luerunt.
1267 2028 1452 2141 qriaruvis
1474 2057 1572 2140 grex
1598 2029 1761 2114 illoram

347 2160 517 2244 crevisse
549 2160 756 2274 uideatur,
799 2190 951 2270 poenas
988 2163 1281 2248 subininistrat.
1341 2159 1405 2243 lta
1444 2167 1485 2243 et
1523 2159 1761 2272 spiritaliter·

351 2291 549 2375 Dominus
589 2292 712 2376 saciet
750 2293 941 2379 studiosis
984 2296 1194 2403 praelatis,
1243 2293 1427 2402 quannis
1469 2293 1618 2376 ‹lannra
1656 2293 1761 2402 passi
1851 2367 1855 2376 .

350 2418 431 2503 siut
470 2448 642 2533 gregum
686 2425 749 2509 vel
793 2426 1155 2535 airrplilicatiouem
1199 2423 1432 2510 ostendant.
1501 2421 1582 2508 Ubi
1627 2423 1761 2508 corasi-

350 2553 582 2638 desandmn.
603 2569 684 2660 est,
722 2557 755 2640 si
786 2558 1003 2668 negligens
1034 2564 1173 2669 prester
1209 2555 1396 2668 quaunvis
1427 2537 1560 2640 totum
1592 2583 1759 2668 gregem

306 2735 310 2749 ·
349 2689 389 2768 et
412 2693 721 2796 augmentatum
749 2691 1005 2775 domiuosuo
1027 2691 1256 2801 consignet,
1284 2719 1364 2774 nou
1389 2687 1760 2774 rerururesationem

349 2819 517 2928 accipit,
557 2822 625 2904 sed
657 2823 787 2932 magis
818 2851 989 2932 poeruun
1015 2823 1136 2931 juxta
1162 2821 1459 2932 negligentiam
1489 2815 1624 2921 suam,
1662 2821 1759 2929 rudd

349 2948 564 3036 dicendum
595 2961 656 3034 est
684 2953 734 3038 de
763 2953 839 3052 bis,
868 2953 937 3062 qui
968 2951 1097 3036 invidi
1125 2952 1207 3034 suis
1236 2951 1430 3062 subjectis
1460 2951 1666 3056 existunt?

459 3073 669 3192 Sequitur:
700 3085 805 3168 Arde
825 3085 973 3184 ostrado,
1005 3113 1051 3170 ne
1077 3081 1344 3168 ‹liarinnduns
1361 3089 1430 3166 uzu
1447 3082 1566 3188 siriani
1579 3081 1760 3186 penitens

284 3308 288 3318 ,
347 3211 515 3298 solarem
544 3215 776 3299 srrrirrunann
814 3217 892 3300 sibi
932 3217 1257 3309 eonnnissmann,
1295 3215 1390 3319 silus
1429 3221 1543 3322 gerat
1572 3211 1760 3294 sollieitu-

348 3346 481 3428 dinern
512 3347 561 3428 de
589 3347 707 3428 solnm
735 3347 988 3431 bnnsdrndis
1016 3353 1053 3430 et
1073 3344 1244 3431 terrenis
1266 3351 1381 3452 rrlqrre
1407 3343 1581 3430 eirrlrrris.
1643 3340 1761 3425 Nunc

347 3473 753 3561 anirnmlrertomlum
787 3486 868 3572 est,
907 3505 1032 3586 qrriuo
1062 3475 1210 3559 dixerit
1242 3463 1342 3558 'erile
1370 3475 1527 3580 irritatio,
1556 3502 1647 3556 eum
1674 3472 1758 3578 ‚iam

334 3611 506 3689 caetera
534 3605 722 3692 dixerat?
767 3608 863 3694 Non
893 3615 954 3690 est
984 3609 1042 3692 ita
1078 3604 1415 3714 iutelligemlnm,
1458 3601 1645 3712 etiarnsi
1678 3630 1759 3685 riou

347 3729 527 3836 dixisset,
552 3738 622 3820 sed
646 3739 743 3845 quia
759 3767 845 3822 risos
871 3747 933 3822 est
956 3743 1190 3821 solutorum
1220 3727 1561 3844 braedicatorum,
1587 3733 1760 3817 rrraxime

347 3862 522 3966 illorum,
553 3867 623 3976 qui
653 3897 877 3964 susurronem
910 3867 1067 3954 tircluut
1095 3867 1146 3951 od
1180 3867 1390 3974 pauidum,
1425 3867 1575 3948 dicere:
1616 3863 1761 3946 liortor·

348 3999 389 4074 et
416 3995 618 4081 oslrrroneo
648 4027 719 4080 uos
749 4002 894 4084 l'ratres
924 3999 1143 4096 carissimi,
1183 4001 1228 4079 nt
1255 4001 1353 4079 aute
1382 3996 1519 4079 orrruia
1548 3995 1757 4079 cessitatem

347 4124 521 4212 invicem
551 4130 756 4228 lubeatis,
795 4131 940 4213 deinde
983 4129 1198 4238 subjungit
1227 4129 1378 4228 sumta,
1421 4157 1526 4235 (raiae
1555 4125 1759 4209 aridum-es

346 4257 407 4340 sui
438 4259 616 4344 ‹lebeaut
643 4289 785 4370 agere3
827 4262 1044 4345 etiterum
1077 4257 1195 4343 dicit:
1236 4265 1334 4342 aide
1363 4259 1500 4342 cornia
1529 4257 1757 4342 castitatem

347 4392 388 4494 et
418 4389 693 4475 bumilitatem
726 4391 884 4476 lrabote.
948 4385 1049 4472 Vide
1079 4389 1223 4490 rirodo,
1262 4417 1343 4472 aron
1374 4388 1428 4471 ob
1461 4391 1536 4472 boe
1565 4387 1683 4486 dicit,
1716 4392 1760 4467 nt

347 4519 577 4612 castitatem
607 4526 650 4603 et
679 4519 952 4606 burmlitatem
982 4525 1091 4618 arde,
1122 4547 1243 4628 qrisim
1274 4519 1484 4602 caritatem
1516 4528 1558 4601 et
1586 4526 1759 4616 caetera,

347 4678 451 4759 quae
488 4649 714 4760 stubjunxit,
754 4654 956 4756 babeant,
992 4653 1060 4734 sed
1091 4653 1145 4737 ob
1173 4648 1252 4733 hoc
1277 4647 1392 4736 dixit
1434 4654 1525 4734 urite
1553 4647 1689 4731 ossen-iu
1718 4647 1759 4728 in

347 4781 489 4888 primo·
507 4789 550 4867 et
578 4783 620 4869 iu
652 4785 831 4871 secundo
860 4786 922 4868 rol
954 4785 1077 4869 tertio
1107 4783 1219 4882 loco,
1261 4781 1357 4892 traria
1387 4807 1525 4864 oiunas
1555 4777 1649 4862 illae
1678 4775 1761 4861 vir·

347 4919 455 4996 tutes
482 4891 613 5027 ireque
643 4917 773 5003 teucri
804 4919 848 5000 e't
875 4913 1017 5000 baberi
1048 4913 1212 5002 debent.
1271 4913 1334 4998 ltu
1362 4919 1404 4996 et
1432 4911 1481 4996 ll.
1512 4908 1760 4994 Benedictus
1836 4995 1838 5000 Α

346 5039 387 5124 io
419 5041 499 5129 boc
527 5045 618 5131 loco
648 5045 753 5130 dixit
791 5051 884 5131 arole
911 5047 1062 5147 miseria,
1092 5049 1136 5130 et
1161 5041 1346 5152 sapenos
1379 5038 1484 5126 dixit
1508 5037 1607 5124 ullu
1660 5035 1760 5122 Dis·
1866 5139 1871 5152 Ι

345 5171 543 5260 sirreutnns
583 5185 629 5262 et
655 5177 961 5282 pervipendens
1000 5201 1128 5262 terrum
1168 5171 1407 5285 significant
1444 5169 1486 5255 iu
1531 5167 1609 5254 boc
1649 5168 1759 5262 locor
