3974 5778
742 261 743 264 κ
852 211 938 306 cap.
962 213 1055 287 XIV·
1490 311 1494 320 ,
1585 222 1666 310 299

256 441 314 526 illi
342 434 472 538 fratri,
502 433 537 518 si
562 429 783 545 longeest,
812 433 839 523 i.
859 463 895 522 e.
924 434 987 519 illi
1008 436 1052 521 in
1075 440 1303 522 mentetua
1324 438 1484 524 renium
1504 448 1665 550 petere;

256 574 470 684 postquam
511 593 695 652 reversus
735 565 883 666 fuerit,
929 564 990 649 illi
1032 565 1155 651 etiam
1198 569 1464 680 corporaliter
1505 571 1664 656 veniam
1785 650 1787 659 ,

255 701 374 788 debes
403 703 554 805 petere.
611 695 657 780 Si
685 702 824 782 autem
853 698 981 782 trater
1009 701 1105 781 tnus
1133 697 1212 783 tibi
1240 698 1395 810 aliquid
1425 703 1523 786 mali
1550 700 1662 805 feeit,

255 859 337 918 non
365 829 488 914 debes
516 827 576 912 illi
605 827 765 914 vonism
795 834 959 938 petere,
1003 827 1073 912 sed
1113 829 1371 914 solummodo
1408 860 1574 942 parcere
1615 860 1664 916 ex
1944 840 1946 844 ’

253 965 341 1046 toto
369 957 513 1058 oorde3
555 958 613 1042 sie
651 959 758 1044 enim
795 947 1052 1070 Augustinus
1092 959 1234 1060 dieit,⁵
1259 959 1537 1074 Hieronymus
1566 989 1664 1048 uero
1814 945 1817 950 ⁵

43 1181 50 1211 ,
253 1091 374 1178 etiam
402 1089 550 1194 istum,
579 1089 651 1201 qui
678 1091 831 1176 malum
859 1120 1002 1202 pessus
1029 1097 1113 1197 est,
1141 1091 1223 1195 illi,
1253 1119 1280 1200 a
1306 1120 1389 1203 quo
1417 1118 1558 1202 passus
1586 1100 1661 1195 est,

38 1215 48 1268 ‘³
141 1280 147 1291 -
253 1221 410 1312 veniam
438 1224 579 1331 petere
608 1221 721 1308 dicit.
1028 1205 1031 1212 ’

830 1417 929 1524 sap.
963 1417 1038 1509 XI
1043 1417 1090 1505 V.

313 1593 370 1672 IN
400 1593 704 1676 msuuuruus
732 1597 1047 1695 SANCTORUM
1077 1595 1342 1690 Qunnss‘un
1363 1593 1599 1676 vlolnmn
1661 1696 1666 1704 Ι

820 1727 1086 1807 AGANTUR.

360 1871 415 1956 Iu
450 1879 680 1956 sauctorum
713 1900 806 1960 uero
840 1875 1125 1982 festivitatibus
1159 1873 1221 1960 uel
1254 1873 1439 1984 matribus
1474 1871 1662 1957 aeternai-

251 2003 418 2104 tutibus,
459 2003 562 2086 sieut
590 2002 770 2088 dimitrius
799 2003 996 2090 bortriniso
1037 2005 1105 2092 die
1144 2003 1343 2113 apsidum
1353 2056 1375 2106 ,r
1404 2001 1466 2089 ito·
1505 2008 1667 2110 uputru·.'

254 2133 313 2216 De
340 2131 669 2218 solemnitatibus
702 2135 791 2244 jam
825 2134 1011 2245 superius
1048 2133 1202 2219 dietum
1241 2138 1317 2218 est.
1374 2133 1495 2218 Nune
1517 2137 1660 2217 autem

252 2263 470 2373 videamus,
500 2289 625 2372 quare
654 2263 816 2352 dicatur
844 2265 1055 2353 festivitas.
1114 2262 1334 2348 Festivitos
1356 2263 1464 2348 clieta
1492 2249 1519 2348 u
1544 2263 1662 2368 sestis

251 2395 387 2479 diebus
415 2395 533 2500 quasi
566 2394 831 2499 »festiditas‹,
861 2423 906 2483 eo
933 2399 1039 2504 prend
1065 2395 1111 2480 in
1138 2395 1198 2479 eis
1224 2393 1311 2478 solu
1339 2419 1406 2478 res
1435 2393 1659 2498 divinabit,

249 2507 390 2631 peribus
411 2527 608 2611 eoirtrarii
626 2535 722 2612 stent
734 2525 849 2632 susti,
872 2526 1080 2633 inquibus
1100 2527 1176 2633 jus
1192 2527 1320 2631 futur,
1347 2524 1377 2609 i.
1393 2551 1427 2609 e.
1451 2523 1612 2608 dieitur.
1626 2525 1660 2632 ¹)

56 2602 61 2699 i
122 2713 126 2724 -
252 2655 565 2740 Adtendendum
589 2663 652 2742 est
669 2657 712 2741 in
739 2658 817 2744 hoe
835 2657 940 2759 loeo,
970 2657 1078 2766 quia,
1114 2685 1205 2742 eum
1233 2656 1339 2740 dixit
1363 2653 1660 2760 festivitatibus,

250 2813 332 2870 non
361 2784 465 2869 dixit
492 2787 687 2891 oneribus,
718 2788 824 2874 sieut
850 2787 894 2871 in
924 2786 1274 2885 solemnitatibus,
1305 2788 1348 2867 et
1375 2783 1468 2869 ideo
1498 2810 1661 2870 neeesse

250 2922 310 3001 est
337 2945 458 3001 seusa
487 2916 768 3016 diseretiouim
808 2946 909 3021 euru¹
930 2916 1036 3001 dixit
1071 2914 1379 3021 festivitatibus,
1417 2915 1665 2999 subaudien·
1730 2917 1733 2947 ³

57 3080 64 3141 ε
134 3121 137 3130 ,
204 3045 342 3130 dum
373 3029 473 3132 estr'
498 3046 741 3158 proecipnis.
799 3047 855 3134 ut
883 3046 961 3135 boo
998 3046 1243 3134 intuendum
1280 3049 1364 3147 est,
1405 3043 1501 3154 quia
1530 3045 1571 3128 in
1600 3073 1661 3145 eo,
1827 3169 1830 3176 1

248 3178 355 3284 quod
396 3175 502 3262 dixit
542 3181 586 3264 iu
633 3185 863 3263 selectorum
905 3175 1211 3281 lestivitutibus,
1265 3173 1659 3285 subintelligendum
1830 3207 1833 3214 ·

248 3310 328 3408 ost,
370 3307 487 3392 utin
517 3308 608 3394 aliis
637 3313 873 3394 assuetorum
903 3306 1198 3392 festivitatibus
1227 3305 1561 3392 commemoratio
1591 3305 1664 3388 fiet
1698 3317 1701 3324 '
1768 3343 1772 3352 ·

248 3442 502 3541 sanatorum,
531 3439 599 3524 sed
631 3444 770 3524 tamen
800 3466 885 3523 nou
914 3436 1021 3522 siout
1048 3434 1092 3520 in
1122 3435 1328 3523 dominico
1352 3434 1434 3522 die.
1491 3433 1598 3520 Nom
1628 3435 1661 3519 si

247 3563 288 3650 iu
317 3566 610 3654 festivitatibus
639 3573 876 3654 sanctornm
907 3567 958 3654 de
987 3565 1178 3655 omnibus
1206 3565 1381 3666 sanetis,
1419 3563 1491 3675 qui
1519 3563 1661 3650 missas

245 3693 338 3782 snus
371 3699 547 3800 liabent,
570 3699 670 3791 sive
699 3699 928 3812 praecipuis
968 3699 1054 3782 sive
1091 3725 1175 3783 non
1212 3697 1461 3807 praecipuis,
1504 3695 1661 3781 iutelli-
1789 3741 1817 3804 ῃ
1899 3733 1902 3742 ’

244 3835 379 3936 gutur,
409 3829 578 3916 difficile
607 3831 790 3933 videtur,
831 3859 880 3915 eo
910 3829 1020 3940 quud
1051 3831 1203 3914 multae
1232 3831 1354 3914 erunt
1382 3827 1475 3938 illae
1504 3827 1661 3913 festivi·

246 3965 351 4045 tates
380 3968 637 4062 sarretorum,
667 3961 775 4047 sient
801 3960 844 4046 in
874 3960 981 4044 libro
1004 3960 1220 4044 irrissnrum
1251 3959 1535 4062 eontinentur,
1564 3957 1660 4067 qnia

244 4087 288 4174 in
315 4090 387 4176 illo
417 4091 521 4178 libro
552 4090 776 4176 multorum
804 4096 1041 4177 sanctorum
1068 4089 1420 4200 missaeseriptee
1456 4087 1676 4187 videntur„
1702 4143 1745 4180 2,

124 4277 127 4284 ,
244 4244 290 4303 ac
318 4247 392 4330 per
419 4220 498 4308 hoe
526 4228 600 4306 eut
627 4221 891 4306 dimittentur
929 4226 1004 4306 aut
1032 4249 1125 4307 aum
1153 4221 1281 4307 nimio
1309 4221 1451 4306 labore
1479 4217 1659 4302 celebra·
1765 4327 1766 4332 Ν

244 4347 411 4457 buntur,
453 4358 496 4438 et
522 4381 652 4465 poene
681 4351 785 4439 nihil
813 4351 926 4436 alind
955 4351 1186 4438 faoiendum
1214 4352 1293 4438 erit
1321 4357 1490 4482 propter
1518 4345 1659 4432 multi·
1728 4351 1732 4358 '
1780 4363 1784 4370 “

56 4479 76 4601 ,T
164 4457 167 4466 ¹
243 4479 427 4568 tudinem
455 4491 703 4572 sanatorum.
762 4481 855 4586 Sed,
884 4482 992 4568 sieut
1019 4481 1216 4586 diximus,
1253 4505 1347 4568 eum
1380 4480 1481 4566 dicit
1504 4477 1658 4584 festiti-

243 4610 410 4715 tutibus,
449 4612 777 4700 subaudiendum
811 4621 899 4706 est:¹
933 4613 1178 4726 praecipuis,
1224 4610 1528 4720 solemnitates
1556 4610 1658 4695 atti·

215 4747 344 4866 ..uent
380 4742 433 4829 ad
474 4741 626 4830 Christi
673 4742 1030 4885 solenrnitatos,²)¹
1067 4752 1341 4857 quemquami
1366 4743 1418 4830 de
1462 4741 1658 4829 solemni·

246 4937 507 4961 ............
1339 4824 1344 4950 l

329 5051 357 5143 ι)
379 5051 414 5125 s.
439 5049 566 5126 uine
581 5051 781 5143 etymolog.
803 5045 870 5124 un.
891 5051 925 5123 o.
946 5073 977 5125 a
1006 5051 1056 5124 rs.
1078 5073 1113 5124 n.
1140 5057 1191 5140 r,
1342 5044 1347 5137 ι

215 5216 218 5220 ,
329 5161 356 5253 2)
376 5162 556 5254 mysteria„
578 5161 657 5236 eoa.
678 5159 818 5237 nivino.
842 5181 885 5235 οι
907 5161 1063 5252 uerus
1226 5150 1230 5164 '
1345 5141 1348 5169 '
