3994 5770
703 370 706 378 ,
876 303 962 398 Cap.
985 301 1029 378 V.
1571 305 1650 388 193

240 539 314 622 aut
340 537 536 628 stainam,
567 531 615 614 ut
640 526 940 642 absquemora
972 523 1061 628 liat;
1107 522 1233 608 velasti
1261 523 1519 636 Augustinus
1549 520 1650 605 dicit

240 669 281 749 in
317 661 491 774 quadum
526 687 603 742 sura
641 655 840 768 epistola,
869 681 989 762 quam
1031 653 1179 738 direxit
1216 653 1435 739 Vincentio
1465 653 1533 762 (l),
1571 651 1650 735 lroo

241 795 380 884 ruodo:
405 791 437 906 Ι)
466 789 516 874 In
544 793 697 889 atomo,
725 785 873 896 iuquit,
903 783 946 865 iu
968 790 1123 896 pruneto
1146 785 1355 894 temporis,
1384 785 1494 896 quod
1522 783 1649 868 «lividi

242 956 322 1014 nou
353 925 502 1034 potest,
533 917 574 1004 in
605 919 690 1004 iotu
718 913 842 1019 oouli,
871 914 948 1000 lroo
978 919 1040 998 est
1069 914 1111 1002 in
1140 945 1298 1004 summa
1322 913 1542 1016 eeleritate,
1572 913 1650 998 lroo

241 1062 302 1142 est
340 1054 383 1140 iu
419 1051 640 1138 novissima
676 1047 802 1151 tuba,
845 1047 871 1134 i.
902 1075 937 1134 e.
978 1047 1021 1131 in
1061 1047 1281 1136 novissimo
1316 1048 1437 1160 siguo
1473 1048 1649 1160 quodam

245 1187 396 1286 utitur,
433 1190 481 1270 ut
516 1182 597 1268 ista
635 1181 931 1292 compleantur.
989 1178 1124 1264 itaet
1153 1179 1200 1269 B.
1230 1177 1490 1267 Benedictus.
1547 1179 1651 1280 Quia

140 1417 143 1424 Ι
241 1319 356 1420 dixit,
384 1314 472 1402 sino
500 1340 615 1400 ruora
653 1310 928 1398 obedientiam
960 1340 1057 1414 osse,
1096 1309 1188 1427 ideo
1216 1307 1321 1401 dixit
1348 1314 1564 1408 unsaramma,
1606 1315 1652 1390 ut
1797 1309 1799 1314 ’
1930 1411 1935 1424 ¹

247 1467 328 1535 uim
364 1448 419 1532 sit
457 1472 574 1532 moro
614 1443 719 1543 ulla;
763 1473 856 1534 num
897 1473 980 1532 nou
1022 1443 1159 1554 potuit
1193 1442 1285 1554 plus
1324 1441 1501 1528 brevitor
1538 1466 1650 1524 eorru-

247 1577 514 1698 prehendere,
556 1573 649 1662 ideo
684 1573 790 1662 dixit
830 1579 1036 1664 usommtu
1103 1573 1360 1664 Momentum
1400 1571 1555 1662 dietum
1590 1581 1652 1656 ost
1740 1609 1743 1616 ·

244 1745 268 1803 a
296 1705 490 1824 temporis
519 1705 732 1812 breuitate,
762 1710 950 1822 utquam
974 1706 1070 1817 qito,
1100 1737 1222 1826 quum
1242 1709 1395 1814 statim,
1426 1701 1651 1798 tumide
1750 1739 1753 1745 ·

243 1844 382 1932 statim
409 1839 524 1930 salvo
541 1837 711 1952 nogotio
728 1837 975 1930 reformetur
999 1873 1073 1932 neo
1093 1832 1135 1932 iu
1155 1841 1280 1930 ullam
1302 1837 1471 1956 prodnoi
1495 1865 1650 1926 moram

241 1977 398 2080 debeat,
428 1973 538 2087 quod
567 1973 768 2084 repetitur
795 1971 874 2060 sie:
904 2003 979 2060 neo
1000 1975 1129 2062 allma
1151 1975 1328 2087 spatium
1349 1979 1412 2060 ost
1441 1969 1651 2072 rnourouti,

240 2110 354 2216 eujus
384 2113 468 2192 tum
489 2105 621 2189 brevis
645 2111 707 2190 ost
723 2106 922 2215 temporis
942 2116 1130 2215 punctus,
1162 2111 1208 2192 ut
1226 2107 1268 2192 iu
1287 2107 1469 2217 aliquam
1497 2131 1651 2191 moram

239 2235 477 2324 rudlonrodo
519 2234 804 2345 producatur„
838 2233 1094 2322 Momentum
1132 2239 1242 2323 enim
1281 2235 1503 2323 seeundum
1527 2263 1652 2318 oam-

145 2419 149 2428 ·
239 2371 328 2480 puti
357 2367 557 2454 rationem
577 2366 728 2452 dioltur
754 2397 780 2452 a
803 2377 918 2454 motu
938 2370 1047 2473 solis,
1078 2397 1291 2480 quousque
1316 2367 1478 2452 deserat
1502 2364 1650 2466 laeum,

241 2501 309 2585 ubi
338 2505 446 2584 stare
475 2497 660 2603 videtur,
696 2529 721 2584 a
750 2507 958 2586 momento
995 2503 1039 2586 in
1069 2501 1295 2602 minutum,
1340 2497 1390 2582 de
1415 2499 1580 2604 ,minutato
1609 2495 1652 2578 iu

238 2635 449 2744 patratum,
480 2631 530 2714 de
558 2634 712 2742 puncto
741 2631 785 2714 in
813 2630 969 2733 homar,
1005 2633 1055 2718 de
1084 2631 1186 2717 horu
1215 2626 1257 2716 in
1286 2629 1573 2740 quadrantem,
1603 2627 1653 2712 de

74 2781 79 2792 ’
238 2763 466 2872 quadrante
493 2759 537 2843 in
566 2761 686 2864 diem,
716 2761 766 2848 de
794 2763 858 2847 die
887 2763 930 2847 in
959 2763 1242 2873 septimanam.
1363 2799 1366 2805 ·

348 2891 404 2978 Ia
427 2890 629 2979 uelocitate
644 2895 804 2980 tiumris
823 2895 905 2982 Dei
925 2895 1067 2982 osudae
1089 2921 1155 2980 res
1169 2896 1428 2982 errrrmumitor
1447 2893 1565 2980 citius
1583 2919 1652 2977 ou·
1700 2943 1702 2946 -

231 3023 447 3130 plicantur.
495 3025 599 3111 (lum
619 3024 721 3110 dioit
742 3027 885 3114 artabae
902 3053 982 3131 roo,
1001 3027 1327 3114 subaudiendum
1347 3036 1433 3114 est:
1463 3021 1651 3136 magistri
1710 3017 1713 3022 ’

232 3158 360 3265 jussio
382 3164 425 3242 et
447 3187 573 3270 opera
598 3159 902 3272 disoipulornnr.
942 3163 1045 3248 Cum
1074 3161 1176 3246 dioit
1197 3159 1354 3246 lionoris
1379 3158 1472 3263 Dm',
1501 3159 1654 3242 attinet

236 3291 288 3373 ad
311 3289 535 3398 jussionem
564 3296 608 3376 et
635 3293 686 3378 ad
706 3322 831 3405 opera
855 3293 1169 3406 discipulorun13
1200 3291 1393 3380 velooitas
1413 3289 1536 3394 eninr,
1564 3291 1591 3376 i.
1615 3320 1652 3378 e.

237 3420 368 3525 eitius,
379 3423 414 3525 ²)
440 3424 492 3508 ad
521 3451 646 3533 opera
674 3423 964 3535 discipulorum
995 3426 1251 3514 solummodo
1279 3424 1473 3536 pertinet.

347 3553 562 3667 Sequitur:
604 3557 756 3664 (licitus
793 3557 851 3644 od
884 3557 1008 3646 vitum
1046 3565 1252 3645 aeteruum
1286 3555 1506 3667 yrudieadi
1534 3580 1650 3641 uersor·

241 3686 456 3790 irsoumtit,
498 3690 588 3774 ideo
629 3696 845 3799 assumtum
886 3688 995 3774 viana
1036 3687 1261 3794 simplicat,
1306 3690 1412 3775 strada
1451 3687 1655 3774 Dominus

237 3817 357 3902 llicit:
393 3819 580 3929 Aaronem
607 3819 675 3904 oio
702 3825 783 3922 ost,
823 3846 926 3928 quae
954 3821 1064 3906 ducit
1092 3820 1149 3907 ud
1192 3821 1336 3921 vitaras,
1373 3826 1409 3904 et
1437 3821 1547 3931 (um)
1573 3845 1653 3904 asoa
1790 3853 1823 3932 χ

241 3972 314 4034 suo
341 3949 511 4036 urtmio
538 3950 710 4036 vivarios
737 3949 798 4038 ool
825 3951 1044 4038 desideriis
1067 3957 1104 4039 et
1125 3951 1395 4060 eoquuotibus
1415 3951 1650 4051 obediemus,

237 4081 309 4166 sed
335 4079 585 4168 arietatorum
612 4079 747 4168 alian
770 4083 921 4188 issdioio
943 4090 981 4168 et
999 4084 1170 4191 ismario
1190 4083 1234 4170 iu
1250 4082 1447 4171 coorsotiis
1470 4083 1653 4194 clausulas

238 4211 418 4298 attalem
444 4213 524 4300 siti
544 4239 738 4321 aramme
765 4215 1012 4302 desiderunt.

350 4344 503 4451 Quibus
531 4345 664 4447 euim,
699 4343 816 4457 ¹quod
846 4344 969 4453 diait,
1011 4347 1094 4431 'non
1129 4345 1181 4432 ud
1211 4344 1461 4456 superiorem
1490 4372 1653 4430 sensmu

239 4473 413 4578 attinet,
448 4475 518 4561 sed
547 4477 692 4563 melius
721 4476 774 4562 ad
803 4476 1039 4564 inferiorem
1067 4505 1231 4562 sensum
1260 4473 1403 4562 relerri
1432 4473 1577 4574 debet,
1609 4477 1655 4558 ut

231 4603 294 4718 ¹uit
320 4605 593 4693 construatior
622 4585 716 4692 ideo
744 4613 964 4719 angustam
993 4607 1102 4724 viam
1130 4599 1346 4719 arripiant,
1376 4603 1483 4689 ande
1512 4603 1653 4690 Domi·
1804 4713 1807 4718 Ι

240 4714 328 4819 uas
345 4735 466 4824 dicit:
500 4737 687 4846 Arrysmto
713 4737 781 4825 viu
809 4743 880 4840 ost,
909 4763 1011 4847 qrsoe
1033 4739 1143 4825 duait
1166 4737 1223 4823 ad
1250 4735 1385 4822 mmor.
1443 4732 1551 4835 uuir
1588 4733 1653 4856 Illi

240 4863 400 4974 iratres,
427 4869 575 4982 quibus
604 4867 808 4956 incumbit
835 4896 950 4957 amor
972 4867 1190 4992 gradiendi
1211 4866 1404 4955 advitam
1433 4870 1654 4954 aeternam.

241 5053 503 5075 Ἠ

286 5243 289 5253 Δ
331 5151 359 5244 ⁸)
380 5149 425 5224 a.
448 5149 580 5246 ulmo,
603 5157 691 5228 aa.
712 5155 766 5227 ss.
790 5175 892 5228 saal..
916 5153 993 5228 aaa.
1015 5173 1094 5247 ap.
1118 5152 1169 5225 ro.
1192 5171 1288 5270 auru.
1312 5129 1481 5224 1o-m.'

328 5261 358 5353 ι)
380 5265 418 5334 ot
439 5261 555 5336 oitius.
602 5263 689 5338 cau.
711 5261 918 5354 Farrruemm.
956 5347 958 5356 Α
1321 5355 1324 5362 ,

310 5384 500 5453 nura-ausa..
522 5389 672 5458 anamim
689 5389 815 5456 rog-100.
945 5444 947 5454 ,
1221 5375 1223 5382 ’
1404 5375 1476 5456 13ss
