3968 5774
84 339 100 364 ,s
189 265 271 352 420
377 215 385 242 '
743 265 831 359 up.
854 260 1038 343 xxxva.

152 599 155 604 Ι
187 483 450 596 pacsanum
485 472 641 571 imm*
657 463 894 571 asmata
930 487 1052 574 aaa.
1109 487 1244 576 nona
1280 487 1407 573 aaa
1452 487 1515 572 an
1556 487 1644 612 a,

187 613 406 700 refectorio
433 617 644 726 porrigere
670 616 895 727 aliqnando
922 617 973 701 de
1001 621 1097 706 cibo
1124 619 1312 730 hospitis,
1340 624 1390 703 ut
1410 618 1481 704 illc
1495 623 1600 705 sciat

187 773 324 863 amare
362 741 549 830 noi-main
590 745 849 830 rectitudinis
877 755 920 832 et
957 751 1269 860 quusi'suasus,
1292 749 1527 835 istomodo
1554 751 1597 834 iu

188 875 330 960 melios
357 877 561 985 proficiat.
619 875 687 959 lili
714 883 852 960 auum
887 877 1063 987 intanti,
1090 910 1212 995 qoem
1251 881 1426 978 vanitati
1455 881 1601 968 uiderit

116 1035 139 1076 s
186 1035 273 1090 esse
300 1007 497 1104 deditum,
526 1035 618 1092 cum
637 1009 746 1092 bauo
776 1011 1007 1116 porrexerit
1034 1012 1087 1098 de
1111 1013 1205 1099 cibo
1223 1011 1410 1120 hospitis,
1438 1011 1601 1096 subtra-

187 1135 285 1219 herc
312 1137 437 1220 etiam
467 1135 518 1221 de
545 1138 639 1222 cibo
669 1137 809 1238 debet,
837 1143 886 1222 ut
912 1139 996 1242 ille,
1024 1170 1117 1226 euru
1146 1141 1294 1226 viderit
1322 1142 1448 1226 ulium
1467 1141 1600 1225 hauo-
1768 1143 1775 1156 '

187 1294 279 1348 rure
306 1270 350 1348 et
376 1248 420 1362 se
443 1265 564 1378 quusi
600 1274 886 1368 contemnere,
914 1269 1129 1354 crubescet
1156 1269 1208 1354 de
1235 1298 1308 1355 sua
1348 1271 1531 1354 uanitate
1558 1277 1601 1356 et

152 1415 155 1422 ’
188 1396 303 1503 quusi
323 1423 465 1478 srrnsus
479 1403 590 1479 eruet
612 1396 924 1499 continentiam,
944 1399 1066 1481 sicuti
1081 1405 1126 1482 et
1139 1398 1266 1482 alimu
1284 1399 1435 1484 viderit
1448 1428 1598 1488 aurare.

118 1589 121 1594 ,
149 1604 151 1610 ,
188 1505 505 1607 Sedecieudum
534 1532 610 1626 est,
639 1526 736 1636 quia
761 1529 918 1610 aestiuo
938 1534 1122 1636 tempore
1142 1557 1224 1610 unu
1248 1530 1402 1613 debent
1420 1527 1599 1613 infantes

44 1653 48 1660 ’
189 1654 248 1738 ua
275 1655 513 1766 praeuenire
541 1683 724 1757 coeumn,
753 1657 858 1740 sicut
874 1665 1030 1740 sextam
1054 1661 1323 1767 praeveniunt
1339 1661 1599 1770 generaliter,

131 1841 135 1848 ·
189 1785 267 1868 uisi
296 1786 532 1904 sartecales
558 1792 656 1870 suut
685 1789 744 1872 ita
763 1790 893 1897 patrui,
923 1793 970 1872 ut
986 1789 1165 1873 debeant
1184 1793 1436 1900 praevenire.
1477 1781 1601 1876 Nune

130 2023 134 2030 ι
188 1923 327 2000 autem
356 1917 609 2028 inspicienda
636 1923 735 2004 sunt
764 1919 900 2006 verba.

298 2048 515 2158 Sequitur:
544 2049 657 2134 Licet
672 2051 763 2154 ipsa
784 2058 933 2135 natura
956 2052 1133 2137 Ιιιιιιιιιιια
1157 2053 1344 2137 tradatur
1367 2033 1429 2138 ad
1440 2053 1600 2136 miseri-

79 2197 83 2206 '
188 2178 369 2264 cordiam
395 2181 439 2262 ia
468 2179 535 2265 dis
560 2181 769 2280 aetatibus,
798 2207 939 2266 scama
969 2181 1149 2268 uidelicet
1166 2191 1203 2268 et
1220 2187 1438 2290 trajectum,
1465 2190 1597 2268 tauuu

166 2317 229 2400 ,et
255 2309 417 2418 tepulae
442 2315 662 2398 arroteritae
688 2314 747 2394 eis
772 2316 1009 2420 prospiciat.
1055 2315 1340 2400 Consideretar
1357 2317 1399 2397 iu
1418 2315 1480 2398 eis
1495 2341 1601 2398 serra·

122 2447 127 2460 '
188 2467 266 2544 per
293 2440 564 2542 irrcdceitiitas,
593 2451 629 2526 et
657 2443 885 2527 rarriiateaas
912 2439 971 2527 eis
999 2445 1199 2529 districtio
1234 2448 1396 2554 repaiac
1422 2453 1602 2528 teneatur

142 2633 146 2644 .
194 2571 238 2652 ia
268 2570 484 2672 adurentis,
513 2573 586 2656 sat
612 2575 667 2657 sit
693 2574 737 2656 iu
766 2575 925 2680 cispio
954 2575 1248 2677 consideratio,
1276 2582 1313 2657 ct
1334 2575 1602 2679 praeeeuiaat

166 2702 317 2784 *aa-as
342 2704 569 2786 carrouicos.
627 2703 750 2804 Licet,
779 2704 806 2792 i.
834 2734 869 2791 e.
898 2705 1085 2815 quamvis
1114 2751 1165 2768 -
1193 2734 1243 2790 ac
1269 2705 1304 2789 si
1332 2703 1487 2789 diceret
1511 2705 1601 2787 aliis

194 2830 352 2914 verbis:
395 2829 587 2927 Quamuis
625 2833 713 2942 ipsu
742 2817 890 2920 nature
919 2835 1099 2918 irumuuu
1126 2832 1266 2916 trahat
1292 2834 1345 2917 ud
1375 2833 1602 2918 misericor·

155 2953 164 2970 ’
193 2961 301 3044 sliam
331 2960 373 3042 iu
402 2960 467 3043 his
492 2964 717 3066 aetatibus,
747 2993 890 3048 senum
920 2964 1110 3048 videlicet
1137 2969 1181 3046 et
1207 2963 1434 3066 intantum,
1462 2969 1600 3046 taureu

53 3176 57 3184 ,
158 3093 161 3102 '
193 3097 238 3175 et
265 3121 345 3200 ego
373 3094 424 3177 de
451 3092 533 3176 iliis
561 3094 694 3204 legem
723 3097 953 3196 constituo,
983 3100 1030 3177 ut
1060 3096 1186 3198 sorte,
1225 3098 1259 3176 si
1299 3095 1447 3205 aliquis
1475 3093 1601 3177 durus

132 3261 137 3272 ·
195 3254 277 3308 riou
304 3229 460 3310 tractus
476 3225 601 3308 fucrit
629 3225 682 3310 ad
705 3227 1037 3326 urisericordiam,
1066 3227 1311 3312 corrstrictus
1339 3227 1479 3335 alege
1498 3226 1601 3310 mol-

194 3358 321 3441 lescat
348 3364 390 3442 et
418 3357 650 3467 compulsus
678 3363 892 3444 reuocetur
919 3359 971 3441 ad
1001 3357 1335 3444 misericordiam.
1383 3355 1602 3458 secludar,

194 3491 220 3577 i.
259 3519 294 3577 e.
331 3495 589 3601 provocetur.
656 3487 837 3574 Infantia
884 3490 1035 3574 etenim
1076 3495 1139 3572 est
1184 3517 1312 3597 usquc
1352 3487 1405 3572 ud
1445 3495 1603 3599 septem

182 3649 345 3726 anuos,
382 3623 556 3732 pueritia
584 3649 681 3705 uero
718 3622 926 3733 usquead
968 3621 1302 3728 quatuordecim,
1329 3619 1606 3704 adolescentia

195 3755 347 3864 quippe
391 3755 538 3863 viginti
578 3761 695 3856 octo,
733 3755 932 3861 juventus
961 3781 1138 3860 uaurque
1177 3753 1479 3861 quinquaginta
1521 3779 1605 3849 sex,

194 3892 382 3970 senectus
418 3887 683 3994 septuaginta
724 3913 816 3981 sen
859 3893 1002 3994 postea
1044 3883 1254 3992 decrepita
1289 3889 1403 3966 actas
1442 3883 1605 3968 dicitur.

112 4010 115 4017 ’
198 4017 252 4100 idt
287 4015 365 4101 hoc
402 4017 629 4099 rrartnudmu
669 4024 754 4117 est,
783 4015 880 4125 quia
907 4044 990 4100 non
1026 4014 1159 4100 solum
1187 4014 1238 4097 de
1267 4013 1350 4095 iilis
1377 4011 1608 4095 infantibus
1705 4129 1709 4138 ,

10 4201 15 4210 -
146 4243 155 4251 ι
197 4146 298 4230 dicit
326 4146 482 4258 regula,
510 4146 581 4256 qni
612 4175 739 4256 usquc
765 4153 921 4257 septem
951 4150 1050 4229 suut
1077 4174 1232 4248 urrnos,
1260 4142 1332 4228 sed
1360 4145 1485 4226 etiarn
1515 4147 1609 4251 post

195 4281 366 4386 septem,
395 4279 421 4364 i.
451 4307 485 4363 e.
516 4307 644 4388 usqne
672 4284 825 4388 septem
854 4277 979 4361 debet
1005 4305 1092 4360 esse
1119 4275 1343 4368 maximum
1366 4273 1547 4358 studium
1566 4277 1609 4353 et

110 4405 127 4470 '·
194 4411 479 4516 augmentatio
508 4409 551 4491 in
580 4408 800 4509 alimentis,
827 4415 923 4519 post
950 4414 1105 4517 septem
1127 4433 1224 4490 uero
1247 4405 1394 4504 minus,
1424 4408 1466 4486 et
1485 4409 1607 4512 prout

83 4641 86 4650 Ι
195 4539 359 4622 videtur
395 4539 522 4623 robur
560 4540 604 4623 iu
644 4539 726 4622 illis
764 4527 863 4623 esse.
920 4541 985 4626 Ita
1014 4537 1137 4622 etiam
1165 4536 1217 4620 de
1253 4533 1420 4619 senibus
1457 4533 1609 4617 intelli·

196 4673 374 4784 gemtum
412 4679 488 4760 est.
544 4669 594 4756 ln
635 4671 842 4782 decrepita
882 4701 981 4756 vero
1018 4675 1175 4772 aetate,
1203 4668 1309 4754 sicut
1336 4669 1378 4752 iu
1408 4666 1608 4764 infantiae

66 4847 68 4854 ·
196 4809 238 4890 iu
279 4811 488 4894 senectute
523 4805 684 4910 miuus,
713 4802 756 4886 iu
786 4806 994 4918 decrepita
1023 4805 1200 4888 maxime
1238 4799 1485 4914 prospiciat,
1514 4799 1541 4888 i.
1570 4825 1607 4885 e.

195 4940 319 5048 louge
332 4941 516 5050 aspiciat.
558 4935 835 5038 Irudcer'ttdau
857 4937 885 5027 i.
899 4966 934 5026 e.
951 4937 1184 5022 teneritudo
1200 4936 1265 5020 uei
1278 4934 1607 5046 pusillanimitas.

196 5071 586 5180 Distrieticrepuiae
600 5073 751 5156 attinet
768 5071 819 5155 ad
843 5069 1083 5180 qualitatem
1099 5071 1300 5171 ciborum,
1322 5069 1349 5155 i.
1362 5095 1398 5152 c.
1419 5067 1505 5150 sive
1519 5092 1608 5151 cur·

197 5206 309 5286 uium
323 5205 629 5312 qmuirupedum
643 5233 711 5286 seu
726 5205 850 5286 etiarm
866 5203 1090 5285 volantium
1107 5211 1149 5282 et
1165 5209 1390 5283 ceterorum
1407 5199 1606 5283 ciborum.
