3968 5774
206 297 301 386 486-
631 363 641 394 ,
771 233 864 390 v(lau.
886 289 1058 370 111er

207 523 312 623 rum,
351 521 410 602 ut·
427 513 607 602 laidoma
641 515 757 622 dicit,
773 517 807 630 ¹)
834 525 998 604 martur
1034 547 1062 604 a
1093 517 1230 628 pulle,·
1269 519 1355 604 rire
1391 518 1499 606 euim
1533 516 1620 604 mla

206 647 351 758 preliis,
378 649 463 734 aire
488 649 588 758 qaid
614 647 732 736 uliud
757 652 846 758 ejus
865 651 1348 757 pmrrirtiurreauurutur,
1368 648 1621 760 palarentur·

203 782 372 888 proprie
398 779 560 868 elicitur.
615 777 771 867 Reddit
796 779 907 867 enim
936 809 1125 885 eaumm,
1154 811 1282 894 qnare
1316 783 1399 869 (1ιιο
1434 781 1624 896 pulmen-

31 933 36 942 ·
208 912 316 994 turia
335 914 454 995 enata
476 908 640 1011 dixerit,
668 937 763 996 uum
783 910 1023 1021 subjunxit:
1045 919 1214 1020 propter
1236 915 1485 998 diversoum
1502 915 1622 1020 iufir-

207 1040 388 1143 urilules,
413 1043 457 1121 ul
479 1037 588 1143 [urie
614 1040 684 1146 qui
710 1067 761 1123 ea
789 1067 868 1124 ιιιιο
895 1067 974 1125 uon
995 1043 1173 1148 polum-it
1200 1045 1341 1144 eriere,
1367 1071 1419 1128 ex
1445 1042 1530 1125 ulio
1558 1070 1621 1125 re·

205 1169 390 1276 ricinum,
417 1195 467 1253 aa
494 1167 529 1251 si
557 1169 732 1254 diceret:
771 1169 871 1255 Ideo
899 1173 992 1257 dieo
1019 1172 1102 1256 duo
1132 1173 1428 1282 pulmentaria,
1455 1185 1524 1273 ut,
1552 1173 1622 1282 qui

210 1327 293 1380 unu
323 1266 462 1410 polest
488 1328 537 1381 ex
566 1328 651 1384 uno
680 1299 810 1404 edere,
839 1331 890 1386 ex
913 1302 996 1387 ulio
1017 1303 1238 1392 reficiatur.
1282 1301 1339 1386 Et
1369 1303 1447 1386 hoa
1475 1307 1624 1384 notau-

157 1527 160 1534 ,
210 1430 307 1514 dum
347 1412 451 1535 ea,
475 1438 523 1515 ut
559 1430 650 1535 ille,
693 1431 763 1542 qui
799 1462 850 1517 ex
887 1463 971 1520 uno
1008 1435 1295 1520 tautummodo
1326 1438 1465 1545 puteat
1491 1433 1625 1537 edere,
1697 1497 1700 1507 .

210 1565 375 1646 tautum
406 1563 582 1672 accipiat
607 1591 659 1647 ex
688 1563 772 1666 illo,
802 1574 1001 1674 quantum
1028 1566 1091 1650 illi
1118 1567 1346 1651 suffecisset
1372 1594 1422 1650 ex
1451 1565 1623 1649 druobua.

78 1691 82 1700 ’
209 1693 254 1778 Si
283 1721 380 1776 reru
407 1723 491 1777 uon
521 1694 705 1806 potuerit
730 1699 856 1782 etiam
889 1729 938 1798 eu
969 1699 1040 1784 illo
1068 1699 1202 1807 prium
1229 1698 1376 1800 edere,
1405 1696 1527 1780 detur
1565 1694 1624 1777 illi

210 1853 372 1911 cuneum
399 1833 473 1910 aut
500 1855 579 1911 ura
605 1833 678 1910 aut
704 1827 829 1932 aliud,
858 1830 969 1939 quud
999 1831 1230 1918 maurlueel.

166 1949 170 1960 ’
322 1958 539 2070 Sequitur:
580 1959 694 2069 Erue
719 1962 799 2044 rlrro
817 1961 1094 2068 pulmentaria
1126 1969 1233 2049 coela
1260 1961 1464 2067 [ruentes
1496 1961 1626 2044 nurui·

210 2091 285 2175 bue
310 2089 531 2195 sufficiunt.
587 2092 701 2176 Istud
729 2119 824 2204 erqo
862 2095 1047 2205 nuperius
1086 2094 1272 2206 respicit,
1310 2121 1358 2178 ae
1380 2095 1415 2176 si
1450 2091 1626 2176 eliceret:

211 2222 325 2332 Ergo
359 2221 454 2330 quia
483 2223 745 2332 eredimus,²)
783 2227 865 2312 (luo
899 2226 1173 2336 pulmentaria
1201 2225 1410 2310 aurificiaut
1437 2223 1627 2307 unuribus

212 2353 420 2436 iratribus.
1091 2360 1095 2368 '
1391 2383 1395 2392 ·

321 2481 538 2594 Sequiturt
578 2483 637 2566 El
669 2486 709 2569 si
739 2486 943 2598 lraeriul³)
981 2486 1125 2596 [ιιιιιῐι]
1157 2511 1284 2592 prorue
1322 2489 1393 2568 urrl
1418 2484 1625 2569 auerruliu

99 2617 102 2624 ’
211 2613 467 2724 lumiminum,
493 2599 674 2700 urldutur
699 2622 738 2700 et
763 2621 936 2707 tertium.
981 2617 1204 2702 Nuseeuliu
1230 2615 1473 2724 leyuruiuum
1502 2614 1625 2697 intel·

87 2857 93 2868 ‚
212 2747 400 2857 ligantur
419 2748 706 2856 germinantia,
735 2749 832 2860 quia
859 2777 949 2833 nroa
975 2756 1039 2832 est
1067 2749 1176 2833 illius
1199 2755 1335 2832 terrae
1361 2752 1406 2833 et
1432 2771 1626 2830 romanae

158 2969 167 2986 ‚
210 2887 255 2961 et
280 2876 451 2961 aliarum
482 2879 800 2986 prouinciarum,
832 2883 994 2965 mittere
1021 2879 1231 2990 legumina
1256 2879 1300 2961 iu
1323 2907 1443 2990 aqua,
1471 2883 1515 2961 et
1534 2903 1626 2960 eum

161 3109 165 3116 ¹
211 3008 443 3118 germinata
470 3008 639 3114 fuerint,
666 3015 767 3096 tune
795 3010 1058 3094 manducant.
1110 3009 1201 3094 Hoe
1229 3015 1368 3093 autern
1397 3007 1624 3093 notandum

210 3145 287 3242 eat,
315 3141 412 3250 quia
437 3139 482 3222 in
511 3139 655 3224 diebus
680 3141 864 3251 priuatis,
891 3141 925 3223 si
945 3169 1028 3226 nun
1048 3139 1175 3225 fuerit
1195 3139 1309 3224 calor
1329 3144 1405 3223 aut
1429 3137 1627 3220 maximus

212 3272 351 3374 labor,
388 3271 471 3354 duo
512 3271 665 3358 debent
704 3301 791 3358 ease
829 3273 880 3357 ad
916 3277 1074 3356 sextam
1116 3271 1394 3380 pulmentaria
1428 3275 1547 3353 eoeta
1584 3275 1627 3350 et

212 3431 339 3486 uuum
376 3403 576 3507 eundum,
604 3409 648 3488 et
680 3405 734 3489 ad
755 3389 902 3489 ¹aarum
941 3403 1108 3488 tertium
1139 3409 1324 3508 coetum,
1352 3402 1386 3484 si
1415 3397 1626 3484 eoeuaturi

211 3539 330 3641 aunt,
358 3534 410 3619 ud
446 3533 773 3619 aestimationem
811 3535 950 3646 panis,
983 3535 1011 3618 i.
1041 3561 1077 3622 e.
1106 3534 1203 3645 quia
1238 3533 1346 3618 sieut
1382 3534 1472 3643 ipae
1508 3529 1624 3630 dixit,

161 3773 164 3780 ι
212 3667 313 3751 duaa
349 3671 490 3780 partes
528 3667 658 3751 librae
697 3667 815 3778 panis
856 3665 980 3752 debet
1020 3663 1247 3753 morraehus
1289 3663 1535 3749 mnrrduuare
1574 3659 1627 3744 ml

211 3803 391 3902 sextam,
420 3804 463 3883 et
490 3801 651 3884 tertiam
680 3801 732 3885 ad
761 3827 915 3904 seram,
943 3801 977 3884 ai
1005 3805 1256 3886 coenaturus
1284 3803 1368 3898 (εις
1406 3797 1467 3881 ita
1502 3795 1625 3879 etium

212 3931 265 4015 de
293 3933 514 4041 pulmentis
541 3931 810 4050 intelligitur,
837 3932 879 4018 h.
908 3961 945 4016 e.
973 3931 1056 4016 (luo
1085 3932 1299 4041 pulmenta
1326 3933 1445 4016 encta
1474 3927 1628 4012 habeat

212 4061 438 4146 monachus
464 4061 518 4145 ad
543 4067 711 4164 sextam,
741 4067 786 4148 et
806 4063 975 4146 tertium
997 4061 1183 4170 umdurn,
1211 4069 1254 4148 et
1275 4062 1326 4146 ad
1347 4089 1479 4146 seram
1498 4087 1625 4144 unum

212 4192 468 4300 pulmentum
505 4197 687 4298 coetum,
716 4193 828 4304 qnod
867 4197 930 4276 eat
959 4193 1049 4303 jam
1087 4195 1256 4278 tertium
1290 4177 1475 4294 eoelum,
1503 4191 1626 4274 manti

212 4323 375 4408 tertiam
414 4327 573 4433 partem
610 4323 739 4408 librae
778 4323 909 4433 panis.
966 4323 1011 4408 Si
1047 4328 1186 4408 autem
1226 4325 1277 4408 ad
1317 4351 1470 4409 nonam
1503 4321 1629 4405 luerit

212 4453 485 4539 manducandi
514 4459 690 4566 tempus,
713 4457 838 4563 jussit
862 4456 953 4542 dari
972 4456 1054 4542 duo
1073 4457 1283 4565 pulmenta
1300 4461 1418 4540 eoeta
1438 4460 1482 4537 et
1500 4479 1624 4534 nuum

68 4604 82 4644 ²
211 4586 422 4708 crudum.¹
453 4583 545 4672 Hoc
573 4583 814 4691 notandum,
843 4587 940 4700 quia
968 4617 1091 4700 poma
1118 4591 1192 4672 ant
1218 4585 1450 4671 adsertam
1479 4583 1544 4667 rel
1573 4581 1625 4666 ml
1675 4581 1677 4584 ’

212 4747 342 4806 ueram
372 4718 524 4804 debent
550 4719 639 4804 dari
666 4718 718 4804 ad
746 4746 937 4819 coenam3
976 4748 1074 4805 nam
1113 4720 1165 4805 ad
1204 4747 1356 4806 nonam
1394 4718 1436 4801 in
1470 4715 1628 4802 aestivo

11 5025 16 5035 '
143 5065 145 5070 ·
218 5077 222 5086 ·
302 5055 330 5143 ι)
351 5049 552 5144 Etymulag.
574 5050 639 5124 lib.
661 5050 717 5126 20.
739 5071 818 5143 cup.
840 5053 873 5125 2.
895 5075 930 5128 u.
952 5053 984 5126 7.
1080 5061 1083 5068 “

300 5167 330 5257 ²)
351 5163 511 5237 sustinere
533 5163 583 5254 (l)
632 5167 637 5176 '

300 5282 332 5366 ἱ)
355 5274 462 5346 tuerit
482 5273 530 5366 (l)
