4334 5750
480 225 589 338 *82
658 239 663 249 ·
772 293 779 310 .
1173 219 1326 312 -capn

536 467 673 541 mune,
702 437 731 526 i.
760 468 796 529 e.
826 465 950 548 opere
978 439 1169 523 munibus
1198 437 1403 540 exercere,
1439 439 1510 524 sed
1539 439 1583 522 in
1612 437 1691 524 lroo
1719 437 1952 550 discrepent

534 570 712 674 abillis,
752 571 858 681 quin
877 569 1139 672 coenobitae,
1179 570 1376 680 quidquid
1404 575 1556 682 ugnnt,
1595 569 1698 654 nilril
1727 569 1946 656 seeundum

535 703 789 788 voluntatem
818 729 935 786 snam
963 706 1119 812 egunt,
1157 701 1224 784 isti
1254 729 1353 787 roro
1381 704 1521 788 onmia
1552 701 1777 786 secundun:
1805 703 1948 808 rolun‘·

534 841 661 919 totenr
690 862 806 922 suum
836 833 1039 922 laborant.
1095 833 1347 922 coenobitae
1377 865 1459 920 nou
1487 817 1691 932 laborent,
1720 839 1765 916 nt
1793 833 1947 920 domiui

534 969 619 1050 sint
657 967 843 1054 laborum
884 997 1070 1066 snorum,
1120 969 1190 1052 sed
1231 997 1394 1053 ounreur
1436 967 1617 1052 laborem
1669 967 1710 1052 in
1747 973 1949 1078 potestate

533 1100 683 1209 prioris
711 1101 960 1200 consistunt:
989 1101 1059 1184 isti
1081 1129 1177 1186 roro
1205 1101 1359 1186 ideirco
1382 1101 1584 1200 laborant,
1613 1104 1662 1183 ut
1683 1099 1839 1183 doruini
1867 1099 1948 1183 sint

533 1233 720 1318 tuborum
748 1261 913 1318 suornnr
944 1243 986 1318 et
1014 1235 1183 1319 ditiores
1206 1234 1320 1320 liant.
1379 1233 1484 1318 l'ide
1505 1232 1640 1336 ruodo,
1668 1235 1779 1343 quin,
1807 1261 1950 1344 qnoru-

533 1365 594 1449 vis
622 1363 769 1450 habitu
798 1367 1018 1451 uideantur
1046 1363 1255 1470 monaehi,
1296 1371 1434 1450 tamen
1463 1364 1695 1452 notionibus
1724 1366 1948 1452 saeculares

313 1602 317 1610 ¹
535 1499 731 1600 existunt,
762 1504 804 1582 et
831 1503 1049 1609 propterea
1077 1500 1183 1582 dixit
1212 1501 1254 1588 S.
1284 1499 1554 1585 Benedictus:
1593 1497 1738 1584 Adluro
1763 1499 1950 1602 operitur:

176 1668 184 1685 ·
422 1645 424 1650 ’
534 1637 739 1714 seruantes
753 1630 911 1714 surculo
925 1633 1062 1736 fidon,
1090 1633 1256 1715 uroutiri
1272 1631 1362 1716 Deo
1385 1659 1464 1738 per
1490 1639 1700 1715 tonsuram
1719 1636 1947 1715 noscuntur.

645 1762 861 1872 Sequitur:
891 1762 969 1866 Qui
988 1761 1073 1844 dini
1087 1768 1158 1844 aut
1171 1764 1279 1845 toiri
1296 1771 1366 1845 unt
1382 1771 1486 1846 certe
1500 1761 1652 1867 sirrpuli
1672 1765 1946 1866 surepasrue,

535 1917 614 1980 :rou
656 1893 891 1991 clonn'nicr's,
930 1891 1003 1972 sed
1038 1893 1128 1974 suis
1163 1891 1311 1974 inclusi
1350 1892 1544 1994 ouilibus,
1573 1917 1657 1997 pro
1691 1892 1774 1998 iope
1806 1891 1866 1971 eis
1892 1899 1948 1974 ost

535 2020 827 2104 «desideriorum
856 2022 1053 2127 uoluptas.
1111 2022 1232 2105 Certe
1259 2023 1310 2106 de
1351 2025 1439 2104 istis
1477 2023 1608 2110 enirn.
1649 2019 1835 2130 qnuurris
1864 2019 1948 2101 lrini

535 2165 609 2236 aut
636 2153 743 2236 terni
772 2151 841 2236 unt
873 2151 1025 2261 singuli
1050 2153 1224 2234 inueniri
1248 2154 1418 2262 possint,
1448 2157 1585 2236 tomen
1609 2157 1747 2262 potest
1772 2149 1946 2256 intelligi

536 2312 609 2393 per
623 2286 743 2368 binos
757 2292 800 2368 et
811 2285 941 2367 trinos
957 2289 1001 2365 et
1013 2283 1200 2392 singulus
1216 2285 1520 2368 rnultltndiuern
1547 2286 1633 2366 sire
1647 2283 1905 2395 paucitatem.
1918 2283 1947 2388 ¹)

537 2417 637 2503 Siue
664 2426 834 2523 purstoro
868 2416 1021 2500 ideireo
1048 2414 1170 2516 dicit,
1206 2419 1303 2526 quin
1330 2422 1401 2500 unt
1431 2417 1519 2501 sine
1548 2423 1712 2526 pastore
1740 2423 1850 2514 suut,
1878 2421 1949 2498 aut

535 2555 646 2634 certe
674 2551 707 2632 si
732 2555 933 2660 pastorem
950 2548 1168 2631 uideantur
1189 2548 1353 2650 lrulrere,
1381 2555 1519 2634 tunrou
1543 2551 1632 2634 sino
1656 2556 1820 2660 pastore
1842 2555 1949 2644 sunt,

432 2693 435 2703 ‘
536 2685 633 2793 quin
670 2683 842 2766 similem
882 2682 983 2780 sibi,
1025 2680 1052 2765 i.
1085 2709 1122 2766 e.
1156 2683 1480 2766 consentientem
1500 2685 1623 2766 uitiis
1661 2684 1746 2765 suis
1786 2683 1948 2768 hubent.

537 2814 660 2899 Nune
706 2805 926 2921 ridendum
967 2820 1052 2918 est,
1103 2842 1230 2923 quore
1266 2814 1378 2898 dicut
1415 2813 1456 2898 S.
1497 2813 1744 2896 Benodietus
1783 2814 1951 2898 orilitnrs

366 2991 371 3002 ·
466 2937 467 2942 Ν
534 2947 763 3056 pluraliter,
791 2975 884 3030 oum
916 2945 1116 3028 lloruinus
1144 2945 1274 3030 rliont:
1304 2946 1421 3028 Unus
1447 2951 1588 3055 pust-ur
1614 2951 1657 3030 et
1687 2975 1813 3031 unum
1843 2949 1949 3030 urile

536 3085 611 3164 ost.
668 3079 712 3162 Si
741 3081 850 3163 enirn
879 3083 1020 3189 postor
1048 3082 1248 3162 ret'orutur
1274 3078 1326 3162 :nl
1346 3077 1567 3169 Clnistrnu,
1598 3108 1704 3162 nnus
1725 3083 1869 3188 pastor
1888 3085 1950 3160 en

537 3219 580 3295 et
608 3241 732 3294 ununr
763 3213 869 3295 urile
896 3218 983 3312 est:
1023 3213 1055 3294 si
1085 3213 1286 3295 reseretur
1321 3209 1373 3295 :nl
1404 3239 1526 3295 runnu
1558 3211 1703 3312 tidern,
1741 3211 1794 3294 nd
1825 3239 1948 3295 rrrnrrn

537 3345 784 3454 baptisrnuru
814 3350 856 3429 et
883 3345 934 3427 ud
964 3374 1086 3427 ununr
1116 3345 1487 3428 rennrnerutiouenr
1511 3347 1701 3427 notorune
1730 3344 1948 3434 felicitatis,

535 3506 663 3560 uuurn
692 3477 799 3562 ovile
826 3483 901 3578 est,
932 3477 972 3560 id
1001 3481 1083 3578 est,
1112 3503 1194 3559 uun
1216 3463 1392 3560 ¹eeclesia
1420 3481 1494 3560 est.
1552 3472 1658 3558 ltenr
1686 3475 1719 3558 si
1751 3477 1949 3560 reseratur·

533 3637 640 3692 nnus
669 3613 810 3720 pastor
850 3610 901 3694 :ul
942 3609 1121 3692 diversos
1161 3608 1375 3718 episeopus
1415 3613 1457 3690 et
1495 3605 1654 3691 eeteros
1693 3609 1948 3718 praepositos

533 3747 697 3824 snuotue
724 3738 930 3840 eeclesiae,
959 3740 1078 3824 inulti
1108 3749 1291 3851 pastores
1319 3746 1428 3828 suut.
1473 3739 1673 3824 Similiter
1693 3740 1726 3822 si
1751 3743 1950 3823 ret'erntnr

535 3901 660 3958 nurnn
689 3871 808 3977 ovile,
829 3875 868 3958 id
893 3881 954 3958 est
983 3880 1126 3960 sanctu
1145 3874 1314 3958 eoelesiu
1333 3875 1385 3958 ud
1409 3873 1687 3958 diuturnitatem
1718 3873 1948 3982 linguarum

454 4051 456 4056 ·
513 4011 617 4093 ‘sivo
645 4008 697 4092 :ul
728 4007 837 4090 donn
864 4003 1003 4088 Sancti
1033 4007 1231 4116 Spiritus,
1261 4008 1417 4092 inultae
1444 4005 1637 4090 eeclesiae
1664 4012 1773 4089 sunt.
1835 4002 1949 4086 Unde

531 4140 714 4225 loannes
744 4137 1007 4248 llrurrgelistn
1048 4145 1218 4250 propter
1254 4145 1412 4250 septen:
1451 4139 1560 4222 rlunn
1602 4139 1745 4221 Snneti
1774 4136 1950 4247 Spiritus

533 4280 689 4382 septeni
718 4271 897 4356 eeclesiis
925 4273 1088 4382 scripsit
1117 4272 1411 4384 Apocalypsin.

644 4404 858 4517 Sequitur:
904 4403 987 4489 Pro
1014 4403 1099 4511 trpe
1125 4406 1185 4490 eis
1211 4414 1269 4489 est
1296 4405 1590 4492 ‹lrsirleriorunr
1618 4405 1815 4512 rolrrptus,
1848 4429 1948 4500 curn,

531 4539 728 4648 quidquid
748 4539 982 4645 pertulerint
1010 4534 1069 4620 rel
1085 4537 1285 4648 cleperint,
1313 4538 1386 4623 dnn
1401 4540 1542 4624 rticrrut
1557 4544 1753 4644 suu-rum,
1782 4545 1818 4620 rt
1845 4535 1950 4643 pirent

531 4672 742 4774 induerint,
782 4671 853 4756 lror
873 4678 1021 4778 putant
1051 4697 1127 4757 nou
1147 4671 1277 4757 licere.
1309 4721 1358 4741 -
1403 4671 1595 4758 Voluntas
1623 4701 1697 4782 per
1726 4697 1765 4760 u.
1787 4669 1951 4780 proprie

395 4843 399 4852 ·
531 4835 691 4918 sernper
720 4807 761 4889 in
792 4805 903 4890 bono
933 4805 1112 4915 ponitur,
1140 4807 1326 4918 qumuris
1355 4807 1524 4890 :riunire
1553 4807 1595 4889 iu
1623 4806 1731 4889 nrulo
1752 4813 1950 4916 ponatur:

369 5037 374 5044 Ι
429 5025 430 5030 Ν
529 4937 713 5042 roluptns
732 4965 829 5021 rero
847 4965 974 5046 perp.
996 4939 1161 5048 proprie
1181 4967 1343 5058 semper
1362 4940 1402 5022 in
1431 4941 1538 5024 runlu
1555 4939 1737 5050 ponitur,
1766 4936 1950 5046 rprunrris

619 5231 645 5310 ¹)
668 5221 859 5292 rnultiludo
881 5223 955 5292 nire
978 5224 1142 5313 paru-itus
1164 5229 1221 5310 (t).
