3960 5774
748 161 759 184 ‘
828 199 912 292 cap.
937 200 1127 280 xxxxix.
1599 210 1679 293 489

274 419 411 530 quiin
443 425 590 526 quarto
619 417 753 525 spatio
784 387 1003 530 horologii.
1032 422 1298 522 demonstrat.
1339 421 1404 506 ltu
1426 423 1547 508 etium
1564 426 1678 534 quiesi
1814 449 1818 455 ·

191 646 193 652 y
252 556 384 636 sextu
413 546 664 657 intelligunt,
695 547 774 634 hoe
802 554 876 650 est,
905 551 1019 661 quusi
1049 552 1203 662 aliquid
1223 553 1273 636 de
1292 560 1407 637 sextu
1429 560 1677 638 transactum

272 685 345 779 eit,
376 679 481 765 siout
520 683 718 788 punctus,
749 681 820 791 qui
856 681 899 764 in
940 686 1057 766 sexto
1096 684 1231 792 spatio
1260 690 1344 784 est,
1373 685 1540 769 indicet.
1598 683 1677 767 Sed

274 807 515 896 meliorest
553 837 692 894 sensns
729 811 935 920 superior,
977 811 1083 894 sicut
1118 813 1286 897 ubbntss
1324 814 1526 923 spiritales
1554 813 1678 896 intel·
1760 859 1765 870 ·

273 947 418 1050 lignnt.
478 939 539 1022 De
583 946 728 1023 octavu
770 941 872 1026 hora
913 971 996 1025 non
1037 948 1099 1024 est
1141 943 1331 1040 dubium,
1376 946 1472 1052 quin
1514 944 1678 1051 quando

272 1079 422 1156 exeunt
451 1068 500 1151 lle
530 1069 759 1170 refectorio,
790 1075 890 1156 tune
918 1077 980 1156 nst
1005 1071 1125 1181 plenu
1143 1077 1277 1166 sextus
1308 1071 1680 1155 deindedonnluut

270 1198 442 1309 septime
481 1197 581 1283 horu
618 1211 659 1284 et
699 1202 830 1284 nresliu
868 1207 1035 1299 octnrar
1075 1201 1220 1286 deinde
1256 1201 1564 1288 medin'oetnvu
1590 1229 1677 1285 sur·

271 1330 446 1440 gerulum
477 1339 548 1414 est.
610 1329 790 1439 Vespera
831 1359 927 1413 vero
967 1315 1087 1415 (lebet
1116 1329 1271 1416 canturi
1301 1329 1523 1414 inchoante
1552 1329 1678 1413 unde·

270 1465 385 1562 cinna,
409 1461 626 1544 siurtcrux
644 1461 831 1563 terlucet,
861 1490 965 1572 quae
988 1467 1050 1546 est
1071 1461 1111 1546 in
1130 1460 1291 1569 virgula
1306 1445 1473 1546 stenima.
1488 1462 1517 1564 Ι)
1560 1459 1679 1544 Unde

271 1597 338 1693 fit,
379 1595 411 1674 si
455 1592 637 1701 legitime
680 1591 946 1694 laboraveris,
984 1599 1084 1677 tune
1125 1593 1236 1677 omni
1277 1596 1461 1700 tempore
1500 1597 1704 1702 quatuor·

180 1809 183 1816 ,
269 1723 378 1842 [roris
417 1724 540 1807 (lebet
578 1723 766 1809 laborare
805 1725 1039 1810 monachus.
1098 1724 1195 1808 Ideo
1235 1721 1319 1805 dixi
1359 1723 1566 1809 inchoante
1604 1751 1677 1806 rarr-

268 1857 438 1954 decimu,
480 1855 575 1964 quia
615 1884 742 1964 usque
778 1857 830 1940 utl
860 1856 1057 1942 decimum
1094 1853 1248 1940 debent
1274 1855 1447 1963 operari.
1505 1853 1674 1937 Verum·

58 1983 62 2046 i
169 2073 171 2080 ,
268 1989 403 2069 tamen
433 1985 723 2070 consideranda
755 1992 818 2070 est
846 1987 1053 2094 quantitas
1082 1987 1281 2084 fruimur,
1312 1985 1432 2092 quie,
1473 1985 1508 2072 sl
1537 1986 1676 2070 multi·

267 2115 366 2198 tudo
396 2121 480 2213 est,
522 2119 646 2200 etiam
675 2117 716 2198 in
734 2117 901 2234 ,deeimu
941 2117 1044 2202 horu
1073 2117 1276 2203 uentundu
1311 2121 1374 2200 est
1403 2142 1587 2228 vespera,
1628 2146 1676 2203 eo

267 2246 374 2356 quod
406 2231 495 2332 ¹non
536 2255 671 2357 potest
714 2248 934 2334 multitudo
962 2251 1023 2334 itu
1051 2250 1134 2334 cito
1163 2273 1308 2358 agere,
1350 2251 1457 2338 sieut
1494 2251 1677 2359 paucitas
1808 2341 1814 2353 ,

266 2377 419 2488 aliquid
449 2379 620 2489 [minus]
652 2381 798 2489 agit.²)

770 2553 870 2659 Gap.
903 2551 1176 2638 XXXXIX.

476 2713 543 2790 nn
574 2713 972 2790 nnsnnvn'nnun
1002 2713 1466 2804 Qunnnnensumn.
1623 2683 1625 2688 ’

374 2859 567 2968 Superius
596 2857 703 2940 errim
725 2857 830 2940 dixit
846 2858 1177 2945 distributionem
1197 2867 1426 2970 temporum
1451 2867 1494 2946 et
1516 2860 1676 2944 dixerat

265 2989 383 3072 etiam
415 2988 464 3071 de
494 2989 813 3098 anrlregesinm
841 2992 966 3074 semel
995 2997 1038 3074 et
1066 2991 1150 3076 bis:
1181 2991 1274 3076 ideo
1301 3018 1554 3102 consequens
1582 2991 1676 3090 fuit,

265 3123 310 3200 nt
333 3119 470 3203 statim
490 3119 759 3229 subjungeret
774 3121 824 3204 (le
840 3120 1182 3230 anrlragesimee
1196 3120 1494 3207 observatione.
1534 3121 1676 3204 Scien·
1818 3162 1822 3168 ⁴

265 3249 359 3332 ‹lnm
389 3256 451 3333 est
478 3255 601 3350 enlm,
631 3249 728 3359 quia
757 3250 1089 3362 tlundrugesima,
1111 3282 1136 3335 n
1161 3251 1490 3363 quadragenario
1506 3277 1674 3334 numero
1783 3359 1791 3368 .

266 3389 547 3490 nuncupatum
588 3411 679 3464 num
721 3381 794 3465 XL
834 3382 976 3466 diebus
1016 3383 1220 3498 jejunavit
1259 3383 1445 3494 Moyses,
1487 3381 1709 3466 similiter·

265 3509 373 3594 lilius
402 3519 444 3595 et
476 3511 672 3594 Dominus
701 3511 773 3595 XL
804 3512 945 3596 <liebus
978 3513 1183 3621 jejunavit
1211 3518 1253 3597 et
1281 3513 1373 3598 ideo
1402 3519 1583 3599 sacratus
1612 3517 1676 3596 est

265 3671 466 3727 numerus.
520 3641 839 3754 Quurlragesima
868 3643 988 3744 enim,
1018 3672 1265 3755 quamquem
1295 3675 1320 3730 n
1348 3641 1671 3757 quadragenario

50 3793 71 3862 ἰ·
106 3875 109 3882 ,
264 3801 430 3858 numero
469 3773 865 3883 trahatoriginern,
897 3779 1032 3858 tumen
1065 3775 1186 3860 aliter
1216 3777 1463 3886 intelligitur
1491 3773 1674 3872 Quadra·

263 3904 438 4010 gusina,
468 3905 496 3987 i:
526 3936 560 3990 e.
592 3905 864 4020 temperentia
903 3903 987 3988 sire
1023 3905 1287 3992 abstinentia.
1346 3907 1673 4007 illustremus,

262 4061 350 4116 curn
382 4033 504 4120 dicit:
541 4035 652 4120 Licet
681 4037 789 4118 omui
817 4045 991 4142 terrrpore
1017 4037 1099 4121 vitu
1129 4035 1312 4121 rrnmuclai
1332 4034 1674 4142 erudruyesinrae
1708 4045 1712 4056 '

262 4165 371 4248 ‹lebet
410 4165 910 4266 obseruatiorrernlmbere,
941 4167 1217 4274 tauromenii
1251 4193 1483 4278 paucorum
1504 4170 1564 4249 est
1592 4166 1673 4247 ista
1765 4247 1768 4254 .

260 4295 408 4398 virtus,
450 4297 541 4382 ideo
578 4297 816 4392 stradeneis,
858 4297 950 4380 istis
987 4295 1126 4382 <liebus
1168 4299 1511 4407 Quadruyesimae
1543 4297 1673 4378 uttam
1764 4353 1768 4360 -

260 4451 376 4509 suum
411 4428 520 4512 orrnn'
552 4427 730 4533 puritate
769 4427 978 4522 custodire.
1038 4427 1232 4527 Quemvis
1270 4430 1379 4514 enim
1420 4423 1528 4510 omni
1569 4431 1670 4508 tem·
1723 4422 1725 4428 ’

262 4585 358 4666 pore
382 4562 611 4670 temperate
640 4568 682 4645 et
700 4561 954 4644 abstinenter
973 4559 1096 4643 debet
1114 4559 1250 4644 vivere
1268 4559 1505 4659 monachus,
1528 4561 1668 4640 tamen
1823 4661 1825 4664 Ι

260 4687 355 4794 qnia
396 4716 618 4798 paucorum
659 4697 722 4776 est
760 4692 839 4776 iste
868 4689 1019 4791 virtus,
1047 4669 1139 4775 ideo
1175 4689 1392 4775 suademus
1422 4687 1502 4772 illis
1531 4685 1672 4770 diebus

261 4815 619 4930 (lumlrugesimae,
635 4821 760 4907 ritum
778 4850 893 4906 sumn
909 4820 1022 4907 o'mni
1037 4823 1216 4929 puritate
1226 4821 1442 4906 custodire.
1467 4815 1672 4902 Numerus
1801 4853 1804 4860 ·

263 4947 369 5030 enim
411 4951 755 5064 Quadrugerimue
799 4953 1036 5040 conflictum
1077 4950 1303 5064 praesentis
1346 4949 1539 5038 ecelesiae
1580 4977 1670 5034 uum

260 5095 516 5114 -ο-οη-...μ-

349 5153 375 5242 ¹)
397 5150 614 5224 undecima?
659 5151 687 5245 ²)
710 5149 843 5243 rigitur.
889 5101 974 5223 cml.
996 5147 1165 5238 Teucrus.
