3930 5788
866 306 952 399 esp.
975 307 1044 378 bt
1377 265 1392 297 ⁹
1441 311 1443 318 ’
1571 303 1652 388 553
1704 269 1705 277 Ν
1753 363 1774 396 -.

242 529 366 614 ritae.
412 521 518 612 Nom
548 522 764 635 disciplina
790 509 929 638 potest
955 524 1035 613 dici
1064 525 1115 612 de
1133 522 1414 638 gramnrutica,
1445 523 1495 610 do
1513 521 1653 609 rheto-

242 661 347 760 rica,
377 658 427 743 de
457 655 671 744 dialectica
698 661 776 742 etc.
818 662 861 742 et
887 658 937 776 de
965 657 1110 746 ceteris
1138 655 1436 757 aliisortibus,
1465 684 1514 740 eo
1542 655 1652 768 qnod

241 788 453 902 disciplina
492 788 667 890 dicitur,
694 789 791 901 quia
830 788 1000 875 discitur
1039 787 1172 898 pleno.
1232 786 1390 872 Deinde
1431 793 1529 874 scrut
1568 786 1651 888 olii,
1763 845 1765 852 ·

240 920 310 1034 qni
351 917 594 1030 intelligunt
635 917 758 1004 etiam
802 919 853 1006 de
896 917 1059 1028 flagello
1101 918 1248 1003 dixisse
1291 919 1332 1002 S.
1370 917 1652 1017 benedictum,

240 1051 334 1166 quia
363 1055 562 1160 quautam
593 1049 725 1158 major
753 1055 815 1154 cst
843 1048 989 1161 gradu,
1017 1055 1179 1134 teritum
1205 1049 1335 1158 rrrujus
1363 1055 1425 1132 cst
1450 1046 1536 1154 ejus
1558 1075 1653 1158 pec·

238 1192 397 1284 cutuur,
425 1181 647 1268 etidcirco
683 1183 815 1292 major
848 1179 972 1266 dohet
1008 1207 1095 1264 esso
1133 1178 1357 1287 disciplina.
1416 1175 1470 1262 Ει
1499 1175 1557 1261 illi
1587 1204 1652 1261 re·
1745 1261 1747 1265 ,
1806 1273 1809 1283 Ι

237 1314 467 1426 spondent:
498 1341 582 1398 nou
611 1311 735 1397 debet
761 1312 888 1396 freter
915 1311 1130 1421 presbyter
1159 1309 1375 1421 flagellari,
1403 1309 1500 1418 quia
1528 1335 1650 1392 cauo·
1771 1329 1774 1336 ·

126 1479 134 1490 ·
239 1476 309 1530 nes
332 1444 487 1547 dicunt,
507 1471 590 1528 uon
607 1441 889 1552 presbyterum
905 1439 1117 1552 flagellari,
1138 1442 1207 1526 sed
1226 1468 1299 1550 per
1317 1435 1452 1524 XLlV
1474 1439 1510 1521 ei
1529 1444 1652 1522 testes

241 1573 474 1674 testificari,
518 1575 624 1660 sicut
668 1571 771 1657 dicit
806 1572 846 1658 S.
883 1571 1077 1658 Silvester
1117 1575 1160 1659 iu
1198 1575 1281 1658 suis
1325 1569 1510 1670 decretis,
1527 1570 1559 1680 ¹)
1603 1597 1653 1651 ne
1753 1665 1755 1672 y
1903 1659 1907 1666 ,

242 1705 457 1792 haereticis
474 1707 621 1788 contra
642 1707 807 1788 sarrctos
824 1689 1037 1812 religiosos
1055 1705 1315 1814 presbyteros
1334 1702 1502 1787 daretur
1521 1699 1651 1784 facul-

239 1843 303 1922 ιιι
332 1838 406 1920 urst
433 1833 591 1920 occasio
630 1833 825 1944 surgendi
860 1833 1053 1920 adversus
1090 1833 1385 1944 presbyterum.
1442 1833 1501 1916 Αι
1529 1829 1651 1914 modo
1723 1899 1726 1906 ,

236 1967 331 2079 quio
359 1993 501 2053 omues
530 1963 722 2052 catholici
751 1993 891 2051 sumus
929 1969 972 2050 st
999 1967 1232 2052 sacerdotes
1261 1963 1520 2075 reperiuntur
1553 1960 1651 2046 iusi·
1690 1955 1697 2026 ἶ

235 2099 346 2214 pisti,
375 2098 466 2212 ideo
502 2125 665 2184 necesse
698 2103 785 2202 est,
823 2103 870 2185 ut
898 2098 1152 2186 dimittamus
1180 2098 1281 2201 hoc,
1320 2096 1431 2210 quod
1459 2092 1652 2180 Silvester
1715 2109 1718 2118 ·

211 2233 351 2334 'dixit
382 2237 425 2318 et
452 2239 664 2318 teneamus
694 2231 773 2316 hoc
802 2233 913 2342 quod
941 2234 1198 2345 evangelium
1230 2230 1349 2316 dicit:
1378 2229 1434 2316 In
1458 2255 1526 2315 oro
1551 2229 1650 2312 dcco·
1720 2283 1725 2298 ·

234 2390 325 2448 rrum
352 2371 389 2448 ot
416 2361 538 2448 triton
567 2363 727 2450 testitum
754 2367 827 2446 stet
854 2388 969 2448 οιιιιιιι
995 2364 1176 2468 certunm
1219 2363 1276 2448 ita
1313 2366 1357 2447 et
1395 2359 1446 2444 de
1485 2357 1649 2468 flagello
1744 2409 1751 2432 ,

235 2491 548 2604 intelligendum
568 2495 651 2589 oste
681 2495 850 2602 propter
870 2492 970 2578 vilos
999 2495 1260 2604 prrosbytoros
1290 2492 1411 2576 debut
1441 2489 1647 2599 hugolinus
1812 2577 1817 2587 ¹

236 2621 275 2705 iu
297 2621 546 2732 lireshytoriu
566 2621 824 2722 corruuouori,
854 2629 896 2706 ot
925 2622 1022 2732 quin
1049 2622 1107 2708 itu
1136 2627 1210 2725 ost,
1240 2621 1317 2704 isto
1340 2647 1481 2704 scissus
1507 2616 1651 2700 utriun-

70 2833 73 2844 ,
235 2779 314 2860 quo
355 2751 555 2835 tenendus
591 2755 675 2852 ost,
706 2751 732 2836 i.
761 2778 796 2836 e.
836 2750 934 2836 boui
975 2757 1018 2835 ct
1055 2750 1217 2836 honesti
1257 2778 1342 2834 nou
1376 2747 1648 2858 flagellentur,

235 2881 332 2965 viles
362 2887 403 2964 st
432 2881 528 2966 moli
557 2881 832 2990 flagellentur.
891 2880 1057 2980 eriusi
1087 2883 1336 2968 tenuerimus
1364 2879 1435 2980 ito,
1466 2889 1512 2962 ut
1541 2905 1646 2961 nuu·
1717 2893 1719 2898 ’

153 3039 156 3046 ·
231 3038 355 3119 qrraru
393 3009 800 3121 flagellenturmoli‚
832 3012 948 3109 malis¹
991 3011 1239 3123 presbyteris
1276 3037 1360 3096 nou
1398 3007 1477 3094 erit
1516 3014 1647 3090 terror
1723 3045 1727 3058 ·

232 3167 305 3225 nec
323 3140 551 3250 disciplina.
594 3141 635 3227 Si
657 3148 794 3227 autem
823 3143 1087 3244 tenuerimus,
1117 3149 1164 3228 ut
1185 3169 1346 3251 semper
1366 3139 1640 3248 flagellentur,

231 3261 330 3354 tuuc
359 3270 457 3355 boni
486 3301 570 3359 uon
599 3272 868 3386 frangentur,
898 3275 939 3362 h.
968 3304 1002 3362 e.
1036 3299 1195 3385 semper
1223 3269 1494 3357 ministerium
1523 3297 1639 3354 suum
1736 3277 1789 3346 .'·

155 3437 158 3448 ·
231 3400 454 3511 adimplere
482 3404 720 3490 studebunt.
777 3405 834 3492 Et
861 3405 941 3492 hoc
970 3405 1179 3491 sciendum
1208 3409 1295 3506 est,
1325 3405 1422 3513 quia
1460 3403 1540 3504 illi,
1576 3399 1645 3511 qui
1701 3487 1709 3504 ,
1843 3431 1846 3438 ’

234 3531 395 3638 dicente
426 3535 663 3646 flagellandi
693 3544 791 3623 suut
821 3537 1061 3649 presbyteri,
1091 3539 1189 3624 suut
1207 3536 1410 3648 simplices
1438 3540 1483 3618 et
1509 3533 1646 3617 celau-

97 3763 100 3772 .
234 3673 294 3750 tes
324 3665 457 3776 legem
481 3665 573 3768 Deir
603 3667 663 3752 illi
691 3681 828 3754 autent
861 3668 932 3780 qui
961 3669 1116 3770 dicunt,
1148 3695 1231 3754 nou
1255 3696 1341 3754 esse
1365 3663 1645 3778 flagellandos,

229 3795 556 3920 suutllacutiores
585 3807 628 3884 et
657 3799 983 3911 perspicaciores.
1042 3799 1151 3886 Nous
1186 3799 1395 3916 sciendum
1436 3808 1528 3898 est,
1547 3797 1644 3908 quia

229 3926 302 4028 illi,
332 3927 402 4038 qui
432 3926 669 4033 directed
699 3916 1025 4020 obsecrationem
1056 3931 1642 4054 vitaoattinershoc,quod
1807 3954 1810 3962 '
1853 3937 1858 3951 '

227 4057 412 4170 superius
441 4051 629 4166 dixiiuus,
660 4063 816 4167 dicunt,
844 4063 1029 4173 adjuvari
1059 4063 1276 4151 ilios'illud
1300 4063 1591 4166 testimouium,
1608 4065 1642 4173 ²)
1787 4087 1791 4096 ·

227 4192 639 4305 quodsubjungitur:
668 4195 821 4299 Amice,
850 4195 907 4282 od
929 4193 1036 4301 quod
1056 4197 1229 4282 coristi?
1246 4244 1293 4262 -
1316 4195 1638 4280 subaudiendum
1768 4203 1770 4208 ’
1797 4179 1801 4189 ’

74 4363 78 4372 ·
184 4351 186 4356 ·
226 4333 309 4410 est:
339 4327 404 4442 iac
433 4333 476 4411 et
503 4327 696 4438 adimple.
756 4330 814 4416 De
842 4327 1102 4439 susceptione
1130 4328 1461 4441 presbyterorum
1492 4325 1643 4411 iutelli-
1783 4413 1787 4422 ,

227 4459 405 4566 gendum
434 4462 510 4562 est,
539 4458 635 4570 quia
663 4460 755 4572 plus
780 4459 903 4545 debet
925 4461 1141 4571 presbyter
1158 4459 1323 4572 probari
1352 4489 1475 4572 quoru
1499 4457 1638 4560 laicus,

226 4593 387 4695 praeter
413 4589 447 4673 si
476 4587 571 4674 talis
599 4588 741 4689 fuerit,
772 4596 818 4674 ut
846 4589 1063 4702 religiosus
1092 4592 1297 4696 videatur,
1328 4621 1410 4680 nou
1449 4591 1508 4676 ita
1544 4597 1672 4674 tune'

225 4717 346 4804 debet
374 4721 562 4830 probari,
592 4721 713 4808 sicuti
742 4721 892 4825 laicas,
922 4750 971 4808 eo
1010 4725 1119 4834 qnod
1163 4726 1357 4834 mojorem
1397 4723 1639 4836 religionem
1670 4779 1672 4786 ·

196 4915 201 4923 .
225 4847 535 4963 habenhuson
551 4853 692 4957 laicus,
712 4860 756 4939 et
779 4851 857 4940 hoc
873 4847 1124 4967 iutellipitur
1149 4856 1192 4940 iu
1218 4883 1268 4941 eo
1291 4855 1396 4960 loco,
1426 4857 1498 4940 ubi
1517 4855 1642 4942 dicit:

313 5157 341 5249 ¹)
362 5155 409 5232 οι.
431 5157 565 5250 higna,
587 5161 673 5232 tom.
699 5161 773 5234 luo.
796 5161 864 5238 col.
888 5161 965 5234 609.
1107 5207 1111 5217 ·

315 5271 344 5360 ¹)
365 5265 429 5342 illc
452 5267 655 5346 testimonio
676 5269 734 5368 (l).
