3974 5778
857 257 942 350 ⁰⁰1³·
966 255 1028 332 XI·
1557 259 1638 344 289
1776 279 1781 290 ’

229 479 465 584 Quantitas,
506 477 613 579 dixi,
643 478 820 587 peccati,
849 478 945 590 qnia
975 477 1111 587 potest
1141 477 1373 586 provenire,
1401 482 1449 562 ut
1475 477 1527 562 ad
1557 476 1639 588 pri·

230 641 334 698 ruam
363 615 543 694 turmam
572 608 715 730 fuisset
743 608 851 710 dies,
882 610 1019 720 potest
1047 607 1149 710 lieri,
1178 613 1226 692 ut
1252 608 1304 692 ad
1327 607 1544 693 secundnm
1575 605 1640 692 vel
1742 595 1755 632 ⁸

229 742 410 831 tarcian·
446 739 508 824 Ac
527 767 602 850 per
622 738 702 825 lroc
720 743 882 826 tantum
903 737 1034 848 major
1057 741 1120 822 est
1140 737 1405 848 negligentia,
1435 743 1636 848 quantum

229 875 318 988 plns
346 871 430 955 cito
459 869 569 956 lactc
609 874 670 954 cet
710 870 817 974 dies,
856 869 1074 955 etiterum
1103 874 1221 954 bruto
1251 870 1481 956 minorent,
1504 869 1638 980 negli-
1703 893 1705 898 ’
1784 929 1785 934 a
1881 841 1896 892 ³

231 1002 379 1114 gentio,
395 1005 595 1112 quantum
611 1002 704 1112 plus
718 1001 803 1086 dies
820 1000 936 1085 tarde
950 999 1307 1112 praeoccupaverit
1321 1000 1424 1084 illud
1443 999 1639 1086 officiunt.
1798 1099 1805 1116 ,

232 1134 387 1220 Deinde
428 1133 550 1218 etium
595 1132 843 1217 considerari
884 1130 1005 1216 debet
1031 1131 1201 1216 allectus
1240 1129 1514 1240 negligentis,
1545 1131 1643 1242 qnia
1687 1238 1690 1243 Ι

232 1270 366 1378 potest
405 1263 492 1348 lieri
531 1291 608 1374 pro
644 1263 944 1366 somnolentia,
985 1261 1023 1350 ln.
1066 1291 1101 1352 e.
1139 1263 1236 1374 qnia
1277 1261 1449 1346 multum
1489 1262 1644 1346 ornarit
1679 1375 1681 1380 Ι
1789 1297 1791 1302 ’

232 1394 404 1480 ‹torruire
454 1399 497 1478 et
544 1393 637 1480 ideo
688 1395 806 1480 tarde
852 1394 1032 1480 surrexit
1073 1395 1125 1480 ad
1165 1394 1331 1504 signum
1374 1392 1641 1502 tangerulurn.

232 1524 417 1610 beonredo
446 1524 568 1610 modo
596 1529 735 1636 potest
765 1527 873 1635 lieri,
914 1533 964 1614 ut
991 1553 1066 1637 pro
1095 1523 1265 1636 pigritia
1293 1531 1336 1610 et
1373 1522 1644 1610 delectatione

228 1653 410 1766 jacendi,
452 1652 548 1764 quin
586 1654 693 1740 t'orte
733 1658 918 1768 ternpore
958 1682 1144 1768 congruo
1179 1681 1222 1740 so
1259 1653 1474 1756 excitarit,
1503 1656 1641 1738 tunm
1779 1735 1781 1740 ,
1836 1686 1840 1696 ·

234 1813 304 1896 pro
344 1781 618 1868 delectatione
655 1789 698 1868 et
737 1785 908 1896 pigritia
940 1784 1071 1897 jucnit
1099 1785 1214 1896 lillis,
1256 1783 1572 1896 claennabur,
1603 1785 1646 1865 et

235 1914 324 1997 ideo
353 1913 615 2022 postmodum
644 1915 810 2028 signum
839 1913 956 2000 tarde
986 1915 1138 2027 tetigit.
1183 1913 1324 1999 Tertio
1355 1913 1476 2001 modo
1506 1917 1646 2024 potest
1791 2025 1795 2033 ι

233 2045 341 2146 fieri,
370 2048 419 2127 ut
454 2043 619 2155 signum
655 2046 773 2131 tarde
810 2053 968 2132 tactum
1007 2046 1150 2152 fnisset
1181 2073 1265 2156 pro
1301 2045 1516 2156 potatione
1545 2043 1643 2146 vini,

232 2174 257 2258 i.
286 2202 319 2259 e.
350 2174 454 2257 forte
482 2175 579 2284 qnia
607 2174 899 2262 fleutlrornatns
928 2173 1028 2281 fuit,
1057 2181 1130 2261 unt
1156 2202 1231 2286 pro
1260 2175 1430 2260 caritate
1458 2173 1646 2282 hospitis,
1767 2183 1793 2236 '·

233 2331 352 2414 quarn
381 2304 517 2389 solent
545 2304 736 2392 morrcclri
765 2307 919 2409 facere,
957 2303 1065 2390 bibit
1093 2306 1210 2416 plus,
1248 2333 1371 2417 quam
1401 2303 1564 2407 debuit,
1605 2308 1648 2388 et

235 2435 322 2519 ideo
360 2435 477 2519 tarde
517 2435 707 2524 surrexit.
772 2437 928 2538 Quarto
964 2436 1088 2521 etiarn
1129 2435 1252 2519 inodo
1288 2437 1426 2544 potest
1455 2434 1543 2520 lieri
1574 2461 1648 2544 pro

234 2567 385 2668 nubilo,
416 2565 524 2676 quin,
556 2594 647 2652 cunr
677 2568 855 2654 surrexit
876 2575 973 2654 ante
996 2566 1139 2677 lucram
1164 2571 1206 2650 et
1229 2592 1307 2676 pro
1328 2565 1469 2649 nubilo
1488 2564 1648 2648 stellam

118 2747 157 2766 ·.
234 2697 366 2780 nidere
405 2723 491 2779 raon
528 2697 665 2806 potuit
702 2703 745 2782 et
777 2699 963 2785 timendo
1002 2703 1174 2810 tangere
1202 2700 1300 2780 anto
1335 2695 1478 2779 horam
1508 2691 1649 2802 tetigit
1812 2700 1814 2706 ’

234 2832 326 2937 post
345 2826 501 2914 boram.
541 2825 625 2910 late
644 2827 750 2933 talis,
780 2830 851 2940 qui
874 2855 996 2914 causa
1023 2828 1155 2914 nubili
1179 2826 1296 2913 tarde
1313 2823 1453 2936 tetigit
1470 2824 1647 2935 signum,
1754 2881 1757 2888 ,

233 2963 392 3042 tnrrtrnn
406 2959 460 3058 ad
476 2959 722 3044 matutinum
744 2960 992 3061 satisfaciut3
1015 2955 1651 3068 illenunten1,quipropotctione

48 3194 50 3202 Ι
236 3093 306 3172 ant
335 3088 508 3200 pigritia
537 3089 653 3175 tnrde
680 3090 824 3202 tetigit
848 3091 1027 3202 siguurn,
1057 3119 1139 3216 nou
1156 3089 1288 3176 solunt
1311 3087 1363 3172 ed
1384 3086 1645 3184 matutinum,
1767 3177 1772 3190 ,

44 3226 51 3305 ‘.
162 3287 169 3295 .
239 3218 305 3302 nul
338 3219 461 3302 etiarn
490 3219 542 3303 ud
571 3219 744 3330 prirnnnr
775 3223 839 3306 vel
868 3221 1033 3307 tortium
1064 3220 1301 3306 satisfaciat.

343 3348 460 3448 erod
502 3375 598 3433 vero
638 3349 762 3453 dicit,
804 3349 960 3461 aliquid
1004 3351 1054 3436 du
1094 3349 1340 3468 lectionibus
1380 3343 1649 3431 brevinndrun
1694 3423 1698 3433 ,

237 3505 333 3584 esse,
363 3506 448 3564 nou
476 3480 629 3565 attinet
656 3480 709 3566 cd
738 3509 974 3585 uurucrurn,
1002 3486 1051 3565 ut
1078 3505 1272 3564 rrurnerus
1301 3476 1527 3564 lectiornun
1558 3475 1649 3558 bre·

238 3606 387 3711 vietur,
427 3608 497 3693 sed
533 3610 585 3694 cd
625 3611 903 3720 quantitatem
943 3609 1189 3712 lectionum,
1218 3607 1245 3696 i.
1286 3635 1320 3696 c.
1350 3612 1422 3711 ut,
1464 3604 1649 3717 quamvis

237 3735 448 3822 duodecim
477 3739 573 3843 aiut,
602 3744 742 3826 tamen
772 3742 978 3828 breviores
1007 3740 1104 3843 sint,
1134 3767 1256 3850 quam
1286 3737 1451 3822 debent.

349 3869 478 3975 Quaen
505 3873 600 3957 deren
628 3873 783 3980 torcipit,
812 3897 906 3957 enoc
934 3896 1071 3956 enarres
1099 3895 1188 3955 crem
1217 3871 1440 3953 reuerentia
1466 3872 1648 3974 seregent,

238 3999 295 4084 itu
323 4001 637 4113 intelligendum
669 4010 744 4108 est,
773 4003 799 4087 i.
829 4031 863 4087 e.
894 4001 1058 4114 qnando
1086 3998 1234 4110 incipit
1253 3999 1323 4084 ille
1346 4003 1492 4083 cautor
1517 3997 1652 4082 dicere

238 4129 433 4236 Gloriam,
465 4159 549 4218 non
577 4134 731 4219 debent
760 4133 1008 4220 festinanter
1036 4157 1217 4240 surgere,
1254 4130 1324 4214 scd
1357 4127 1582 4213 lrorrorillce
1610 4133 1652 4210 et
1762 4169 1764 4186 ·

53 4300 62 4334 ι
238 4257 435 4345 inclinato
464 4265 618 4374 capite,
660 4267 704 4349 el
741 4263 902 4348 tamdiu
931 4261 1089 4347 incurvi
1114 4259 1267 4345 debent
1297 4260 1460 4360 sistere,
1497 4257 1651 4368 quoad·

135 4385 140 4398 ’
246 4416 372 4502 usqne
401 4391 512 4478 dicat
540 4399 707 4480 cantor:
739 4392 915 4501 Spiritui
942 4399 1093 4495 secreto,
1123 4396 1165 4476 et
1192 4417 1267 4474 nec
1297 4387 1431 4474 minus
1459 4395 1534 4474 aut
1562 4385 1700 4496 plus.
1777 4399 1778 4402 ‘
1946 4428 1953 4443 ·

139 4625 142 4632 Ι
239 4519 429 4607 incurius
468 4531 553 4610 ease
592 4525 717 4611 debet
751 4523 855 4636 quis,
898 4523 979 4609 nisi
1017 4523 1159 4608 carbas
1196 4545 1319 4632 cuper
1346 4545 1482 4631 genua
1510 4541 1652 4602 nunnus

239 4675 390 4758 ponere
424 4653 568 4758 debet,
617 4659 678 4739 et·
699 4656 770 4766 qui
810 4655 902 4768 plus
932 4654 997 4742 vel
1025 4655 1161 4741 minus
1189 4651 1357 4756 fecerit,
1399 4651 1526 4738 debet
1560 4649 1653 4735 duci

239 4785 315 4889 per·
338 4811 408 4868 sex
439 4769 611 4895 gradus,
647 4783 703 4870 Et
731 4785 812 4872 hoc
840 4785 1083 4874 intuendum
1114 4789 1189 4888 est,
1219 4783 1479 4895 quisnamnes
1503 4775 1654 4893 acqua·

239 4910 332 4998 liter
359 4915 514 5002 debent
540 4944 721 5028 surgere,
751 4947 835 5002 non
864 4947 969 5005 uuus
997 4923 1095 5004 unte
1122 4919 1165 5002 ct
1191 4944 1297 5002 unua
1313 4917 1432 5027 post.
1489 4913 1546 5027 ign
1574 4914 1653 4999 hoc

238 5040 481 5132 intuendum
510 5055 585 5152 est,
615 5051 724 5160 quia,
753 5075 846 5137 cnm
873 5047 1018 5137 Gloria
1046 5047 1197 5134 dicitnr
1217 5046 1302 5134 sire
1319 5044 1366 5130 iu
1383 5039 1654 5158 responsoriis

228 5174 374 5296 parvis
413 5178 568 5264 sivein
600 5181 768 5292 psalmia
808 5181 965 5269 sivein
992 5177 1199 5294 capitulo,
1238 5177 1485 5296 ubicumque
1514 5163 1655 5264 Gloric

232 5353 236 5368 ·
304 5319 495 5392 illidamur,
512 5325 665 5393 exponen
683 5325 810 5394 unice.
852 5399 860 5414 .
1403 5315 1453 5400 19
1553 5385 1558 5396 ,
