3994 5770
858 267 943 381 Cap.
968 266 1010 339 V.
1576 257 1647 355 '191

246 508 349 590 erpo,
378 480 563 592 superius
592 483 771 595 respicit,
801 485 986 594 quamvis
1013 513 1098 569 non
1127 485 1170 568 in
1195 486 1329 574 verbis
1350 487 1552 580 ostendat.
1582 486 1653 570 sed
1746 499 1748 506 ’

246 616 289 698 in
318 641 460 714 sensu,
500 613 571 696 ubi
601 613 721 696 dicit:
755 621 928 720 propter
955 617 1160 723 seruilium
1188 623 1391 718 saredune,
1429 617 1535 724 qnod
1553 642 1655 722 puu-

241 747 342 852 lessi
370 751 464 829 sum
492 750 535 827 et
562 741 732 854 reliqua,
762 771 809 829 ac
830 749 863 829 si
888 744 1060 830 diceret:
1091 747 1124 828 si
1143 745 1202 828 ita
1222 750 1296 846 est,
1325 749 1358 844 i.
1372 775 1405 830 e.
1430 750 1463 832 si
1485 755 1653 859 propter
1702 735 1756 837 Ὗ,
1897 749 1901 757 “

244 877 453 961 servitium
482 879 683 977 sanctum,
715 877 823 987 quod
854 875 1027 986 professi
1055 881 1174 982 sunt,
1202 905 1272 962 scu
1301 887 1468 988 propter
1498 887 1652 972 metum

245 1009 459 1119 gehennae
495 1009 560 1093 vel
598 1007 773 1118 gloriam
807 1007 916 1091 vitae
955 1015 1166 1109 aeternae,
1206 1037 1305 1119 ergo
1334 1006 1505 1094 hitales
1534 1009 1652 1094 Iactis

244 1142 470 1252 sequuntur
505 1140 690 1248 jubentis
730 1163 870 1223 vocem
910 1137 1189 1249 relinquentes
1229 1139 1394 1240 statim,
1437 1169 1541 1250 quae
1579 1169 1685 1231 suu,

244 1275 409 1355 suntet
437 1271 616 1380 reliqua,
660 1269 766 1354 sient
804 1271 949 1380 regula
988 1269 1100 1354 dicit.
1160 1267 1280 1354 Nunc
1320 1269 1538 1354 videndum
1578 1281 1653 1371 est,

119 1408 124 1417 “
243 1430 368 1513 quare
397 1401 498 1484 dicit
524 1429 620 1504 seru,
665 1431 758 1486 cnm
789 1399 1014 1486 monachus
1044 1402 1102 1484 nil
1130 1402 1285 1513 proprii
1315 1401 1459 1503 habet,
1497 1410 1540 1486 ct
1568 1432 1652 1488 non

242 1534 371 1620 solum
402 1535 632 1644 pecuniam,
660 1562 800 1618 rerum
830 1535 952 1618 ctiam
985 1533 1113 1646 ipsam
1144 1533 1465 1649 voluntatemin
1488 1537 1653 1646 propria

244 1672 448 1776 potestate
488 1695 571 1751 non
609 1664 756 1768 habet,
796 1667 903 1751 sicut
941 1665 1027 1777 ipse
1061 1665 1231 1750 interius
1267 1665 1369 1750 dicit
1396 1669 1439 1750 in
1469 1667 1652 1778 capitulo

243 1795 444 1884 XXXIII:
491 1798 646 1884 rratlarn
674 1799 834 1884 orrrrrinc
861 1825 967 1900 rem,
1011 1799 1157 1904 quippe
1194 1795 1336 1904 quiue
1375 1823 1447 1882 erec
1483 1824 1653 1905 corpmrc

242 1957 318 2015 sua
346 1957 418 2016 nec
445 1929 663 2014 coturnatas
692 1930 781 2018 ticet
808 1931 953 2015 trabere
981 1929 1026 2014 in
1048 1931 1225 2034 proprio
1246 1933 1445 2032 potestate
1462 1928 1494 2013 ἴθ’
1536 1930 1650 2014 Istud

240 2090 317 2150 scra
346 2062 437 2147 ideo
467 2062 578 2158 dicit,
609 2090 693 2146 uon
721 2067 769 2144 ut
796 2059 952 2171 aliquid
980 2061 1132 2145 habeat
1165 2061 1386 2144 monachus
1425 2063 1650 2172 proprium,

240 2195 309 2277 sed
348 2197 511 2277 tantum
551 2191 662 2302 quod
702 2189 754 2274 ad
795 2221 909 2276 suurn
951 2191 1232 2276 necessitatem
1270 2191 1360 2301 agit
1401 2192 1464 2275 vel
1504 2193 1651 2290 liubet3
1786 2207 1788 2210 ’

241 2354 277 2408 v.
307 2351 370 2434 gr.
406 2323 440 2406 si
469 2322 630 2407 consuit
657 2351 817 2433 pannos
844 2351 941 2405 suae
970 2321 1182 2420 utilitatis,
1229 2348 1321 2405 curu
1358 2322 1582 2431 imperatur
1611 2332 1653 2407 et

241 2455 404 2557 obedit,
444 2455 584 2538 stetim
620 2480 695 2537 sua
731 2452 992 2564 derelinquit.
1050 2450 1248 2536 Similiter
1283 2451 1317 2534 si
1355 2451 1466 2535 lavat
1496 2482 1652 2562 pannos

239 2593 312 2670 aut
330 2585 363 2669 si
385 2585 539 2695 aliquid
560 2613 658 2668 strue
679 2583 873 2668 utilitatis
897 2585 998 2694 agit,
1029 2611 1101 2667 sua
1118 2581 1380 2690 derelinquit,
1409 2610 1501 2667 cunr
1524 2584 1652 2693 inape·

84 2773 88 2784 ·
239 2725 353 2801 rutur
381 2723 425 2800 et
453 2714 604 2800 olicht.
662 2713 704 2799 Si
735 2713 839 2824 legit
868 2727 1053 2826 tempore
1081 2713 1268 2799 lectionis
1297 2720 1361 2813 ct,
1399 2741 1491 2797 cum
1522 2714 1651 2822 impe-

159 2845 172 2860 ’
238 2856 363 2948 ratur,
394 2847 533 2932 statim
563 2843 738 2928 ‹linrittit
767 2845 999 2947 lectionem,
1035 2873 1108 2928 sua
1136 2842 1397 2955 derelinant.
1454 2842 1652 2926 Similiter

235 2975 549 3086 intelligendum
581 2981 656 3074 est,
686 2975 719 3058 si
750 2979 842 3059 orat
871 2985 945 3060 nrrt
974 2973 1113 3085 psrrllit
1142 2978 1184 3058 et
1213 2979 1373 3059 caetera
1404 2972 1463 3057 lrir
1487 2971 1649 3057 siruilin.

238 3105 301 3190 lta
330 3114 372 3190 ct
399 3105 442 3188 in
472 3103 724 3214 spirltalibus
754 3106 888 3191 rebus.
951 3103 1154 3187 Voluntas
1185 3131 1279 3186 vero
1309 3102 1473 3212 propria
1499 3100 1651 3185 attinet

235 3237 287 3320 ad
316 3235 651 3333 delectationem
681 3263 719 3321 u.
741 3262 804 3346 gr.
834 3237 865 3320 si
897 3262 989 3319 cnm
1014 3235 1126 3345 jacet
1155 3240 1197 3318 et
1223 3230 1447 3344 imperatur
1466 3259 1647 3342 surgere,

234 3395 318 3450 uon
348 3366 576 3450 delectatur
601 3366 750 3474 jacere,
779 3365 849 3449 sed
877 3363 1019 3448 statim
1047 3365 1193 3475 surgit,
1224 3364 1477 3447 voluntatem
1500 3363 1652 3447 deserit

234 3495 456 3605 propriam.
513 3495 713 3581 Similiter
751 3497 784 3580 si
820 3497 1042 3581 manducat
1081 3494 1145 3578 vel
1184 3493 1291 3576 bibit
1329 3503 1401 3576 urit
1431 3495 1545 3577 sedet
1577 3499 1651 3577 urit

234 3625 389 3735 aliquid
418 3627 530 3710 aliud
559 3629 670 3736 agit,
710 3627 820 3736 qnod
850 3626 902 3711 ad
932 3625 1113 3736 corporis
1142 3625 1455 3710 delectationem
1486 3623 1650 3721 attinet,
1757 3673 1759 3680 ,

232 3785 326 3842 cunr
356 3759 602 3866 imperatur,
632 3757 757 3861 illud,
787 3755 895 3866 quod
925 3756 1038 3868 agit,
1066 3757 1236 3858 deserit,
1267 3756 1521 3840 voluntatem
1553 3781 1650 3863 pro·
1758 3866 1761 3874 Ι

233 3887 363 3997 priam
392 3886 652 3998 derelinquit.
694 3886 1118 3995 ·Ituintclligeruln1n
1148 3895 1211 3971 est
1239 3886 1361 3971 etiam
1390 3891 1433 3968 ct
1460 3885 1503 3968 iu
1527 3883 1649 3993 spiri·

232 4017 383 4101 talibus
421 4017 564 4120 rebus,
609 4019 635 4106 i.
665 4047 699 4102 e.
741 4017 897 4101 sicum
929 4023 1020 4100 arat
1057 4024 1131 4100 erit
1158 4015 1262 4127 legit
1299 4019 1373 4098 ant
1402 4014 1541 4124 psallit
1579 4021 1651 4098 aut
1749 4047 1751 4054 ’

231 4147 527 4259 aliud-aliquid
549 4148 731 4259 spiritale
755 4147 857 4257 agit,
888 4174 978 4230 curn
1000 4146 1226 4258 imperatur
1254 4146 1455 4232 casuum
1484 4144 1650 4244 deserit,
1798 4241 1803 4248 ¹

231 4278 488 4363 voluntatem
518 4279 726 4390 propriam
757 4277 1020 4389 derelinquit.
1076 4279 1189 4364 'I'alis
1230 4304 1372 4363 seusus
1400 4282 1463 4360 est
1498 4277 1542 4360 in
1570 4277 1650 4360 hcc

231 4409 334 4512 loco,
364 4435 458 4494 cunr
488 4409 589 4495 dicit
616 4435 717 4514 sua,
755 4409 888 4521 qualis
916 4418 979 4522 est
1006 4411 1048 4493 in
1078 4410 1169 4494 loco
1198 4407 1296 4509 illo,
1338 4407 1408 4490 ubi
1437 4407 1479 4489 in
1510 4403 1650 4493 Mora·

230 4527 336 4623 libus
366 4539 561 4650 legimus:
589 4547 627 4627 ct
654 4541 794 4628 reddet
823 4541 977 4625 leonciui
996 4539 1203 4646 justitiam
1230 4564 1360 4627 seram.
1393 4531 1532 4638 'Quem
1555 4566 1651 4622 serr·
1770 4653 1772 4660 Α
1801 4611 1805 4622 .
1922 4565 1950 4656 Ι·

229 4697 318 4754 sum
370 4698 478 4781 papa
516 4673 740 4785 Gregorius
788 4671 849 4758 ita
894 4673 1065 4783 exponit
1107 4671 1186 4757 lmc
1227 4671 1348 4755 modo
1387 4671 1568 4771 diceasr·
1591 4673 1650 4756 ait

164 4803 167 4810 ’
230 4800 364 4888 enimc
387 4801 421 4913 ¹)
457 4799 631 4888 dictitia
662 4813 850 4890 ›nostra‹
883 4805 1045 4906 dieitur,
1074 4827 1153 4888 corr
1172 4827 1274 4912 quae
1291 4825 1341 4887 ec
1355 4805 1492 4887 nostro
1509 4808 1651 4887 nostra

228 4937 309 5037 est,
338 4933 411 5018 sed
437 4957 540 5038 quae
567 4932 709 5022 divina
735 4935 928 5048 tarpitate
952 4937 1001 5042 fit
1027 4941 1188 5041 instra,
1227 4935 1331 5019 ciart
1357 4933 1403 5018 tn
1430 4931 1649 5019 Dominica
1818 4929 1827 5064 J
1961 4903 1965 4912 ¹

99 5217 158 5245 -,
317 5195 896 5312 numerumnunerum.
921 5215 1059 5308 uun.
1084 5153 1165 5309 up.
1191 5215 1279 5290 aa.
1308 5213 1360 5290 ra
1519 5191 1523 5202 '
