3994 5770
237 149 493 273 220
672 229 677 240 ,
816 136 1181 252 manvu..

217 457 231 486 ,
242 382 383 490 potest
409 376 609 490 intelligi,
649 377 807 463 scilicet
842 381 892 460 ot
918 378 978 464 nil
1006 375 1155 464 debent
1182 377 1408 466 monachos
1433 376 1655 464 mondum

219 538 355 594 *snam
399 509 532 595 lacere
567 507 874 608 definitionem:
918 509 1032 594 serbi
1068 506 1230 620 gratim
1273 508 1308 592 si
1339 507 1530 618 jejunare
1569 509 1656 594 xnlt
1701 503 1703 508 ’

240 637 480 742 monachus,
507 641 556 720 ut
583 663 668 720 non
698 635 818 721 bibat
844 639 897 724 de
924 643 1035 734 sino,
1065 637 1144 721 uisi
1164 665 1240 748 per
1261 637 1523 722 intervallum
1549 641 1656 746 tern-

114 848 117 854 ,
238 769 365 880 poris,
392 773 468 852 aut
492 767 582 850 rnlt
590 767 780 875 jejunare
794 768 1015 854 biduanam
1033 772 1108 852 ant
1130 769 1216 854 tale
1230 767 1432 878 jejunium
1449 753 1657 880 peragere,

239 899 349 1008 quod
391 895 578 980 notabile
606 903 694 995 est,
730 895 772 982 h.
800 925 836 986 e.
874 898 1162 996 manifestum:
1205 901 1257 982 de
1283 897 1365 996 isto
1387 898 1547 1008 jejunio
1570 899 1656 1007 jam

242 1027 432 1136 superins
460 1025 501 1107 in
531 1025 733 1134 prologo,
774 1028 842 1110 nbi
873 1028 924 1110 de
953 1027 1130 1138 propriis
1159 1027 1439 1112 voluntatibus
1466 1026 1656 1130 diximus,

238 1159 337 1242 satis
376 1157 600 1241 docuimus.
663 1155 819 1240 Deinde
859 1158 893 1240 si
929 1146 1117 1242 inlirruus
1158 1159 1282 1242 luerit
1322 1163 1365 1240 et
1404 1159 1583 1276 dixerint
1617 1159 1656 1244 ei
1791 1165 1794 1168 ’
1859 1210 1864 1219 ·

237 1288 455 1396 spiritales,
483 1287 654 1390 iratres,
703 1295 873 1398 propter
919 1317 1034 1384 suum
1084 1287 1365 1374 infirmitatem
1412 1289 1657 1401 manducare

241 1417 356 1502 illum
385 1420 544 1524 cibum,
584 1418 694 1504 uude
723 1419 792 1503 ille
819 1449 904 1504 non
942 1421 1069 1528 habet
1110 1421 1444 1512 cousuetudinem
1486 1423 1658 1506 maudu-

243 1551 385 1655 candi,
426 1579 511 1636 nou
540 1551 663 1636 debet
689 1551 732 1635 in
761 1579 836 1636 sua
864 1553 1105 1655 volontate,
1146 1553 1254 1637 sicut
1281 1553 1387 1655 dixi,
1429 1553 1675 1661 persistere,

241 1683 312 1765 sed
334 1681 589 1791 acquiescere
612 1683 858 1793 spiritalium
878 1686 1051 1767 fratrum
1077 1683 1268 1783 consiliis,
1298 1684 1393 1792 quia
1417 1684 1477 1769 illi
1506 1686 1543 1768 ei
1573 1713 1654 1770 non

124 1861 129 1870 ·
243 1812 402 1895 dabunt
430 1813 584 1896 malurn
614 1815 851 1915 consilium,
896 1820 1068 1923 excepto
1097 1817 1216 1914 sorte,
1246 1815 1280 1898 si
1310 1813 1531 1917 salliuntur,
1561 1819 1655 1926 quia

241 1940 427 2026 homines
455 1947 567 2026 sunit.
1652 1943 1656 1954 ’

350 2071 561 2180 Sequitur:
604 2079 641 2156 et
681 2100 770 2158 errru
799 2099 999 2179 musterus
1013 2073 1046 2180 ¹)
1075 2072 1202 2174 illud,
1242 2073 1348 2182 qrrod
1374 2075 1426 2158 dc
1453 2073 1653 2182 recoliqeu'·

242 2199 349 2286 titus
377 2203 525 2286 dictum
554 2209 635 2288 est:
679 2204 871 2310 Corruqui
904 2209 1000 2287 saort
1035 2209 1072 2288 el
1106 2204 1397 2290 aborreiuadiles
1431 2206 1535 2309 sueti
1561 2214 1656 2292 sunl

242 2333 286 2416 iu
317 2335 583 2439 colonobus
609 2339 710 2424 suis.
768 2335 860 2422 Hoc
888 2363 1007 2437 vero,
1046 2337 1157 2446 quod
1199 2337 1300 2420 dicit
1332 2337 1523 2444 Corrrqrti
1561 2346 1656 2421 suut

86 2477 89 2484 ’
240 2464 598 2580 dudorerdrubdes
615 2469 720 2574 lereti
746 2476 852 2572 suut,
882 2469 933 2552 dc
962 2467 1078 2551 mulis
1108 2469 1390 2578 voluptutibus
1420 2468 1533 2568 dicit,
1565 2469 1590 2554 i.
1619 2503 1655 2577 r,

240 2627 346 2709 quae
372 2599 425 2718 ad
456 2599 555 2686 sitia
590 2603 784 2688 attinent.
840 2601 942 2686 Cum
983 2601 1092 2685 enir'n
1131 2599 1233 2684 dicit
1264 2599 1454 2706 Correpti
1488 2609 1582 2687 surd
1617 2610 1654 2688 el

239 2731 528 2817 odorreiuobiles
552 2735 654 2842 sueti
680 2744 799 2838 areret,
840 2716 957 2846 quasi
997 2733 1172 2818 diceret:
1216 2731 1515 2819 abominabiles
1554 2737 1651 2821 lacti
1705 2827 1707 2832 .

101 2913 104 2920 ι
178 2912 187 2930 ·
239 2872 337 2948 suut
363 2865 415 2948 de
443 2865 707 2978 corruptione
734 2867 820 2956 sire
847 2867 891 2962 iu
919 2865 1228 2966 deliberatione,
1262 2865 1348 2950 sive
1377 2868 1420 2952 iu
1448 2869 1651 2978 operibus.

243 2997 465 3110 Postquam
495 3005 711 3110 corruptus
740 3001 866 3084 luerit
889 2997 1073 3084 debono
1101 2998 1142 3080 iu
1169 2997 1336 3101 nialurn,
1362 2999 1653 3110 abominabilis

242 3133 290 3214 lit
319 3130 421 3219 Deo.

351 3263 569 3371 Sequitur:
617 3265 672 3348 Ia
711 3264 929 3349 desideriis
968 3291 1059 3348 cero
1098 3263 1239 3348 curuis
1280 3265 1339 3350 ilo
1376 3265 1493 3350 rectis
1521 3265 1653 3351 Deum

242 3395 455 3508 eredorrrus
482 3387 640 3501 semper
668 3423 755 3480 esse
774 3401 1051 3503 praesentes,
1092 3422 1180 3482 curn
1208 3396 1308 3480 dicit
1340 3396 1541 3502 propbeta
1568 3397 1655 3484 Do·

170 3537 173 3544 '
243 3528 375 3612 urirro:
408 3531 516 3612 Arete
542 3534 580 3612 lc
606 3556 721 3612 ocreae
746 3527 994 3612 desiderium
1020 3555 1163 3616 crearer.
1219 3519 1656 3641 QuamvisB.1tugu·

240 3658 372 3742 atinus
399 3658 451 3743 de
479 3659 589 3743 boun
611 3639 819 3770 intelligat
837 3661 1041 3746 desiderio
1063 3659 1306 3771 prophetam
1329 3659 1491 3763 dixisse,
1517 3668 1653 3744 lamen

72 3899 77 3910 .
111 3877 114 3884 ,
241 3792 282 3878 S.
313 3789 560 3876 Benedictus
575 3791 639 3874 'de
666 3791 777 3876 bono
806 3801 849 3876 et
874 3793 985 3877 malo
1013 3793 1114 3876 dicit
1141 3791 1360 3880 desiderio.
1482 3863 1490 3881 .

352 3923 565 4031 Sequitur:
611 3923 839 4009 Cavendum
867 3931 926 4008 est
964 3949 1057 4032 erqo
1093 3925 1183 4008 idco
1218 3923 1367 4009 errulum
1397 3925 1656 4029 desiderium,

240 4057 336 4168 quic
361 4083 471 4141 ereors
488 4081 602 4141 secus
624 4057 828 4142 introitum
848 4055 1120 4172 ‹icleclolionis
1135 4060 1272 4162 positu
1292 4063 1364 4162 est,
1394 4057 1500 4142 rrrrde
1520 4061 1676 4165 scrip?

239 4194 335 4273 terro
364 4186 567 4293 praecipit
603 4188 765 4274 edicens:
807 4187 906 4273 Post
944 4190 1287 4296 correrqrisceutios
1322 4197 1416 4278 lues
1455 4218 1532 4275 rena
1570 4215 1654 4276 cers.

247 4319 617 4426 &recrederemus
648 4321 881 4424 vitandum,
912 4321 1179 4434 fugiendum:
1223 4348 1358 4425 scores,
1397 4323 1423 4410 i.
1453 4353 1488 4413 e.
1511 4325 1654 4436 juxta:

76 4477 81 4488 ·
236 4460 331 4563 post
358 4453 699 4561 eorrerqriseeutios
724 4459 817 4537 treas
844 4473 923 4539 lecu
951 4482 1036 4557 eos,
1063 4458 1092 4543 i.
1115 4490 1151 4546 e.
1179 4456 1535 4570 concupiscentias
1562 4463 1654 4541 tuus

205 4598 208 4612 '
242 4589 284 4672 in
314 4584 650 4672 deliberationem
679 4577 870 4670 ne'sinas
898 4588 1024 4677 exire.
1080 4591 1299 4676 Sciendum
1328 4569 1413 4692 est,
1447 4587 1544 4698 quia
1570 4617 1655 4674 non

95 4707 104 4720 ’
141 4731 154 4750 ‘
243 4719 369 4804 dixit:
398 4747 513 4803 seem
540 4717 853 4803 delectationem
882 4695 1020 4830 {rosilo
1048 4728 1112 4811 est
1130 4751 1254 4827 mors,
1281 4723 1353 4808 sed
1381 4747 1497 4806 secus
1524 4719 1657 4804 intro-

242 4852 347 4934 itum
375 4849 680 4954 delectationis,
721 4877 771 4936 eo
798 4853 909 4964 quod
937 4881 1069 4960 mors,
1111 4857 1138 4945 i.
1167 4883 1203 4942 c.
1240 4857 1415 4942 mortale
1442 4856 1654 4964 peccatum

333 5142 360 5233 ι)
380 5161 544 5212 avemus
565 5141 620 5236 (r).
