3960 5774
249 279 332 374 500
434 203 441 218 ·
601 327 608 342 ·
860 275 948 376 Cap.
970 277 1047 356 m

247 491 308 586 ut
327 501 482 610 frater,
508 499 582 608 qui
609 501 692 586 uult
726 497 987 608 peculiariter
1012 527 1134 586 crore
1160 502 1205 585 et
1232 499 1350 612 reliq,
1372 501 1416 584 et
1448 497 1665 609 subjunxit

248 633 411 718 statim:
439 635 513 718 sed
547 631 652 716 etsi
677 629 781 716 alter
806 633 890 719 malt
916 632 997 718 citri
1026 637 1134 742 [erte
1168 657 1289 718 erare
1327 630 1539 734 secretius,
1566 633 1668 714 eim·

80 847 84 854 .
153 803 157 812 ·
245 762 411 872 pliciter
438 768 559 850 intret
585 767 623 848 et
649 769 757 866 oret,
784 790 864 849 uon
893 765 938 850 iu
966 763 1144 851 damase
1171 789 1283 865 ruer,
1310 762 1384 847 sed
1410 763 1455 847 iu
1481 763 1666 848 lacrimis
1713 836 1718 844 .

249 903 287 982 et
314 895 531 982 intentione
557 893 705 1000 cordis,
732 921 828 979 cnm
856 895 1016 979 nullum
1043 896 1223 1007 spatium
1242 894 1374 981 donat
1395 893 1554 995 orandi,
1585 895 1664 978 nisi

247 1027 415 1112 lectioni
445 1054 602 1133 vacare,
629 1025 776 1112 deindo
804 1025 1004 1128 laborare,
1032 1032 1176 1136 postea
1202 1026 1447 1111 manducare
1466 1025 1530 1108 vel
1566 1026 1668 1108 dor·

249 1159 383 1242 mire?
426 1156 640 1256 Quomodo
660 1161 800 1264 potest
818 1157 910 1264 quis
926 1184 1136 1240 manauere
1154 1156 1198 1240 in
1218 1156 1399 1242 oratorio
1417 1161 1491 1238 aut
1509 1153 1665 1238 intrare

148 1361 151 1370 Δ
251 1315 375 1372 causa
403 1286 563 1387 orandi,
592 1313 683 1372 eum
715 1287 801 1394 ipse
822 1313 902 1366 uon
923 1285 1009 1386 dat,
1037 1287 1145 1370 sicut
1159 1287 1259 1390 dixi,
1287 1286 1467 1396 spatium
1487 1285 1665 1370 orandi?

168 1405 172 1412 ’
248 1416 503 1526 Quamquam
533 1413 767 1522 specialiter
793 1415 972 1522 spatium
1005 1417 1085 1500 nou
1111 1417 1185 1500 dat
1202 1417 1362 1515 orandi,
1386 1427 1539 1516 tamen,
1568 1415 1665 1524 quia

105 1535 109 1542 ⁴
248 1546 368 1656 pauci
396 1553 506 1646 sunt,
538 1573 621 1630 nou
649 1545 888 1654 praeposuit
917 1544 1137 1630 lectionem
1165 1547 1251 1630 sive
1269 1543 1452 1628 laborem
1474 1549 1662 1628 contem·

46 1679 50 1686 ’
162 1733 165 1742 .
248 1676 437 1786 plutiani.
495 1674 539 1758 Si
574 1675 683 1759 enim
726 1675 960 1785 contingit,
987 1705 1081 1761 eum
1110 1677 1202 1786 quis
1229 1676 1356 1764 habet
1391 1673 1661 1782 comtempla-

247 1806 402 1890 tionem
432 1801 618 1914 tempore
645 1805 833 1888 lectionis
853 1807 916 1889 vel
944 1807 1098 1891 laboris
1123 1816 1167 1892 et
1192 1797 1325 1918 reliq,
1353 1835 1435 1890 nou
1467 1805 1530 1888 illi
1553 1806 1665 1888 irau-

247 1937 361 2024 davit
397 1937 610 2038 lacrimas,
638 1937 709 2019 sed
738 1935 802 2020 ob‘
820 1936 900 2022 hoo
928 1944 1066 2048 potest
1104 1937 1312 2022 dimittere
1348 1938 1570 2023 lectionem
1599 1936 1662 2019 vel

247 2069 431 2154 laborem
471 2073 515 2152 et
549 2070 609 2152 ire
649 2069 693 2152 in
735 2069 961 2152 oratorium
1001 2098 1124 2154 eausa
1161 2067 1548 2176 contemplationis,
1593 2067 1663 2150 sed

246 2203 367 2312 pauci
395 2205 505 2302 sunt,
534 2199 683 2310 quibus
711 2199 789 2284 hoe
812 2200 1051 2310 contingat3
1081 2201 1193 2284 verbi
1224 2200 1362 2311 gratia
1388 2198 1424 2282 si
1447 2226 1551 2282 unus
1581 2206 1664 2282 stat

247 2331 291 2416 in
321 2331 683 2442 contemplatione,
713 2331 818 2416 alter
845 2360 942 2416 vero
964 2335 1150 2416 susurrat
1168 2339 1241 2416 aut
1266 2332 1366 2416 talia
1384 2330 1488 2440 agit,
1519 2338 1566 2414 ut
1593 2331 1664 2415 ille

205 2553 209 2562 ,
245 2464 506 2574 impediatur,
533 2465 613 2548 iste
640 2462 881 2574 expellatur,
909 2462 981 2546 ille
1008 2463 1116 2548 alter
1142 2469 1239 2550 stet.
1277 2463 1554 2570 Improtitate,
1577 2463 1605 2549 i.
1625 2451 1661 2548 e.

247 2597 549 2697 susurracione,
577 2595 657 2682 hoc
685 2603 749 2680 est
776 2594 1129 2705 impedimentum,
1157 2594 1268 2706 qnod
1294 2595 1342 2678 fit
1359 2595 1536 2680 vocevel
1560 2623 1663 2680 sono
1776 2655 1777 2658 w

247 2733 291 2810 et
318 2726 436 2837 reliq.
1771 2823 1774 2826 ¹

357 2859 572 2967 Sequitur:
616 2857 854 2964 simpliciter
890 2857 1011 2942 intret
1050 2865 1087 2942 et
1122 2869 1222 2946 oret.
1278 2853 1661 2960 Simplicitate.

158 2984 167 3003 '
247 2987 381 3090 caute,
408 2987 569 3076 leniter.
613 2987 708 3074 Nou
736 2989 781 3071 iu
809 2985 988 3072 clamoso
1014 3014 1117 3089 uoce,
1145 2986 1221 3072 secl
1250 2987 1291 3070 iu
1320 2979 1505 3070 lacrimis
1534 2993 1572 3069 et
1598 2986 1664 3069 iu·

245 3121 418 3203 tentione
453 3116 600 3206 caralis.
656 3117 771 3224 Erpa
808 3119 878 3222 pai
912 3116 1045 3204 simile
1072 3144 1174 3225 opus
1202 3145 1279 3202 arua
1305 3117 1433 3220 lucit,
1460 3141 1540 3199 riou
1562 3143 1664 3221 per·

245 3248 429 3332 mittatur
455 3249 610 3352 captato
636 3272 754 3352 opere
773 3245 855 3331 Dei
882 3249 1083 3333 rerumrari
1109 3249 1153 3331 ia
1173 3245 1364 3347 oratorio,
1390 3245 1494 3327 suut
1512 3245 1662 3328 dietam

245 3382 327 3479 est,
372 3375 565 3462 ercoliae
603 3375 932 3481 impedimentum
961 3381 1162 3484 potiatur.
1231 3375 1333 3460 Cum
1374 3374 1473 3459 dicit
1515 3373 1662 3478 simile,
1707 3379 1712 3387 '
1787 3389 1791 3397 “

245 3509 569 3592 subaudiendum
597 3513 673 3608 est,
701 3506 809 3591 sieut
836 3507 922 3592 dixi
949 3509 1161 3620 superius,
1189 3508 1215 3598 i.
1244 3536 1279 3596 e.
1308 3506 1382 3616 qui
1410 3507 1455 3590 iu
1484 3506 1663 3591 lacrimis
1728 3526 1733 3534 '

245 3645 288 3722 et
305 3640 347 3722 in
366 3639 598 3723 intentione
615 3640 749 3723 cordis
772 3668 854 3726 nou
874 3653 978 3742 orat,
1008 3667 1084 3724 nee
1101 3645 1329 3725 remoretur
1349 3638 1407 3722 ibi
1426 3667 1502 3723 nec
1522 3639 1661 3721 intret.
1697 3717 1701 3722 .

245 3769 352 3857 Nam
392 3778 492 3856 sunt
527 3770 672 3870 multi,
708 3770 780 3881 qui
809 3803 853 3856 se
880 3770 1209 3856 circumveniunt
1244 3777 1287 3856 et
1322 3799 1407 3856 nou
1436 3775 1557 3854 orant
1585 3795 1661 3853 nee
1751 3841 1753 3847 .

243 3903 287 3988 in
316 3901 549 3989 intentione
577 3931 652 3990 uec
679 3903 719 3986 in
740 3903 931 4006 lacrimis,
960 3911 1003 3989 et
1024 3906 1203 4014 perdunt
1223 3909 1384 4011 tempus
1400 3901 1661 3988 obedientiae

242 4039 317 4140 aut
339 4034 539 4139 lectionis.
581 4035 690 4120 Bene
718 4035 835 4138 dixit,
865 4037 909 4121 in
926 4038 1107 4122 lacrimis
1127 4043 1170 4124 et
1198 4037 1240 4123 in
1270 4035 1506 4120 intentione
1528 4033 1661 4119 cordis

116 4163 124 4178 '
242 4194 330 4250 esse
369 4166 595 4269 orandum,
623 4166 744 4277 quia,
773 4168 844 4276 qui
885 4169 1145 4280 negligenter
1173 4176 1265 4255 orat
1292 4173 1335 4251 et
1361 4167 1474 4252 uliud
1512 4171 1661 4276 sponte

223 4294 481 4429 intenderit,
510 4295 612 4382 illud
640 4297 888 4408 intelligitur
914 4299 1087 4383 adorare
1115 4307 1158 4385 et
1185 4298 1302 4409 quasi
1326 4295 1467 4381 'Deum
1495 4294 1659 4392 habere,

243 4424 355 4532 quod
383 4425 620 4512 intenderit.
663 4424 726 4509 De
746 4456 829 4536 qua
852 4429 1040 4514 oratioue
1063 4429 1164 4515 dicit
1179 4426 1389 4516 Caesarius
1412 4427 1491 4512 hoc
1516 4425 1659 4510 modo:
1729 4481 1731 4488 ‹

242 4555 350 4639 Auta
376 4555 526 4657 ascetria,
552 4557 709 4659 tratres
736 4551 944 4640 carissimi
1088 4556 1400 4665 praeparabitis
1429 4555 1656 4664 represserat)
1713 4665 1715 4668 Ι

78 4731 80 4736 .
243 4681 295 4766 In
322 4712 371 4768 eo
398 4709 562 4798 qnoque
596 4681 710 4783 loco,
753 4683 825 4766 ubi
853 4685 955 4770 dicit
987 4711 1067 4769 area
1099 4687 1141 4768 iu
1170 4685 1348 4770 clorrroso
1376 4708 1488 4783 uoce,
1530 4683 1663 4766 orani·

231 4813 379 4916 'iestnt,
409 4841 491 4922 qna
520 4812 753 4896 intentione
781 4813 860 4898 hoe
888 4815 1114 4924 capitulum
1138 4813 1420 4930 praeceperit3
1450 4811 1660 4896 nonenim

132 4947 138 4970 '
244 4941 358 5046 dicit,
386 4950 434 5025 ut
458 4940 731 5027 ibioifieium
760 4947 1017 5029 mortuorum
1047 4973 1130 5030 non
1159 4949 1321 5055 agutur,
1350 4942 1386 5026 si
1413 4941 1661 5052 generalitas

169 5307 172 5312 .
331 5225 359 5318 ¹)
381 5223 515 5314 usgue,
537 5225 624 5300 tous
646 5225 704 5296 38.
726 5225 793 5300 001.
816 5227 917 5299 essu.
940 5227 1039 5302 assa
1061 5251 1164 5302 sam.
1188 5229 1265 5300 css
1287 5250 1324 5302 ιι.
1345 5227 1445 5300 2-5.
