<?xml version="1.0" encoding="UTF-8"?>
<!DOCTYPE html PUBLIC "-//W3C//DTD XHTML 1.0 Transitional//EN"
    "http://www.w3.org/TR/xhtml1/DTD/xhtml1-transitional.dtd">
<html xmlns="http://www.w3.org/1999/xhtml" xml:lang="en" lang="en">
 <head>
  <title>
</title>
<meta http-equiv="Content-Type" content="text/html;charset=utf-8" />
  <meta name='ocr-system' content='tesseract 3.04.00' />
  <meta name='ocr-capabilities' content='ocr_page ocr_carea ocr_par ocr_line ocrx_word'/>
</head>
<body>
  <div class='ocr_page' id='page_1' title='image "./vitaetregulassp01benegoog_0533.png"; bbox 0 0 3930 5788; ppageno 0'>
   <div class='ocr_carea' id='block_1_1' title="bbox 253 155 1336 248">
    <p class='ocr_par' dir='ltr' id='par_1_1' title="bbox 253 155 1336 248">
     <span class='ocr_line' id='line_1_1' title="bbox 253 155 1336 248; baseline 0.002 -4"><span class='ocrx_word' id='word_1_1' title='bbox 253 158 335 244; x_wconf 69' lang='lat'><strong>504</strong></span> <span class='ocrx_word' id='word_1_2' title='bbox 482 191 486 198; x_wconf 91' lang='lat'>·</span> <span class='ocrx_word' id='word_1_3' title='bbox 864 155 1157 248; x_wconf 65' lang='lat' dir='ltr'><strong>(aanu-</strong></span> <span class='ocrx_word' id='word_1_4' title='bbox 1329 187 1336 198; x_wconf 89' lang='grc'><em>·</em></span> 
     </span>
    </p>
   </div>
   <div class='ocr_carea' id='block_1_2' title="bbox 25 371 1768 4828">
    <p class='ocr_par' dir='ltr' id='par_1_2' title="bbox 71 371 1717 616">
     <span class='ocr_line' id='line_1_2' title="bbox 71 371 1667 501; baseline 0.001 -43"><span class='ocrx_word' id='word_1_5' title='bbox 71 460 97 501; x_wconf 34' lang='grc' dir='ltr'><strong>ί,</strong></span> <span class='ocrx_word' id='word_1_6' title='bbox 253 373 366 483; x_wconf 85' lang='lat' dir='ltr'><strong>quod</strong></span> <span class='ocrx_word' id='word_1_7' title='bbox 404 373 578 476; x_wconf 64' lang='lat' dir='ltr'><strong>viderit,⁴</strong></span> <span class='ocrx_word' id='word_1_8' title='bbox 604 375 666 460; x_wconf 86' lang='lat' dir='ltr'><strong>ita</strong></span> <span class='ocrx_word' id='word_1_9' title='bbox 701 373 825 461; x_wconf 86' lang='lat' dir='ltr'><strong>debet</strong></span> <span class='ocrx_word' id='word_1_10' title='bbox 860 375 952 462; x_wconf 86' lang='lat' dir='ltr'><strong>lieri</strong></span> <span class='ocrx_word' id='word_1_11' title='bbox 989 373 1263 486; x_wconf 69' lang='lat' dir='ltr'><strong>praeparatio.</strong></span> <span class='ocrx_word' id='word_1_12' title='bbox 1328 371 1551 461; x_wconf 74' lang='lat' dir='ltr'><strong>Sciendum</strong></span> <span class='ocrx_word' id='word_1_13' title='bbox 1581 379 1667 478; x_wconf 79' lang='lat' dir='ltr'><strong>ert,</strong></span> 
     </span>
     <span class='ocr_line' id='line_1_3' title="bbox 253 502 1717 616; baseline 0.001 -30"><span class='ocrx_word' id='word_1_14' title='bbox 253 503 352 613; x_wconf 89' lang='lat' dir='ltr'><strong>quia</strong></span> <span class='ocrx_word' id='word_1_15' title='bbox 378 508 478 588; x_wconf 86' lang='lat' dir='ltr'><strong>ruat</strong></span> <span class='ocrx_word' id='word_1_16' title='bbox 503 502 574 588; x_wconf 88' lang='lat' dir='ltr'><strong>alii</strong></span> <span class='ocrx_word' id='word_1_17' title='bbox 601 503 791 609; x_wconf 82' lang='lat' dir='ltr'><strong>abbates,</strong></span> <span class='ocrx_word' id='word_1_18' title='bbox 828 507 899 614; x_wconf 83' lang='lat' dir='ltr'><strong>qui</strong></span> <span class='ocrx_word' id='word_1_19' title='bbox 928 507 1175 616; x_wconf 83' lang='lat' dir='ltr'><strong>praeparant</strong></span> <span class='ocrx_word' id='word_1_20' title='bbox 1202 502 1281 587; x_wconf 83' lang='lat' dir='ltr'><strong>sibi</strong></span> <span class='ocrx_word' id='word_1_21' title='bbox 1309 502 1524 612; x_wconf 82' lang='lat' dir='ltr'><strong>pulmenta</strong></span> <span class='ocrx_word' id='word_1_22' title='bbox 1551 503 1669 614; x_wconf 87' lang='lat' dir='ltr'><strong>plora</strong></span> <span class='ocrx_word' id='word_1_23' title='bbox 1711 527 1717 538; x_wconf 88' lang='lat'><em>·</em></span> 
     </span>
    </p>

    <p class='ocr_par' dir='ltr' id='par_1_3' title="bbox 64 630 1668 744">
     <span class='ocr_line' id='line_1_4' title="bbox 64 630 1668 744; baseline -0.001 -26"><span class='ocrx_word' id='word_1_24' title='bbox 64 630 72 650; x_wconf 71' lang='lat'>⁸</span> <span class='ocrx_word' id='word_1_25' title='bbox 164 687 168 696; x_wconf 92' lang='lat'>·</span> <span class='ocrx_word' id='word_1_26' title='bbox 255 659 375 718; x_wconf 85' lang='lat' dir='ltr'><strong>causa</strong></span> <span class='ocrx_word' id='word_1_27' title='bbox 409 631 725 744; x_wconf 77' lang='lat' dir='ltr'><strong>gastrimargiae</strong></span> <span class='ocrx_word' id='word_1_28' title='bbox 765 638 851 719; x_wconf 86' lang='lat' dir='ltr'><strong>tam</strong></span> <span class='ocrx_word' id='word_1_29' title='bbox 892 661 969 744; x_wconf 88' lang='lat' dir='ltr'><strong>pro</strong></span> <span class='ocrx_word' id='word_1_30' title='bbox 1002 631 1252 744; x_wconf 82' lang='lat' dir='ltr'><strong>pauperibus</strong></span> <span class='ocrx_word' id='word_1_31' title='bbox 1288 659 1411 742; x_wconf 86' lang='lat' dir='ltr'><strong>quarn</strong></span> <span class='ocrx_word' id='word_1_32' title='bbox 1454 660 1531 742; x_wconf 92' lang='lat' dir='ltr'><strong>pro</strong></span> <span class='ocrx_word' id='word_1_33' title='bbox 1563 632 1668 716; x_wconf 82' lang='lat' dir='ltr'><strong>diri·</strong></span> 
     </span>
    </p>

    <p class='ocr_par' dir='ltr' id='par_1_4' title="bbox 254 759 1667 883">
     <span class='ocr_line' id='line_1_5' title="bbox 254 759 1667 883; baseline 0 -37"><span class='ocrx_word' id='word_1_34' title='bbox 254 762 378 847; x_wconf 89' lang='lat' dir='ltr'><strong>tibus.</strong></span> <span class='ocrx_word' id='word_1_35' title='bbox 436 759 611 846; x_wconf 83' lang='lat' dir='ltr'><strong>Etcum</strong></span> <span class='ocrx_word' id='word_1_36' title='bbox 640 764 883 873; x_wconf 83' lang='lat' dir='ltr'><strong>interrogati</strong></span> <span class='ocrx_word' id='word_1_37' title='bbox 911 763 1079 883; x_wconf 67' lang='lat' dir='ltr'><strong>fuerint,</strong></span> <span class='ocrx_word' id='word_1_38' title='bbox 1108 789 1236 871; x_wconf 84' lang='lat' dir='ltr'><strong>quare</strong></span> <span class='ocrx_word' id='word_1_39' title='bbox 1261 761 1342 848; x_wconf 91' lang='lat' dir='ltr'><strong>boc</strong></span> <span class='ocrx_word' id='word_1_40' title='bbox 1369 761 1540 863; x_wconf 81' lang='lat' dir='ltr'><strong>iaciant,</strong></span> <span class='ocrx_word' id='word_1_41' title='bbox 1571 763 1667 846; x_wconf 79' lang='lat' dir='ltr'><strong>mit·</strong></span> 
     </span>
    </p>

    <p class='ocr_par' dir='ltr' id='par_1_5' title="bbox 255 891 1668 1004">
     <span class='ocr_line' id='line_1_6' title="bbox 255 891 1668 1004; baseline 0 -28"><span class='ocrx_word' id='word_1_42' title='bbox 255 896 352 976; x_wconf 85' lang='lat' dir='ltr'><strong>tunt</strong></span> <span class='ocrx_word' id='word_1_43' title='bbox 391 893 627 979; x_wconf 75' lang='lat' dir='ltr'><strong>occasiones</strong></span> <span class='ocrx_word' id='word_1_44' title='bbox 666 892 869 995; x_wconf 79' lang='lat' dir='ltr'><strong>(licentes,</strong></span> <span class='ocrx_word' id='word_1_45' title='bbox 904 921 1026 978; x_wconf 85' lang='lat' dir='ltr'><strong>causa</strong></span> <span class='ocrx_word' id='word_1_46' title='bbox 1066 893 1240 1004; x_wconf 83' lang='lat' dir='ltr'><strong>hospitis</strong></span> <span class='ocrx_word' id='word_1_47' title='bbox 1278 921 1323 978; x_wconf 88' lang='lat' dir='ltr'><strong>se</strong></span> <span class='ocrx_word' id='word_1_48' title='bbox 1358 893 1506 980; x_wconf 83' lang='lat' dir='ltr'><strong>iacere.</strong></span> <span class='ocrx_word' id='word_1_49' title='bbox 1560 891 1668 978; x_wconf 71' lang='lat' dir='ltr'><strong>‘Nou</strong></span> 
     </span>
    </p>

    <p class='ocr_par' dir='ltr' id='par_1_6' title="bbox 201 1009 1673 1136">
     <span class='ocr_line' id='line_1_7' title="bbox 201 1009 1673 1136; baseline 0 -28"><span class='ocrx_word' id='word_1_50' title='bbox 201 1125 204 1132; x_wconf 89' lang='lat'><em>.</em></span> <span class='ocrx_word' id='word_1_51' title='bbox 254 1025 417 1108; x_wconf 84' lang='lat' dir='ltr'><strong>ridetur</strong></span> <span class='ocrx_word' id='word_1_52' title='bbox 444 1026 503 1108; x_wconf 84' lang='lat' dir='ltr'><strong>ita</strong></span> <span class='ocrx_word' id='word_1_53' title='bbox 529 1023 636 1109; x_wconf 89' lang='lat' dir='ltr'><strong>ratio</strong></span> <span class='ocrx_word' id='word_1_54' title='bbox 662 1051 749 1108; x_wconf 85' lang='lat' dir='ltr'><strong>esse</strong></span> <span class='ocrx_word' id='word_1_55' title='bbox 776 1025 916 1135; x_wconf 87' lang='lat' dir='ltr'><strong>plena,</strong></span> <span class='ocrx_word' id='word_1_56' title='bbox 946 1009 1053 1136; x_wconf 82' lang='lat' dir='ltr'><strong>quia</strong></span> <span class='ocrx_word' id='word_1_57' title='bbox 1080 1026 1301 1134; x_wconf 83' lang='lat' dir='ltr'><strong>uuicuique</strong></span> <span class='ocrx_word' id='word_1_58' title='bbox 1335 1052 1535 1136; x_wconf 86' lang='lat' dir='ltr'><strong>personae</strong></span> <span class='ocrx_word' id='word_1_59' title='bbox 1569 1052 1673 1109; x_wconf 90' lang='lat' dir='ltr'><strong>cou·.</strong></span> 
     </span>
    </p>

    <p class='ocr_par' dir='ltr' id='par_1_7' title="bbox 129 1153 1670 1530">
     <span class='ocr_line' id='line_1_8' title="bbox 129 1153 1669 1266; baseline 0 -28"><span class='ocrx_word' id='word_1_60' title='bbox 129 1157 132 1164; x_wconf 80' lang='grc'><em>’</em></span> <span class='ocrx_word' id='word_1_61' title='bbox 196 1179 203 1200; x_wconf 75' lang='grc'><em>·</em></span> <span class='ocrx_word' id='word_1_62' title='bbox 256 1183 359 1265; x_wconf 86' lang='lat' dir='ltr'><strong>grae</strong></span> <span class='ocrx_word' id='word_1_63' title='bbox 399 1155 521 1240; x_wconf 85' lang='lat' dir='ltr'><strong>(lebet</strong></span> <span class='ocrx_word' id='word_1_64' title='bbox 557 1155 646 1238; x_wconf 89' lang='lat' dir='ltr'><strong>fieri</strong></span> <span class='ocrx_word' id='word_1_65' title='bbox 686 1161 968 1266; x_wconf 84' lang='lat' dir='ltr'><strong>praeparatio;</strong></span> <span class='ocrx_word' id='word_1_66' title='bbox 1009 1163 1147 1242; x_wconf 83' lang='lat' dir='ltr'><strong>tumen</strong></span> <span class='ocrx_word' id='word_1_67' title='bbox 1185 1156 1255 1240; x_wconf 91' lang='lat' dir='ltr'><strong>ille</strong></span> <span class='ocrx_word' id='word_1_68' title='bbox 1292 1157 1451 1256; x_wconf 84' lang='lat' dir='ltr'><strong>videat,</strong></span> <span class='ocrx_word' id='word_1_69' title='bbox 1479 1153 1553 1264; x_wconf 89' lang='lat' dir='ltr'><strong>qui</strong></span> <span class='ocrx_word' id='word_1_70' title='bbox 1588 1153 1669 1238; x_wconf 90' lang='lat' dir='ltr'><strong>boc</strong></span> 
     </span>
     <span class='ocr_line' id='line_1_9' title="bbox 257 1285 1670 1406; baseline 0 -37"><span class='ocrx_word' id='word_1_71' title='bbox 257 1285 377 1394; x_wconf 55' lang='lat' dir='ltr'><strong>agit„</strong></span> <span class='ocrx_word' id='word_1_72' title='bbox 406 1285 536 1386; x_wconf 60' lang='lat' dir='ltr'><strong>,Quod</strong></span> <span class='ocrx_word' id='word_1_73' title='bbox 565 1313 662 1370; x_wconf 82' lang='lat' dir='ltr'><strong>vero</strong></span> <span class='ocrx_word' id='word_1_74' title='bbox 690 1314 771 1371; x_wconf 88' lang='lat' dir='ltr'><strong>nou</strong></span> <span class='ocrx_word' id='word_1_75' title='bbox 803 1287 994 1372; x_wconf 85' lang='lat' dir='ltr'><strong>omnibus</strong></span> <span class='ocrx_word' id='word_1_76' title='bbox 1021 1289 1248 1406; x_wconf 84' lang='lat' dir='ltr'><strong>aequaliter</strong></span> <span class='ocrx_word' id='word_1_77' title='bbox 1282 1288 1407 1373; x_wconf 88' lang='lat' dir='ltr'><strong>debet</strong></span> <span class='ocrx_word' id='word_1_78' title='bbox 1435 1287 1523 1371; x_wconf 84' lang='lat' dir='ltr'><strong>fieri</strong></span> <span class='ocrx_word' id='word_1_79' title='bbox 1551 1313 1670 1397; x_wconf 87' lang='lat' dir='ltr'><strong>prae·</strong></span> 
     </span>
     <span class='ocr_line' id='line_1_10' title="bbox 257 1403 1669 1530; baseline 0 -31"><span class='ocrx_word' id='word_1_80' title='bbox 257 1415 430 1526; x_wconf 85' lang='lat' dir='ltr'><strong>paratio,</strong></span> <span class='ocrx_word' id='word_1_81' title='bbox 460 1414 508 1500; x_wconf 92' lang='lat' dir='ltr'><strong>B.</strong></span> <span class='ocrx_word' id='word_1_82' title='bbox 527 1415 751 1527; x_wconf 74' lang='lat' dir='ltr'><strong>Gregorius</strong></span> <span class='ocrx_word' id='word_1_83' title='bbox 775 1418 898 1504; x_wconf 86' lang='lat' dir='ltr'><strong>docet</strong></span> <span class='ocrx_word' id='word_1_84' title='bbox 926 1419 971 1503; x_wconf 89' lang='lat' dir='ltr'><strong>in</strong></span> <span class='ocrx_word' id='word_1_85' title='bbox 995 1417 1030 1509; x_wconf 88' lang='lat' dir='ltr'><strong>l.</strong></span> <span class='ocrx_word' id='word_1_86' title='bbox 1053 1421 1159 1506; x_wconf 89' lang='lat' dir='ltr'><strong>libro</strong></span> <span class='ocrx_word' id='word_1_87' title='bbox 1190 1417 1261 1510; x_wconf 85' lang='lat' dir='ltr'><strong>lv.</strong></span> <span class='ocrx_word' id='word_1_88' title='bbox 1284 1403 1413 1530; x_wconf 84' lang='lat' dir='ltr'><strong>partis</strong></span> <span class='ocrx_word' id='word_1_89' title='bbox 1440 1417 1669 1519; x_wconf 83' lang='lat' dir='ltr'><strong>moralium,</strong></span> 
     </span>
    </p>

    <p class='ocr_par' dir='ltr' id='par_1_8' title="bbox 25 1545 1768 4308">
     <span class='ocr_line' id='line_1_11' title="bbox 160 1545 1698 1660; baseline -0.001 -29"><span class='ocrx_word' id='word_1_90' title='bbox 160 1580 164 1588; x_wconf 93' lang='lat'>·</span> <span class='ocrx_word' id='word_1_91' title='bbox 256 1546 327 1631; x_wconf 92' lang='lat' dir='ltr'><strong>ubi</strong></span> <span class='ocrx_word' id='word_1_92' title='bbox 355 1545 439 1632; x_wconf 79' lang='lat' dir='ltr'><strong>lob</strong></span> <span class='ocrx_word' id='word_1_93' title='bbox 467 1547 587 1632; x_wconf 85' lang='lat' dir='ltr'><strong>dicit:</strong></span> <span class='ocrx_word' id='word_1_94' title='bbox 628 1547 757 1656; x_wconf 79' lang='lat' dir='ltr'><strong>Cujus</strong></span> <span class='ocrx_word' id='word_1_95' title='bbox 782 1552 946 1658; x_wconf 76' lang='lat' dir='ltr'><strong>adjutor</strong></span> <span class='ocrx_word' id='word_1_96' title='bbox 972 1561 1046 1638; x_wconf 80' lang='lat' dir='ltr'><strong>es?</strong></span> <span class='ocrx_word' id='word_1_97' title='bbox 1080 1553 1274 1660; x_wconf 77' lang='lat' dir='ltr'><strong>nceruqoid</strong></span> <span class='ocrx_word' id='word_1_98' title='bbox 1302 1551 1544 1636; x_wconf 81' lang='lat' dir='ltr'><strong>irubesrllis?</strong></span> <span class='ocrx_word' id='word_1_99' title='bbox 1567 1549 1698 1636; x_wconf 66' lang='lat' dir='ltr'><strong>Aa..</strong></span> 
     </span>
     <span class='ocr_line' id='line_1_12' title="bbox 44 1680 1669 1792; baseline 0.001 -30"><span class='ocrx_word' id='word_1_100' title='bbox 44 1693 78 1762; x_wconf 70' lang='lat' dir='ltr'><strong>t·</strong></span> <span class='ocrx_word' id='word_1_101' title='bbox 247 1681 397 1788; x_wconf 76' lang='lat' dir='ltr'><strong>jocose</strong></span> <span class='ocrx_word' id='word_1_102' title='bbox 423 1680 656 1765; x_wconf 77' lang='lat' dir='ltr'><strong>imbecillem</strong></span> <span class='ocrx_word' id='word_1_103' title='bbox 684 1684 870 1767; x_wconf 71' lang='lat' dir='ltr'><strong>cumbolis</strong></span> <span class='ocrx_word' id='word_1_104' title='bbox 896 1690 969 1786; x_wconf 81' lang='lat' dir='ltr'><strong>est,</strong></span> <span class='ocrx_word' id='word_1_105' title='bbox 998 1681 1198 1792; x_wconf 72' lang='lat' dir='ltr'><strong>odjrroorc</strong></span> <span class='ocrx_word' id='word_1_106' title='bbox 1218 1688 1418 1790; x_wconf 79' lang='lat' dir='ltr'><strong>polentem</strong></span> <span class='ocrx_word' id='word_1_107' title='bbox 1444 1681 1556 1785; x_wconf 81' lang='lat' dir='ltr'><strong>celle,</strong></span> <span class='ocrx_word' id='word_1_108' title='bbox 1584 1683 1669 1766; x_wconf 85' lang='lat' dir='ltr'><strong>clo·</strong></span> 
     </span>
     <span class='ocr_line' id='line_1_13' title="bbox 68 1810 1768 1926; baseline -0.001 -30"><span class='ocrx_word' id='word_1_109' title='bbox 68 1845 70 1848; x_wconf 91' lang='lat'>·</span> <span class='ocrx_word' id='word_1_110' title='bbox 256 1813 392 1898; x_wconf 83' lang='lat' dir='ltr'><strong>lionis.</strong></span> <span class='ocrx_word' id='word_1_111' title='bbox 403 1813 437 1922; x_wconf 87' lang='lat'><strong>¹)</strong></span> <span class='ocrx_word' id='word_1_112' title='bbox 494 1810 611 1913; x_wconf 86' lang='lat' dir='ltr'><strong>Quod</strong></span> <span class='ocrx_word' id='word_1_113' title='bbox 650 1813 760 1898; x_wconf 87' lang='lat' dir='ltr'><strong>anim</strong></span> <span class='ocrx_word' id='word_1_114' title='bbox 801 1815 903 1900; x_wconf 84' lang='lat' dir='ltr'><strong>dicit</strong></span> <span class='ocrx_word' id='word_1_115' title='bbox 937 1818 1068 1902; x_wconf 73' lang='lat' dir='ltr'><strong>cruoris</strong></span> <span class='ocrx_word' id='word_1_116' title='bbox 1101 1817 1333 1901; x_wconf 83' lang='lat' dir='ltr'><strong>bronouilos</strong></span> <span class='ocrx_word' id='word_1_117' title='bbox 1359 1816 1399 1900; x_wconf 87' lang='lat' dir='ltr'><strong>ei</strong></span> <span class='ocrx_word' id='word_1_118' title='bbox 1424 1815 1683 1926; x_wconf 50' lang='lat' dir='ltr'><strong>exhibeatur„</strong></span> <span class='ocrx_word' id='word_1_119' title='bbox 1766 1865 1768 1870; x_wconf 66' lang='lat'>,</span> 
     </span>
     <span class='ocr_line' id='line_1_14' title="bbox 258 1945 1672 2052; baseline 0.002 -24"><span class='ocrx_word' id='word_1_120' title='bbox 258 1945 583 2048; x_wconf 84' lang='lat' dir='ltr'><strong>subaudiendum</strong></span> <span class='ocrx_word' id='word_1_121' title='bbox 607 1953 689 2031; x_wconf 86' lang='lat' dir='ltr'><strong>est:</strong></span> <span class='ocrx_word' id='word_1_122' title='bbox 719 1947 929 2032; x_wconf 82' lang='lat' dir='ltr'><strong>sufficiens</strong></span> <span class='ocrx_word' id='word_1_123' title='bbox 955 1948 1161 2052; x_wconf 75' lang='lat' dir='ltr'><strong>honestus.</strong></span> <span class='ocrx_word' id='word_1_124' title='bbox 1205 1946 1321 2032; x_wconf 83' lang='lat' dir='ltr'><strong>luter</strong></span> <span class='ocrx_word' id='word_1_125' title='bbox 1338 1949 1551 2032; x_wconf 82' lang='lat' dir='ltr'><strong>caritatem</strong></span> <span class='ocrx_word' id='word_1_126' title='bbox 1577 1975 1672 2031; x_wconf 83' lang='lat' dir='ltr'><strong>vero</strong></span> 
     </span>
     <span class='ocr_line' id='line_1_15' title="bbox 93 2071 1672 2188; baseline -0.003 -26"><span class='ocrx_word' id='word_1_127' title='bbox 93 2071 96 2078; x_wconf 63' lang='grc'>’</span> <span class='ocrx_word' id='word_1_128' title='bbox 258 2081 301 2162; x_wconf 87' lang='lat' dir='ltr'><strong>ct</strong></span> <span class='ocrx_word' id='word_1_129' title='bbox 328 2075 626 2162; x_wconf 84' lang='lat' dir='ltr'><strong>humanitatem</strong></span> <span class='ocrx_word' id='word_1_130' title='bbox 655 2081 795 2188; x_wconf 85' lang='lat' dir='ltr'><strong>potest</strong></span> <span class='ocrx_word' id='word_1_131' title='bbox 823 2107 910 2162; x_wconf 87' lang='lat' dir='ltr'><strong>esse</strong></span> <span class='ocrx_word' id='word_1_132' title='bbox 945 2078 1025 2162; x_wconf 85' lang='lat' dir='ltr'><strong>ista</strong></span> <span class='ocrx_word' id='word_1_133' title='bbox 1053 2078 1303 2164; x_wconf 81' lang='lat' dir='ltr'><strong>differentia:</strong></span> <span class='ocrx_word' id='word_1_134' title='bbox 1341 2079 1489 2162; x_wconf 84' lang='lat' dir='ltr'><strong>caritas</strong></span> <span class='ocrx_word' id='word_1_135' title='bbox 1526 2083 1590 2162; x_wconf 86' lang='lat' dir='ltr'><strong>est</strong></span> <span class='ocrx_word' id='word_1_136' title='bbox 1627 2077 1672 2159; x_wconf 85' lang='lat' dir='ltr'><strong>iu</strong></span> 
     </span>
     <span class='ocr_line' id='line_1_16' title="bbox 257 2195 1672 2322; baseline 0 -30"><span class='ocrx_word' id='word_1_137' title='bbox 257 2208 538 2319; x_wconf 78' lang='lat' dir='ltr'><strong>spiritualibus</strong></span> <span class='ocrx_word' id='word_1_138' title='bbox 560 2210 646 2295; x_wconf 88' lang='lat' dir='ltr'><strong>sive</strong></span> <span class='ocrx_word' id='word_1_139' title='bbox 667 2211 793 2296; x_wconf 84' lang='lat' dir='ltr'><strong>ctiam</strong></span> <span class='ocrx_word' id='word_1_140' title='bbox 814 2195 1098 2321; x_wconf 83' lang='lat' dir='ltr'><strong>corporalibus</strong></span> <span class='ocrx_word' id='word_1_141' title='bbox 1114 2211 1248 2313; x_wconf 87' lang='lat' dir='ltr'><strong>rebus,</strong></span> <span class='ocrx_word' id='word_1_142' title='bbox 1271 2239 1378 2322; x_wconf 85' lang='lat' dir='ltr'><strong>quae</strong></span> <span class='ocrx_word' id='word_1_143' title='bbox 1403 2209 1511 2295; x_wconf 87' lang='lat' dir='ltr'><strong>fiunt</strong></span> <span class='ocrx_word' id='word_1_144' title='bbox 1532 2237 1672 2295; x_wconf 88' lang='lat' dir='ltr'><strong>umore</strong></span> 
     </span>
     <span class='ocr_line' id='line_1_17' title="bbox 260 2325 1701 2451; baseline -0.001 -25"><span class='ocrx_word' id='word_1_145' title='bbox 260 2342 360 2441; x_wconf 77' lang='lat' dir='ltr'><strong>Dei3</strong></span> <span class='ocrx_word' id='word_1_146' title='bbox 393 2340 628 2426; x_wconf 88' lang='lat' dir='ltr'><strong>humanitas</strong></span> <span class='ocrx_word' id='word_1_147' title='bbox 663 2372 760 2430; x_wconf 81' lang='lat' dir='ltr'><strong>uero</strong></span> <span class='ocrx_word' id='word_1_148' title='bbox 796 2346 840 2428; x_wconf 91' lang='lat' dir='ltr'><strong>in</strong></span> <span class='ocrx_word' id='word_1_149' title='bbox 867 2343 1163 2451; x_wconf 83' lang='lat' dir='ltr'><strong>temporalibus</strong></span> <span class='ocrx_word' id='word_1_150' title='bbox 1197 2347 1360 2428; x_wconf 73' lang='lat' dir='ltr'><strong>uncum</strong></span> <span class='ocrx_word' id='word_1_151' title='bbox 1398 2342 1539 2440; x_wconf 81' lang='lat' dir='ltr'><strong>rebus,</strong></span> <span class='ocrx_word' id='word_1_152' title='bbox 1569 2325 1701 2448; x_wconf 71' lang='lat' dir='ltr'><strong>quaa¹</strong></span> 
     </span>
     <span class='ocr_line' id='line_1_18' title="bbox 154 2471 1674 2576; baseline 0 -20"><span class='ocrx_word' id='word_1_153' title='bbox 154 2501 157 2508; x_wconf 59' lang='lat'><strong>⁴</strong></span> <span class='ocrx_word' id='word_1_154' title='bbox 258 2472 412 2556; x_wconf 88' lang='lat' dir='ltr'><strong>dautur</strong></span> <span class='ocrx_word' id='word_1_155' title='bbox 447 2473 532 2556; x_wconf 85' lang='lat' dir='ltr'><strong>siue</strong></span> <span class='ocrx_word' id='word_1_156' title='bbox 572 2501 712 2559; x_wconf 86' lang='lat' dir='ltr'><strong>amore</strong></span> <span class='ocrx_word' id='word_1_157' title='bbox 749 2475 851 2576; x_wconf 79' lang='lat' dir='ltr'><strong>Dei,</strong></span> <span class='ocrx_word' id='word_1_158' title='bbox 878 2475 963 2558; x_wconf 85' lang='lat' dir='ltr'><strong>sire</strong></span> <span class='ocrx_word' id='word_1_159' title='bbox 1001 2501 1123 2558; x_wconf 85' lang='lat' dir='ltr'><strong>causa</strong></span> <span class='ocrx_word' id='word_1_160' title='bbox 1162 2473 1325 2558; x_wconf 89' lang='lat' dir='ltr'><strong>saeculi.</strong></span> <span class='ocrx_word' id='word_1_161' title='bbox 1382 2471 1432 2557; x_wconf 90' lang='lat' dir='ltr'><strong>lu</strong></span> <span class='ocrx_word' id='word_1_162' title='bbox 1472 2471 1674 2556; x_wconf 93' lang='lat' dir='ltr'><strong>hocloco</strong></span> 
     </span>
     <span class='ocr_line' id='line_1_19' title="bbox 259 2602 1675 2718; baseline 0.001 -32"><span class='ocrx_word' id='word_1_163' title='bbox 259 2602 515 2707; x_wconf 86' lang='lat' dir='ltr'><strong>humanitus,</strong></span> <span class='ocrx_word' id='word_1_164' title='bbox 542 2607 640 2715; x_wconf 89' lang='lat' dir='ltr'><strong>quia</strong></span> <span class='ocrx_word' id='word_1_165' title='bbox 668 2605 745 2690; x_wconf 90' lang='lat' dir='ltr'><strong>Dei</strong></span> <span class='ocrx_word' id='word_1_166' title='bbox 773 2633 914 2691; x_wconf 85' lang='lat' dir='ltr'><strong>surore</strong></span> <span class='ocrx_word' id='word_1_167' title='bbox 942 2604 1078 2708; x_wconf 88' lang='lat' dir='ltr'><strong>datur,</strong></span> <span class='ocrx_word' id='word_1_168' title='bbox 1111 2605 1362 2718; x_wconf 84' lang='lat' dir='ltr'><strong>intelligitur</strong></span> <span class='ocrx_word' id='word_1_169' title='bbox 1389 2605 1440 2690; x_wconf 90' lang='lat' dir='ltr'><strong>de</strong></span> <span class='ocrx_word' id='word_1_170' title='bbox 1462 2608 1675 2714; x_wconf 87' lang='lat' dir='ltr'><strong>tempora·</strong></span> 
     </span>
     <span class='ocr_line' id='line_1_20' title="bbox 219 2727 1674 2850; baseline 0.001 -32"><span class='ocrx_word' id='word_1_171' title='bbox 219 2727 223 2736; x_wconf 73' lang='grc'><strong>’</strong></span> <span class='ocrx_word' id='word_1_172' title='bbox 262 2735 389 2837; x_wconf 86' lang='lat' dir='ltr'><strong>libus,</strong></span> <span class='ocrx_word' id='word_1_173' title='bbox 417 2737 443 2823; x_wconf 87' lang='lat' dir='ltr'><strong>i.</strong></span> <span class='ocrx_word' id='word_1_174' title='bbox 474 2765 509 2822; x_wconf 91' lang='lat' dir='ltr'><strong>e.</strong></span> <span class='ocrx_word' id='word_1_175' title='bbox 538 2738 656 2848; x_wconf 86' lang='lat' dir='ltr'><strong>panis</strong></span> <span class='ocrx_word' id='word_1_176' title='bbox 683 2740 729 2850; x_wconf 85' lang='lat' dir='ltr'><strong>et</strong></span> <span class='ocrx_word' id='word_1_177' title='bbox 756 2737 919 2840; x_wconf 85' lang='lat' dir='ltr'><strong>vinum,</strong></span> <span class='ocrx_word' id='word_1_178' title='bbox 949 2737 1089 2840; x_wconf 82' lang='lat' dir='ltr'><strong>cibus,</strong></span> <span class='ocrx_word' id='word_1_179' title='bbox 1116 2737 1248 2824; x_wconf 88' lang='lat' dir='ltr'><strong>lectus</strong></span> <span class='ocrx_word' id='word_1_180' title='bbox 1276 2743 1355 2825; x_wconf 89' lang='lat' dir='ltr'><strong>etc.</strong></span> <span class='ocrx_word' id='word_1_181' title='bbox 1411 2735 1521 2821; x_wconf 86' lang='lat' dir='ltr'><strong>Nam</strong></span> <span class='ocrx_word' id='word_1_182' title='bbox 1548 2737 1674 2819; x_wconf 86' lang='lat' dir='ltr'><strong>etiam</strong></span> 
     </span>
     <span class='ocr_line' id='line_1_21' title="bbox 129 2865 1693 2984; baseline -0.001 -31"><span class='ocrx_word' id='word_1_183' title='bbox 129 2918 137 2937; x_wconf 94' lang='lat'><strong>·</strong></span> <span class='ocrx_word' id='word_1_184' title='bbox 191 2963 196 2978; x_wconf 46' lang='grc'>,</span> <span class='ocrx_word' id='word_1_185' title='bbox 263 2873 400 2983; x_wconf 92' lang='lat' dir='ltr'><strong>potest</strong></span> <span class='ocrx_word' id='word_1_186' title='bbox 421 2869 501 2954; x_wconf 90' lang='lat' dir='ltr'><strong>dici</strong></span> <span class='ocrx_word' id='word_1_187' title='bbox 520 2867 767 2970; x_wconf 81' lang='lat' dir='ltr'><strong>humanitas,</strong></span> <span class='ocrx_word' id='word_1_188' title='bbox 796 2867 904 2956; x_wconf 89' lang='lat' dir='ltr'><strong>sicut</strong></span> <span class='ocrx_word' id='word_1_189' title='bbox 927 2868 1026 2976; x_wconf 85' lang='lat' dir='ltr'><strong>dixi,</strong></span> <span class='ocrx_word' id='word_1_190' title='bbox 1053 2897 1159 2982; x_wconf 87' lang='lat' dir='ltr'><strong>quae</strong></span> <span class='ocrx_word' id='word_1_191' title='bbox 1175 2897 1261 2954; x_wconf 87' lang='lat' dir='ltr'><strong>noo</strong></span> <span class='ocrx_word' id='word_1_192' title='bbox 1280 2869 1403 2974; x_wconf 76' lang='lat' dir='ltr'><strong>datur</strong></span> <span class='ocrx_word' id='word_1_193' title='bbox 1425 2865 1503 2953; x_wconf 89' lang='lat' dir='ltr'><strong>Dei</strong></span> <span class='ocrx_word' id='word_1_194' title='bbox 1524 2895 1693 2984; x_wconf 52' lang='lat' dir='ltr'><strong>amors„</strong></span> 
     </span>
     <span class='ocr_line' id='line_1_22' title="bbox 188 2993 1677 3119; baseline -0.002 -30"><span class='ocrx_word' id='word_1_195' title='bbox 188 3110 192 3119; x_wconf 19' lang='grc' dir='ltr'><strong><em>ι</em></strong></span> <span class='ocrx_word' id='word_1_196' title='bbox 263 3003 334 3089; x_wconf 85' lang='lat' dir='ltr'><strong>sed</strong></span> <span class='ocrx_word' id='word_1_197' title='bbox 352 3004 502 3089; x_wconf 87' lang='lat' dir='ltr'><strong>sacculi</strong></span> <span class='ocrx_word' id='word_1_198' title='bbox 523 3030 658 3105; x_wconf 85' lang='lat' dir='ltr'><strong>causo,</strong></span> <span class='ocrx_word' id='word_1_199' title='bbox 686 3003 793 3090; x_wconf 86' lang='lat' dir='ltr'><strong>sicut</strong></span> <span class='ocrx_word' id='word_1_200' title='bbox 818 2993 1044 3094; x_wconf 84' lang='lat' dir='ltr'><strong>saeculares</strong></span> <span class='ocrx_word' id='word_1_201' title='bbox 1067 3003 1170 3088; x_wconf 86' lang='lat' dir='ltr'><strong>dant</strong></span> <span class='ocrx_word' id='word_1_202' title='bbox 1189 3001 1268 3086; x_wconf 88' lang='lat' dir='ltr'><strong>sibi</strong></span> <span class='ocrx_word' id='word_1_203' title='bbox 1287 3001 1476 3092; x_wconf 83' lang='lat' dir='ltr'><strong>invicem.</strong></span> <span class='ocrx_word' id='word_1_204' title='bbox 1519 2999 1677 3086; x_wconf 85' lang='lat' dir='ltr'><strong>liuma-</strong></span> 
     </span>
     <span class='ocr_line' id='line_1_23' title="bbox 77 3135 1172 3248; baseline 0.007 -32"><span class='ocrx_word' id='word_1_205' title='bbox 77 3205 81 3216; x_wconf 93' lang='lat'>.</span> <span class='ocrx_word' id='word_1_206' title='bbox 264 3139 373 3240; x_wconf 79' lang='lat' dir='ltr'><strong>nitas</strong></span> <span class='ocrx_word' id='word_1_207' title='bbox 402 3142 477 3238; x_wconf 88' lang='lat' dir='ltr'><strong>est,</strong></span> <span class='ocrx_word' id='word_1_208' title='bbox 506 3165 611 3247; x_wconf 86' lang='lat' dir='ltr'><strong>quse</strong></span> <span class='ocrx_word' id='word_1_209' title='bbox 639 3135 767 3248; x_wconf 84' lang='lat' dir='ltr'><strong>vulgo</strong></span> <span class='ocrx_word' id='word_1_210' title='bbox 794 3136 946 3221; x_wconf 81' lang='lat' dir='ltr'><strong>(licitur</strong></span> <span class='ocrx_word' id='word_1_211' title='bbox 972 3135 1172 3224; x_wconf 75' lang='lat' dir='ltr'><strong>nrirrciilio.</strong></span> 
     </span>
     <span class='ocr_line' id='line_1_24' title="bbox 172 3247 1737 3377; baseline -0.001 -24"><span class='ocrx_word' id='word_1_212' title='bbox 172 3273 174 3278; x_wconf 79' lang='grc'><em>’</em></span> <span class='ocrx_word' id='word_1_213' title='bbox 375 3267 590 3377; x_wconf 83' lang='lat' dir='ltr'><strong>Sequitur:</strong></span> <span class='ocrx_word' id='word_1_214' title='bbox 635 3266 831 3353; x_wconf 69' lang='lat' dir='ltr'><strong>Orurubus</strong></span> <span class='ocrx_word' id='word_1_215' title='bbox 863 3268 1110 3354; x_wconf 81' lang='lat' dir='ltr'><strong>venientibus</strong></span> <span class='ocrx_word' id='word_1_216' title='bbox 1148 3269 1232 3352; x_wconf 85' lang='lat' dir='ltr'><strong>sios</strong></span> <span class='ocrx_word' id='word_1_217' title='bbox 1269 3267 1564 3354; x_wconf 79' lang='lat' dir='ltr'><strong>disocdsulibas</strong></span> <span class='ocrx_word' id='word_1_218' title='bbox 1588 3267 1677 3352; x_wconf 83' lang='lat' dir='ltr'><strong>bos·</strong></span> <span class='ocrx_word' id='word_1_219' title='bbox 1728 3247 1737 3266; x_wconf 69' lang='grc'>’</span> 
     </span>
     <span class='ocr_line' id='line_1_25' title="bbox 171 3399 1694 3550; baseline -0.001 -66"><span class='ocrx_word' id='word_1_220' title='bbox 171 3515 175 3524; x_wconf 90' lang='lat'>.</span> <span class='ocrx_word' id='word_1_221' title='bbox 261 3401 415 3509; x_wconf 76' lang='lat' dir='ltr'><strong>pilitus</strong></span> <span class='ocrx_word' id='word_1_222' title='bbox 444 3399 635 3508; x_wconf 79' lang='lat' dir='ltr'><strong>ipcliuolo</strong></span> <span class='ocrx_word' id='word_1_223' title='bbox 663 3399 794 3505; x_wconf 79' lang='lat' dir='ltr'><strong>capite</strong></span> <span class='ocrx_word' id='word_1_224' title='bbox 819 3401 882 3485; x_wconf 88' lang='lat' dir='ltr'><strong>ccl</strong></span> <span class='ocrx_word' id='word_1_225' title='bbox 903 3406 1112 3506; x_wconf 79' lang='lat' dir='ltr'><strong>prostrato</strong></span> <span class='ocrx_word' id='word_1_226' title='bbox 1133 3400 1244 3487; x_wconf 88' lang='lat' dir='ltr'><strong>omm&#39;</strong></span> <span class='ocrx_word' id='word_1_227' title='bbox 1265 3425 1431 3506; x_wconf 73' lang='lat' dir='ltr'><strong>corpore</strong></span> <span class='ocrx_word' id='word_1_228' title='bbox 1455 3400 1502 3482; x_wconf 84' lang='lat' dir='ltr'><strong>io</strong></span> <span class='ocrx_word' id='word_1_229' title='bbox 1526 3406 1694 3550; x_wconf 71' lang='lat' dir='ltr'><strong>terram¹</strong></span> 
     </span>
     <span class='ocr_line' id='line_1_26' title="bbox 268 3530 1678 3639; baseline -0.004 -19"><span class='ocrx_word' id='word_1_230' title='bbox 268 3533 456 3620; x_wconf 81' lang='lat' dir='ltr'><strong>Obrislus</strong></span> <span class='ocrx_word' id='word_1_231' title='bbox 482 3533 525 3616; x_wconf 82' lang='lat' dir='ltr'><strong>is</strong></span> <span class='ocrx_word' id='word_1_232' title='bbox 554 3533 615 3617; x_wconf 84' lang='lat' dir='ltr'><strong>cis</strong></span> <span class='ocrx_word' id='word_1_233' title='bbox 635 3532 857 3634; x_wconf 74' lang='lat' dir='ltr'><strong>&#39;odoretur¹</strong></span> <span class='ocrx_word' id='word_1_234' title='bbox 884 3533 953 3639; x_wconf 75' lang='lat' dir='ltr'><strong>qui</strong></span> <span class='ocrx_word' id='word_1_235' title='bbox 980 3538 1019 3616; x_wconf 86' lang='lat' dir='ltr'><strong>cl</strong></span> <span class='ocrx_word' id='word_1_236' title='bbox 1044 3531 1277 3638; x_wconf 80' lang='lat' dir='ltr'><strong>suscipitur.</strong></span> <span class='ocrx_word' id='word_1_237' title='bbox 1336 3530 1521 3638; x_wconf 82' lang='lat' dir='ltr'><strong>Susccpli</strong></span> <span class='ocrx_word' id='word_1_238' title='bbox 1547 3537 1678 3616; x_wconf 72' lang='lat' dir='ltr'><strong>oomru</strong></span> 
     </span>
     <span class='ocr_line' id='line_1_27' title="bbox 263 3654 1681 3772; baseline -0.001 -22"><span class='ocrx_word' id='word_1_239' title='bbox 263 3663 439 3772; x_wconf 74' lang='lat' dir='ltr'><strong>hospites</strong></span> <span class='ocrx_word' id='word_1_240' title='bbox 476 3668 676 3750; x_wconf 72' lang='lat' dir='ltr'><strong>omanem</strong></span> <span class='ocrx_word' id='word_1_241' title='bbox 703 3664 759 3749; x_wconf 78' lang='lat' dir='ltr'><strong>od</strong></span> <span class='ocrx_word' id='word_1_242' title='bbox 787 3667 1027 3768; x_wconf 77' lang='lat' dir='ltr'><strong>orobionem,</strong></span> <span class='ocrx_word' id='word_1_243' title='bbox 1067 3670 1103 3749; x_wconf 86' lang='lat' dir='ltr'><strong>sl</strong></span> <span class='ocrx_word' id='word_1_244' title='bbox 1136 3671 1277 3772; x_wconf 78' lang='lat' dir='ltr'><strong>postca</strong></span> <span class='ocrx_word' id='word_1_245' title='bbox 1317 3654 1454 3748; x_wconf 78' lang='lat' dir='ltr'><strong>sedcol</strong></span> <span class='ocrx_word' id='word_1_246' title='bbox 1493 3687 1584 3746; x_wconf 84' lang='lat' dir='ltr'><strong>com</strong></span> <span class='ocrx_word' id='word_1_247' title='bbox 1620 3663 1681 3748; x_wconf 83' lang='lat' dir='ltr'><strong>cis</strong></span> 
     </span>
     <span class='ocr_line' id='line_1_28' title="bbox 258 3791 1677 3908; baseline -0.004 -26"><span class='ocrx_word' id='word_1_248' title='bbox 258 3801 394 3908; x_wconf 73' lang='lat' dir='ltr'><strong>prior,</strong></span> <span class='ocrx_word' id='word_1_249' title='bbox 415 3803 486 3884; x_wconf 85' lang='lat' dir='ltr'><strong>ool</strong></span> <span class='ocrx_word' id='word_1_250' title='bbox 500 3799 564 3882; x_wconf 84' lang='lat' dir='ltr'><strong>cui</strong></span> <span class='ocrx_word' id='word_1_251' title='bbox 578 3796 752 3904; x_wconf 79' lang='lat' dir='ltr'><strong>jusserit</strong></span> <span class='ocrx_word' id='word_1_252' title='bbox 771 3797 872 3902; x_wconf 85' lang='lat' dir='ltr'><strong>ipsc.</strong></span> <span class='ocrx_word' id='word_1_253' title='bbox 914 3793 1093 3906; x_wconf 78' lang='lat' dir='ltr'><strong>Lepolor</strong></span> <span class='ocrx_word' id='word_1_254' title='bbox 1111 3821 1247 3881; x_wconf 88' lang='lat' dir='ltr'><strong>corom</strong></span> <span class='ocrx_word' id='word_1_255' title='bbox 1263 3795 1419 3902; x_wconf 78' lang='lat' dir='ltr'><strong>bospite</strong></span> <span class='ocrx_word' id='word_1_256' title='bbox 1438 3791 1505 3880; x_wconf 74' lang='lat' dir='ltr'><strong>les</strong></span> <span class='ocrx_word' id='word_1_257' title='bbox 1522 3793 1677 3896; x_wconf 79' lang='lat' dir='ltr'><strong>diviua,</strong></span> 
     </span>
     <span class='ocr_line' id='line_1_29' title="bbox 25 3925 1681 4042; baseline 0 -22"><span class='ocrx_word' id='word_1_258' title='bbox 25 3925 28 3932; x_wconf 62' lang='grc'>’</span> <span class='ocrx_word' id='word_1_259' title='bbox 90 3929 94 3940; x_wconf 84' lang='grc'><strong>’</strong></span> <span class='ocrx_word' id='word_1_260' title='bbox 195 4031 198 4042; x_wconf 49' lang='grc'>,</span> <span class='ocrx_word' id='word_1_261' title='bbox 265 3938 311 4020; x_wconf 80' lang='lat' dir='ltr'><strong>ol</strong></span> <span class='ocrx_word' id='word_1_262' title='bbox 337 3931 582 4038; x_wconf 75' lang='lat' dir='ltr'><strong>aedificetur,</strong></span> <span class='ocrx_word' id='word_1_263' title='bbox 610 3933 647 4016; x_wconf 84' lang='lat' dir='ltr'><strong>ol</strong></span> <span class='ocrx_word' id='word_1_264' title='bbox 678 3935 775 4038; x_wconf 82' lang='lat' dir='ltr'><strong>post</strong></span> <span class='ocrx_word' id='word_1_265' title='bbox 810 3929 909 4015; x_wconf 84' lang='lat' dir='ltr'><strong>boec</strong></span> <span class='ocrx_word' id='word_1_266' title='bbox 941 3929 1073 4015; x_wconf 87' lang='lat' dir='ltr'><strong>omm&#39;s</strong></span> <span class='ocrx_word' id='word_1_267' title='bbox 1109 3925 1409 4014; x_wconf 77' lang='lat' dir='ltr'><strong>sieclu&#39;bcolor</strong></span> <span class='ocrx_word' id='word_1_268' title='bbox 1434 3927 1681 4020; x_wconf 78' lang='lat' dir='ltr'><strong>lamonitas.</strong></span> 
     </span>
     <span class='ocr_line' id='line_1_30' title="bbox 266 4045 1684 4173; baseline -0.004 -22"><span class='ocrx_word' id='word_1_269' title='bbox 266 4063 496 4172; x_wconf 75' lang='lat' dir='ltr'><strong>chrcnium·</strong></span> <span class='ocrx_word' id='word_1_270' title='bbox 513 4045 554 4148; x_wconf 66' lang='grc' dir='ltr'><strong>α’</strong></span> <span class='ocrx_word' id='word_1_271' title='bbox 571 4064 715 4170; x_wconf 72' lang='lat' dir='ltr'><strong>priore</strong></span> <span class='ocrx_word' id='word_1_272' title='bbox 750 4067 972 4173; x_wconf 70' lang='lat' dir='ltr'><strong>[cosmetor</strong></span> <span class='ocrx_word' id='word_1_273' title='bbox 1003 4067 1175 4168; x_wconf 82' lang='lat' dir='ltr'><strong>propter</strong></span> <span class='ocrx_word' id='word_1_274' title='bbox 1212 4059 1429 4166; x_wconf 75' lang='lat' dir='ltr'><strong>hospitem,</strong></span> <span class='ocrx_word' id='word_1_275' title='bbox 1457 4062 1543 4144; x_wconf 86' lang='lat' dir='ltr'><strong>uisi</strong></span> <span class='ocrx_word' id='word_1_276' title='bbox 1578 4061 1684 4165; x_wconf 79' lang='lat' dir='ltr'><strong>loric</strong></span> 
     </span>
     <span class='ocr_line' id='line_1_31' title="bbox 85 4191 1682 4308; baseline -0.006 -24"><span class='ocrx_word' id='word_1_277' title='bbox 85 4263 92 4284; x_wconf 90' lang='lat'>.</span> <span class='ocrx_word' id='word_1_278' title='bbox 261 4197 510 4308; x_wconf 81' lang='lat' dir='ltr'><strong>proecipuus</strong></span> <span class='ocrx_word' id='word_1_279' title='bbox 536 4199 591 4280; x_wconf 86' lang='lat' dir='ltr'><strong>sil</strong></span> <span class='ocrx_word' id='word_1_280' title='bbox 617 4196 706 4280; x_wconf 79' lang='lat' dir='ltr'><strong>dies</strong></span> <span class='ocrx_word' id='word_1_281' title='bbox 725 4194 899 4304; x_wconf 80' lang='lat' dir='ltr'><strong>jejunii,</strong></span> <span class='ocrx_word' id='word_1_282' title='bbox 926 4194 998 4301; x_wconf 77' lang='lat' dir='ltr'><strong>poi</strong></span> <span class='ocrx_word' id='word_1_283' title='bbox 1034 4220 1116 4278; x_wconf 83' lang='lat' dir='ltr'><strong>nou</strong></span> <span class='ocrx_word' id='word_1_284' title='bbox 1148 4193 1286 4299; x_wconf 81' lang='lat' dir='ltr'><strong>possit</strong></span> <span class='ocrx_word' id='word_1_285' title='bbox 1319 4191 1493 4294; x_wconf 82' lang='lat' dir='ltr'><strong>violari,·</strong></span> <span class='ocrx_word' id='word_1_286' title='bbox 1527 4191 1682 4296; x_wconf 78' lang='lat' dir='ltr'><strong>[rolrcs</strong></span> 
     </span>
    </p>

    <p class='ocr_par' dir='ltr' id='par_1_9' title="bbox 91 4319 1683 4434">
     <span class='ocr_line' id='line_1_32' title="bbox 91 4319 1683 4434; baseline -0.008 -20"><span class='ocrx_word' id='word_1_287' title='bbox 91 4358 93 4364; x_wconf 87' lang='lat'>·</span> <span class='ocrx_word' id='word_1_288' title='bbox 267 4335 400 4413; x_wconf 83' lang='lat' dir='ltr'><strong>colem</strong></span> <span class='ocrx_word' id='word_1_289' title='bbox 439 4329 744 4413; x_wconf 73' lang='lat' dir='ltr'><strong>consuetudines</strong></span> <span class='ocrx_word' id='word_1_290' title='bbox 762 4319 765 4325; x_wconf 63' lang='grc'><strong>’</strong></span> <span class='ocrx_word' id='word_1_291' title='bbox 774 4327 1026 4434; x_wconf 78' lang='lat' dir='ltr'><strong>jejuniorum</strong></span> <span class='ocrx_word' id='word_1_292' title='bbox 1062 4330 1374 4432; x_wconf 77' lang='lat' dir='ltr'><strong>prosequantur.</strong></span> <span class='ocrx_word' id='word_1_293' title='bbox 1437 4324 1597 4429; x_wconf 70' lang='lat' dir='ltr'><strong>Apicum</strong></span> <span class='ocrx_word' id='word_1_294' title='bbox 1635 4323 1683 4403; x_wconf 82' lang='lat' dir='ltr'><strong>ira</strong></span> 
     </span>
    </p>

    <p class='ocr_par' dir='ltr' id='par_1_10' title="bbox 156 4450 1702 4564">
     <span class='ocr_line' id='line_1_33' title="bbox 156 4450 1702 4564; baseline -0.006 -20"><span class='ocrx_word' id='word_1_295' title='bbox 156 4450 164 4478; x_wconf 76' lang='lat'><strong><em>¹</em></strong></span> <span class='ocrx_word' id='word_1_296' title='bbox 267 4459 456 4544; x_wconf 70' lang='lat' dir='ltr'><strong>erunibus</strong></span> <span class='ocrx_word' id='word_1_297' title='bbox 497 4459 624 4544; x_wconf 83' lang='lat' dir='ltr'><strong>obbas</strong></span> <span class='ocrx_word' id='word_1_298' title='bbox 662 4457 886 4564; x_wconf 73' lang='lat' dir='ltr'><strong>hospitibus</strong></span> <span class='ocrx_word' id='word_1_299' title='bbox 925 4459 1004 4544; x_wconf 75' lang='lat' dir='ltr'><strong>dec.</strong></span> <span class='ocrx_word' id='word_1_300' title='bbox 1067 4455 1197 4542; x_wconf 78' lang='lat' dir='ltr'><strong>Pedes</strong></span> <span class='ocrx_word' id='word_1_301' title='bbox 1234 4454 1420 4539; x_wconf 76' lang='lat' dir='ltr'><strong>mosibus</strong></span> <span class='ocrx_word' id='word_1_302' title='bbox 1459 4453 1702 4559; x_wconf 83' lang='lat' dir='ltr'><strong>bospilibus&#39;</strong></span> 
     </span>
    </p>

    <p class='ocr_par' dir='ltr' id='par_1_11' title="bbox 133 4584 1686 4700">
     <span class='ocr_line' id='line_1_34' title="bbox 133 4584 1686 4700; baseline -0.007 -22"><span class='ocrx_word' id='word_1_303' title='bbox 133 4654 139 4668; x_wconf 86' lang='lat'><strong>.</strong></span> <span class='ocrx_word' id='word_1_304' title='bbox 267 4599 351 4677; x_wconf 81' lang='lat' dir='ltr'><strong>tuos</strong></span> <span class='ocrx_word' id='word_1_305' title='bbox 379 4591 506 4676; x_wconf 85' lang='lat' dir='ltr'><strong>obbas</strong></span> <span class='ocrx_word' id='word_1_306' title='bbox 533 4619 654 4698; x_wconf 78' lang='lat' dir='ltr'><strong>quarn</strong></span> <span class='ocrx_word' id='word_1_307' title='bbox 684 4597 825 4676; x_wconf 74' lang='lat' dir='ltr'><strong>caseolo</strong></span> <span class='ocrx_word' id='word_1_308' title='bbox 853 4585 1255 4700; x_wconf 59' lang='lat' dir='ltr'><strong>commonuisset,</strong></span> <span class='ocrx_word' id='word_1_309' title='bbox 1283 4584 1428 4694; x_wconf 79' lang='lat' dir='ltr'><strong>quibus</strong></span> <span class='ocrx_word' id='word_1_310' title='bbox 1460 4584 1555 4669; x_wconf 80' lang='lat' dir='ltr'><strong>bolis</strong></span> <span class='ocrx_word' id='word_1_311' title='bbox 1580 4584 1686 4668; x_wconf 80' lang='lat' dir='ltr'><strong>buco</strong></span> 
     </span>
    </p>

    <p class='ocr_par' dir='ltr' id='par_1_12' title="bbox 267 4714 1684 4828">
     <span class='ocr_line' id='line_1_35' title="bbox 267 4714 1684 4828; baseline -0.008 -20"><span class='ocrx_word' id='word_1_312' title='bbox 267 4751 427 4809; x_wconf 80' lang='lat' dir='ltr'><strong>versum</strong></span> <span class='ocrx_word' id='word_1_313' title='bbox 456 4722 618 4806; x_wconf 78' lang='lat' dir='ltr'><strong>dicant:</strong></span> <span class='ocrx_word' id='word_1_314' title='bbox 663 4719 948 4828; x_wconf 71' lang='lat' dir='ltr'><strong>»suscepimus</strong></span> <span class='ocrx_word' id='word_1_315' title='bbox 977 4721 1093 4806; x_wconf 83' lang='lat' dir='ltr'><strong>Deus</strong></span> <span class='ocrx_word' id='word_1_316' title='bbox 1128 4719 1452 4804; x_wconf 67' lang='lat' dir='ltr'><strong>irrisericorriium</strong></span> <span class='ocrx_word' id='word_1_317' title='bbox 1491 4721 1603 4800; x_wconf 85' lang='lat' dir='ltr'><strong>luam</strong></span> <span class='ocrx_word' id='word_1_318' title='bbox 1639 4714 1684 4796; x_wconf 83' lang='lat' dir='ltr'><strong>ia</strong></span> 
     </span>
    </p>
   </div>
   <div class='ocr_carea' id='block_1_3' title="bbox 82 4839 1686 4966">
    <p class='ocr_par' dir='ltr' id='par_1_13' title="bbox 82 4839 1686 4966">
     <span class='ocr_line' id='line_1_36' title="bbox 82 4839 1686 4966; baseline -0.006 -27"><span class='ocrx_word' id='word_1_319' title='bbox 82 4871 91 4938; x_wconf 75' lang='grc' dir='ltr'>ἰ</span> <span class='ocrx_word' id='word_1_320' title='bbox 110 4959 113 4966; x_wconf 20' lang='lat'><strong><em>¹</em></strong></span> <span class='ocrx_word' id='word_1_321' title='bbox 268 4839 400 4940; x_wconf 80' lang='lat' dir='ltr'><strong>medio</strong></span> <span class='ocrx_word' id='word_1_322' title='bbox 428 4854 565 4960; x_wconf 80' lang='lat' dir='ltr'><strong>templi</strong></span> <span class='ocrx_word' id='word_1_323' title='bbox 582 4852 681 4938; x_wconf 77' lang='lat' dir='ltr'><strong>lui«.</strong></span> <span class='ocrx_word' id='word_1_324' title='bbox 724 4853 959 4960; x_wconf 82' lang='lat' dir='ltr'><strong>Poupcrum</strong></span> <span class='ocrx_word' id='word_1_325' title='bbox 977 4859 1108 4939; x_wconf 73' lang='lat' dir='ltr'><strong>orclem</strong></span> <span class='ocrx_word' id='word_1_326' title='bbox 1127 4857 1165 4936; x_wconf 85' lang='lat' dir='ltr'><strong>el</strong></span> <span class='ocrx_word' id='word_1_327' title='bbox 1176 4851 1486 4960; x_wconf 73' lang='lat' dir='ltr'><strong>perepriuomm</strong></span> <span class='ocrx_word' id='word_1_328' title='bbox 1507 4847 1686 4932; x_wconf 78' lang='lat' dir='ltr'><strong>nrooimc</strong></span> 
     </span>
    </p>
   </div>
   <div class='ocr_carea' id='block_1_4' title="bbox 360 5136 897 5232">
    <p class='ocr_par' dir='ltr' id='par_1_14' title="bbox 360 5136 897 5232">
     <span class='ocr_line' id='line_1_37' title="bbox 360 5136 897 5232; baseline 0.004 -24"><span class='ocrx_word' id='word_1_329' title='bbox 360 5139 389 5229; x_wconf 84' lang='lat'><strong>¹)</strong></span> <span class='ocrx_word' id='word_1_330' title='bbox 410 5137 542 5232; x_wconf 83' lang='lat' dir='ltr'><strong>iligne,</strong></span> <span class='ocrx_word' id='word_1_331' title='bbox 565 5141 651 5212; x_wconf 84' lang='lat' dir='ltr'><strong>toro.</strong></span> <span class='ocrx_word' id='word_1_332' title='bbox 675 5136 730 5212; x_wconf 81' lang='grc'><strong>76.</strong></span> <span class='ocrx_word' id='word_1_333' title='bbox 752 5136 816 5209; x_wconf 88' lang='lat' dir='ltr'><strong>cot</strong></span> <span class='ocrx_word' id='word_1_334' title='bbox 841 5137 897 5210; x_wconf 76' lang='lat'><strong>28.</strong></span> 
     </span>
    </p>
   </div>
   <div class='ocr_carea' id='block_1_5' title="bbox 0 0 1986 5780">
    <p class='ocr_par' dir='ltr' id='par_1_15' title="bbox 0 0 1986 5780">
     <span class='ocr_line' id='line_1_38' title="bbox 0 0 1986 5780; baseline 0 0"><span class='ocrx_word' id='word_1_335' title='bbox 0 0 1986 5780; x_wconf 95' lang='lat' dir='ltr'><strong> </strong></span> 
     </span>
    </p>
   </div>
  </div>
 </body>
</html>
