3960 5774
71 502 79 536 s

70 541 78 603 i

70 606 77 666 t

70 752 77 830 i

69 833 76 908 i

69 911 76 958 f

828 257 1128 354 essxxsxvr.
1291 327 1301 352 ,
1449 273 1473 344 ·.
1600 269 1676 353 471

206 501 210 509 ·
275 477 495 566 notandum
525 477 726 586 estquis
755 505 837 563 non
869 479 990 564 debet
1019 479 1060 564 in
1086 481 1266 566 oratorio
1296 483 1430 568 infans
1461 449 1680 595 flagellari3

272 611 339 696 sed
379 637 469 692 curn
514 607 780 718 flagellandus
809 610 913 711 erit,
944 639 1023 693 non
1056 611 1098 694 in
1130 612 1330 722 capitolo,
1359 617 1427 735 sed
1458 615 1499 701 in
1540 617 1694 737 schola
1769 702 1771 708 ,
1887 711 1889 718 ‚

274 739 456 853 magistri
495 769 636 824 eorum
676 741 827 826 debent
863 741 956 825 illos
993 741 1213 852 flagellare.
1272 743 1454 831 Infantes
1491 749 1599 832 enirn
1635 747 1677 831 iri

273 878 348 962 troc
391 874 480 958 foco
520 871 812 983 intelliguntur
839 873 923 976 ini,
953 875 1023 984 qui
1066 875 1106 958 in
1144 876 1453 961 custodissent
1483 877 1678 990 gesserali.
1761 939 1770 963 .

276 1009 336 1094 De
365 1007 449 1110 illo,
480 1005 551 1117 qni
581 1031 665 1088 non
695 1003 798 1116 legit
826 1004 929 1090 berre
958 1003 999 1089 in
1029 1004 1258 1109 refectorio,
1285 1007 1344 1092 ita
1371 1010 1576 1119 egelredum
1596 1015 1676 1094 est:

271 1141 391 1224 debet
429 1137 538 1222 enirn
579 1135 705 1220 abbas
745 1135 868 1219 talcar
907 1139 1073 1222 tintrcrn
1116 1139 1385 1241 constituere,
1431 1139 1502 1248 qni
1539 1139 1678 1240 sedeat

264 1273 383 1382 juxta
422 1268 616 1354 lectorem
657 1272 700 1352 et
737 1295 830 1351 curn
873 1267 1002 1376 possit
1039 1269 1254 1354 erncnntare
1296 1274 1421 1378 atque
1461 1267 1677 1384 corrigere,

271 1402 296 1492 i.
310 1429 344 1484 e.
358 1399 523 1507 qnando
536 1399 737 1499 fefellerit
754 1398 838 1482 sive
850 1405 897 1481 nt
908 1397 993 1508 ipse
1009 1398 1236 1508 intelligere
1252 1401 1391 1509 possit,
1407 1401 1569 1509 qnando
1583 1430 1675 1484 earn

268 1529 434 1614 silenter
455 1529 640 1640 corrigit,
668 1529 764 1640 qaia
784 1529 898 1613 nedlo
919 1530 1040 1614 teredo
1067 1514 1271 1638 peranittit
1296 1532 1438 1642 regula
1464 1528 1565 1614 inibi
1589 1530 1677 1616 cni·

268 1687 387 1771 quam
403 1657 529 1770 loqui,
549 1659 619 1770 sed
633 1665 803 1772 propter
817 1661 958 1746 vitinns
975 1660 1136 1746 lectoris
1151 1665 1274 1773 atque
1290 1662 1414 1772 ipsisrs
1428 1660 1590 1765 codicis,
1606 1661 1691 1772 qni

266 1790 414 1904 (qnod)
431 1789 595 1900 legitur,
624 1817 861 1877 concessum
883 1798 958 1895 est,
988 1797 1035 1876 nt
1059 1789 1181 1878 lectio
1205 1791 1348 1878 fectori
1362 1794 1396 1905 ¹)
1423 1793 1674 1880 emendetur.
1810 1901 1812 1906 Ι
1906 1795 1910 1808 ’

770 1989 867 2096 Gerra
900 1987 1169 2078 XXXXVI.

67 2082 72 2180 3
229 2201 231 2206 .
315 2150 383 2226 nn
415 2147 631 2242 ansam
667 2148 724 2226 na
757 2147 1037 2242 araonlnos
1068 2149 1234 2228 nolens
1266 2097 1670 2243 rnnaonnnrnr

64 2664 69 2698 ¹
135 2755 140 2766 ,
263 2663 383 2770 toria,
412 2663 513 2749 dicit
542 2691 650 2748 rrursc
678 2664 800 2749 etiam
833 2666 882 2776 de
909 2665 1189 2749 satisfactione
1217 2665 1394 2765 illoram,
1424 2663 1495 2774 qni
1525 2661 1567 2746 in
1597 2663 1673 2746 aii·
1774 2699 1817 2752 s

607 2280 707 2358 vnn
738 2275 1035 2360 ls'lrlrdrrlrld'r
1065 2278 1335 2372 QUlrrlanr.

374 2405 507 2505 liene,
537 2411 753 2514 postquam
795 2405 954 2489 (fixerat
989 2404 1039 2488 do
1068 2404 1344 2504 satisfactione
1373 2408 1456 2488 am
1486 2403 1680 2530 gravinen

263 2563 383 2646 clerani
424 2535 572 2618 levinrn
615 2536 828 2645 culparum
866 2540 911 2620 et
937 2533 1217 2618 satisfactione
1246 2533 1476 2619 deflentium
1512 2532 1554 2617 in
1584 2561 1675 2618 ora·

263 2795 410 2906 quibus
438 2795 560 2879 raras
589 2793 851 2904 (delinquunt,
880 2801 948 2898 ut,
977 2795 1087 2906 qnod
1117 2795 1258 2880 deerat
1285 2795 1385 2898 sibi,
1416 2794 1671 2924 cessrunquod·
1775 2789 1777 2794 ’

261 2955 340 3037 qne
380 2925 607 3036 capitulum
646 2924 856 3036 suppleret
897 2925 1106 3010 vicinitate
1144 2925 1428 3034 conjunctura,
1460 2933 1526 3030 nt,
1563 2927 1671 3012 sicat
1725 3023 1728 3028 ¹
1766 3025 1769 3034 .
1870 3045 1873 3054 ,

260 3085 378 3142 sensa
410 3056 487 3142 sibi
513 3057 763 3168 junguntur,
789 3057 1062 3166 jungerentur
1090 3057 1211 3140 etiam
1242 3057 1395 3142 ordine.

369 3189 579 3299 Sequitur:
611 3188 661 3272 Si
685 3189 777 3294 qnia
805 3189 901 3270 dcem
930 3187 972 3270 ia
1002 3185 1135 3272 tectore
1163 3186 1311 3294 cereno,
1341 3187 1385 3272 ia
1414 3187 1593 3294 wertina,
1624 3188 1668 3270 in

61 3339 64 3355 “
184 3408 186 3416 ,
259 3317 436 3421 retiario,
466 3318 776 3421 incandescere,
805 3319 850 3402 io
871 3317 1064 3424 pistrino,
1097 3316 1301 3416 irrisorie,
1330 3318 1375 3400 in
1403 3318 1542 3422 etiqrra
1570 3325 1668 3419 orte,

258 3452 354 3534 eom
396 3448 579 3548 loborat,
605 3446 667 3532 oet
705 3451 749 3531 ia
784 3473 1011 3556 aeternaque
1047 3445 1130 3532 loeo
1168 3447 1325 3554 ationid
1352 3446 1561 3555 ‹teliqncrit
1599 3455 1668 3533 aad

256 3577 671 3690 sidereosidereo
706 3585 776 3663 ortt
800 3575 1051 3684 perdiderit,
1080 3603 1150 3662 sen
1177 3576 1292 3662 atirrd
1318 3578 1417 3684 qnid
1444 3575 1668 3682 recesserit,

259 3709 325 3794 arti
355 3717 392 3795 et
419 3709 501 3815 eti,
529 3717 565 3794 et
593 3737 673 3796 reon
700 3708 863 3796 verricus
887 3707 1070 3794 ceratinae
1098 3715 1191 3794 onte
1213 3709 1396 3794 <attacta
1423 3708 1483 3793 eet
1505 3733 1668 3816 conyro·
1805 3740 1810 3749 ·

233 3839 456 3944 „dationem
484 3841 572 3948 ipse
601 3839 705 3924 altro
732 3840 974 3946 satisfecerat
1009 3845 1044 3922 et
1068 3836 1296 3946 prrniiderit
1325 3837 1510 3924 defietrea
1537 3865 1666 3938 sarasar,
1709 3845 1712 3852 '
1764 3858 1782 3909 .·
1905 3865 1910 3879 ·

256 3969 352 4054 rtem
365 3995 446 4076 per
466 3970 593 4056 atiena
616 3970 814 4080 coyrritron
831 3969 968 4075 facerit,
998 3967 1146 4075 arrrejeri
1163 3967 1367 4072 srrfdoeeot
1385 3967 1665 4053 errwrutotioni.

130 4089 133 4101 '
256 4099 474 4186 Sciendum
504 4108 568 4186 est
596 4101 718 4203 enirn,
749 4101 959 4210 quianon
988 4103 1050 4184 est
1079 4099 1243 4198 bonnm,
1274 4109 1321 4182 nt
1342 4097 1432 4182 aliis
1454 4097 1666 4202 habeatnr,

256 4257 303 4312 co
327 4228 437 4339 qnod
465 4229 501 4314 si
521 4230 612 4314 aliis
639 4230 826 4331 habetur,
858 4229 1018 4314 videtur
1041 4228 1222 4313 officinm
1249 4227 1434 4313 dirisnnn
1458 4227 1546 4312 leve
1567 4255 1664 4313 esse.
1789 4309 1796 4323 ,

199 4423 203 4430 -
255 4357 481 4468 Defiqaerit
522 4359 675 4446 attinet
710 4359 762 4446 ad
803 4389 961 4446 verare
994 4358 1173 4469 aliquid,
1198 4357 1367 4466 freyerit
1397 4357 1449 4444 ad
1479 4383 1665 4466 rumpere
1815 4465 1817 4470 ,

254 4489 429 4600 aliquid,
449 4490 673 4596 ⁴recesserit
700 4491 854 4578 attinet
888 4491 939 4576 ad
974 4517 1119 4576 soniam
1149 4489 1281 4576 faeere
1320 4487 1444 4574 veluti
1467 4485 1510 4570 in
1539 4487 1666 4570 refec-
1696 4488 1713 4506 ‘

255 4621 361 4707 torio
389 4649 482 4708 cnm
511 4650 646 4733 cappe
674 4623 739 4708 vet
769 4621 958 4722 cultello,
989 4621 1053 4705 vel
1081 4618 1204 4705 etiarn
1241 4648 1335 4706 cunr
1374 4618 1585 4705 cochleare
1620 4616 1665 4700 in

253 4757 403 4840 terrani
440 4754 654 4858 ceciderit,
697 4755 762 4840 rel
802 4779 925 4867 snper
960 4779 1140 4838 mensam
1175 4751 1322 4865 aliquis
1366 4779 1489 4837 sonus
1532 4750 1665 4835 factus
1773 4791 1779 4800 ·

253 4883 388 4970 faerit
432 4885 638 4973 Excedere
657 4885 765 4974 enim
789 4893 850 4972 est
870 4884 1035 4970 modum
1055 4882 1248 4984 transire;
1277 4879 1477 4968 ebionim
1496 4879 1663 4964 modum

253 5015 343 5126 qais
371 5017 541 5122 transit,
570 5025 671 5106 tnnc
699 5017 870 5131 excedit.
929 5015 1133 5104 Excedere
1169 5011 1279 5102 enim
1319 5019 1382 5104 est
1417 5017 1546 5102 aretas
1580 5013 1665 5101 sive
1796 5133 1797 5138 Ν

259 5155 520 5180 naa-...Am—

339 5215 367 5307 ⁸)
389 5213 531 5294 lectoris
552 5217 610 5312 (f).
734 5335 737 5344 Ι
