3930 5788
901 291 986 387 cup.
1010 293 1099 366 [Νι.
1607 303 1682 385 521
1719 227 1725 242 .
1778 267 1781 274 ’

285 513 500 600 necessitas
518 510 655 613 fuerit,
679 511 889 597 femoralia
912 513 963 598 ‹le
986 516 1173 601 vestiario
1196 515 1426 628 accipitrum
1454 515 1534 602 ista
1550 546 1689 601 ιιιοιιιι·

283 641 406 732 sterie
441 643 610 728 omuino
640 644 748 726 berra
775 648 885 730 sunt.
942 642 997 729 Er
1024 645 1177 732 iterum
1201 652 1297 733 sunt
1325 647 1405 732 aliu
1434 648 1690 748 nrorrasteriu

128 877 132 888 .
285 771 353 859 ubi
382 801 522 857 omnes
550 771 751 882 gerremlit
753 800 797 859 er
823 773 1031 884 accipiunt
1058 777 1294 882 senioralin,
1323 779 1392 863 sed
1430 788 1567 863 tannen
1606 808 1691 863 ιιοιι

237 918 243 927 ’
283 935 421 995 omnes
449 903 697 1016 generaliter
723 931 883 1015 semper
912 912 1106 1012 utuntur,
1136 907 1212 993 nisi
1252 939 1341 993 curn
1375 909 1593 995 necessitas
1622 937 1691 992 ex·

281 1025 425 1151 poscit,
455 1033 640 1146 quamvis
670 1062 809 1118 omnes
839 1038 1040 1146 generalit
1041 1066 1085 1123 er
1022 1039 1185 1124 tilla
1213 1040 1430 1150 accipiant.
1400 1039 1575 1125 tlsto
1607 1069 1690 1124 mo·
1826 1099 1830 1108 -

282 1162 459 1256 casteria
488 1164 597 1248 bona
625 1171 741 1268 sunt,
772 1194 821 1250 eo
850 1167 961 1276 quod
989 1166 1061 1253 illa
1090 1173 1267 1254 maxima
1295 1199 1390 1280 pars
1419 1199 1579 1281 semper
1608 1199 1687 1253 non
1781 1215 1784 1222 ·

162 1333 166 1340 ·
280 1301 430 1411 pormtat
491 1294 546 1379 llt
573 1277 720 1378 iterum
750 1301 847 1382 snut
874 1297 955 1381 alia
983 1301 1249 1402 monasteria,
1280 1301 1348 1384 ubi
1387 1332 1527 1387 omues
1565 1328 1689 1414 gene·

278 1430 430 1518 naliter
445 1425 726 1556 accipiuntt
683 1456 705 1510 e
754 1429 1000 1537 generaliter
1024 1439 1213 1540 portant3
1243 1433 1321 1518 istu
1340 1434 1587 1520 monasteria
1606 1461 1689 1517 uon

277 1565 373 1647 sunt
393 1557 634 1660 laudabilia3
664 1587 804 1644 rerum
835 1559 905 1644 ubi
934 1562 1182 1673 generaliter
1208 1563 1420 1675 accipiunt
1447 1581 1489 1650 et
1517 1591 1690 1674 genera·
1845 1613 1852 1627 ·

179 1759 182 1769 .
277 1693 372 1778 liter
407 1691 478 1776 illa
515 1695 713 1794 utuntur,
745 1697 845 1776 tuuc
880 1691 986 1778 sicut
1023 1693 1105 1781 clia
1144 1696 1387 1782 vestimenta
1425 1697 1468 1782 in
1499 1695 1689 1804 'capitulo
1834 1699 1840 1713 '

278 1825 429 1911 debent
455 1820 649 1934 accipere.
712 1923 721 1944 ἢ

856 2049 955 2157 (lup.
985 2049 1107 2139 LVI.

711 2233 779 2311 DE
809 2231 987 2310 nlnNSA
1017 2229 1254 2316 ABBATIS.

386 2381 557 2502 Rectum
588 2378 771 2462 ordinem
802 2377 938 2462 tenuit
966 2377 1009 2461 in
1033 2375 1111 2464 hoc
1132 2379 1222 2464 loco
1242 2381 1284 2466 S.
1303 2376 1562 2476 Benedictus,
1593 2404 1685 2460 cum

274 2638 385 2724 tione
418 2639 645 2749 hospitum,
676 2639 821 2722 deiude
850 2639 946 2749 quia
975 2638 1110 2723 solent
1139 2639 1322 2748 hospites
1353 2639 1498 2721 offerre
1528 2635 1682 2745 aliquid

114 2819 118 2832 ·
275 2769 489 2867 iratribus,
520 2798 571 2852 ne
600 2768 824 2852 inonachus
852 2769 940 2851 siue
968 2768 1135 2854 licentia
1164 2768 1341 2878 occipiat
1370 2797 1437 2867 eu,
1465 2795 1570 2876 qnae
1598 2767 1684 2872 ipsc

274 2898 419 3010 hospes
458 2900 555 2983 dare
592 2895 786 3000 voluerit,
819 2898 1064 2983 constrinxit
1104 2897 1373 2998 monachum,
1405 2926 1455 2979 ne
1492 2894 1564 2979 illa
1600 2895 1687 2978 sine

274 3029 441 3116 lieentia
468 3029 655 3141 accipiat.
706 3027 760 3111 llt
788 3029 938 3115 iterum
968 3059 1019 3116 ne
1047 3032 1156 3116 forte
1184 3034 1411 3114 murmuret
1440 3024 1683 3110 monachus:
1822 3047 1828 3078 ³
1914 3125 1917 3133 Ι

273 3189 397 3269 quare
425 3161 484 3245 ito
513 3161 756 3246 constrictus
784 3190 894 3261 eum,
925 3165 973 3244 ut
1001 3189 1083 3248 nou
1112 3162 1311 3284 accipiam
1347 3164 1515 3270 propter
1551 3185 1682 3242 meam
1807 3199 1810 3204 ·

273 3289 575 3393 necessitatem,
606 3292 716 3402 quod
746 3291 847 3376 mihi
875 3291 1031 3376 curicus
1060 3293 1125 3380 vel
1153 3291 1407 3403 propinquus
1437 3288 1686 3375 transmittit
1810 3353 1814 3360 .

204 3463 206 3468 .
273 3429 345 3506 aut
374 3419 530 3508 donet?
569 3422 661 3508 ideo
702 3421 744 3508 S.
775 3417 1021 3509 Benedictus
1062 3423 1221 3508 studuit
1257 3422 1397 3507 statim
1434 3420 1710 3530 subjungere.

272 3550 321 3636 dc
350 3552 627 3639 calciamentis
658 3553 722 3637 vel
749 3553 840 3638 aliis
869 3554 1181 3641 necessitatibus
1209 3553 1451 3650 tribuendis,
1482 3554 1708 3661 quatenus·

273 3683 423 3770 anulum
466 3683 799 3770 murmurationis
840 3681 946 3772 oriri
982 3717 1063 3772 non
1103 3686 1245 3799 possit.
1315 3683 1552 3792 Deindeqne
1592 3678 1713 3764 snb·.

266 3813 404 3924 junxit
432 3815 575 3919 etiarn,
605 3844 696 3903 cnm
727 3818 876 3928 quibus
903 3819 972 3904 isti
1003 3817 1206 3930 hospites,
1239 3817 1309 3930 qui
1342 3815 1533 3913 veniunt,
1564 3840 1681 3896 man·

271 3945 416 4032 (lucare
446 3946 635 4048 debeant,
651 3977 758 4050 ,cum
780 3949 858 4038 hoc
873 3949 1099 4060 capitulum
1124 3948 1350 4060 constituit,
1379 3947 1422 4032 in
1445 3975 1527 4057 quo
1550 3945 1682 4042 docet,

270 4077 430 4190 etipse
458 4078 584 4164 abbas
612 4107 705 4164 cum
733 4079 832 4192 ipsis
855 4081 1087 4194 hospitibus
1116 4082 1361 4167 manducare
1383 4078 1557 4163 studeat.
1602 4072 1681 4158 Sed

270 4207 321 4292 de
347 4209 452 4310 loeo,
483 4210 554 4294 ubi
582 4209 668 4320 ipse
698 4212 826 4298 abbas
847 4213 1067 4302 manducet
1089 4241 1180 4299 cunr
1201 4210 1448 4323 hospitibus,
1478 4202 1684 4315 dubitatio
1708 4269 1711 4276 ⁴

240 4338 377 4449 apud
406 4339 604 4450 quosdam
635 4345 787 4433 existit.
832 4343 893 4430 De
921 4374 1003 4456 qua
1031 4343 1301 4443 dubitatione,
1332 4339 1507 4452 qualiter
1534 4335 1684 4420 certius

270 4469 479 4578 teneatur,
510 4475 731 4560 secundum
762 4477 872 4586 qnod
905 4475 1013 4562 Deus
1050 4471 1208 4560 dederit
1189 4473 1379 4584 t,juxta
1414 4465 1682 4578 capacitatem

268 4602 397 4688 nostri
427 4627 567 4694 sensus
596 4635 706 4693 nunc
735 4608 930 4696 dicemus.
1686 4691 1692 4703 ,

381 4739 454 4824 nn
481 4737 616 4824 enim·
658 4739 811 4826 Mensa
839 4709 997 4827 obtutis
1024 4767 1113 4827 cum
1140 4691 1363 4846 hospitibus
1391 4740 1428 4819 et
1452 4729 1681 4840 pereprioia

267 4865 320 4950 sit
347 4895 517 4976 semper
576 4869 717 4958 Mensa
755 4873 864 4958 enim
899 4900 1089 4961 amense
1127 4869 1236 4956 dicta
1273 4873 1358 4970 eet,
1386 4863 1493 4950 sient
1521 4861 1682 4948 Cassio·

267 4997 390 5086 dorus
417 5001 531 5108 dicit,
547 5005 578 5113 l)
607 5003 705 5116 quio
733 5005 875 5091 eodem
905 5004 970 5091 dle
998 4999 1187 5091 convivia
1209 5003 1312 5089 ratu·
1320 4997 1538 5115 gentilium
1566 5023 1682 5082 exer·

267 5179 527 5200 *nn-...m-

355 5275 384 5355 u
406 5265 534 5363 napo..
556 5267 594 5341 n
617 5267 749 5342 carm.
771 5269 825 5341 ιιι.
846 5287 880 5341 v.
902 5269 933 5341 a.
979 5241 983 5252 '
