3974 5778
830 150 912 244 cea
938 149 1070 226 rana
1217 131 1218 134 ‘
1403 101 1408 109 ⁶
1572 124 1657 242 '345

257 377 380 487 ipsam
411 371 694 457 infirmitatem
725 371 1053 482 periculosiorem
1085 399 1170 457 esse
1198 375 1476 484 cognoverint.
1540 375 1657 472 laevi·

256 510 334 592 nris
362 506 504 616 cnlpae
533 532 626 614 reus
655 509 729 608 est,
758 503 828 614 qni
858 504 1012 588 otiosus
1042 533 1127 588 esse
1156 505 1362 601 dilexerit,
1392 507 1463 616 qni
1493 505 1544 589 ad
1574 506 1658 589 col·

255 639 423 725 lationes
455 637 516 718 vel
545 635 595 718 nd
629 634 789 720 missam
816 634 971 718 tardius
1001 637 1170 736 venerit,
1199 635 1269 746 qni
1299 636 1340 719 in
1362 635 1485 720 choro
1508 637 1656 735 riserit,
1700 715 1701 718 ,

191 863 193 866 ¹
249 769 322 880 'qrri
362 765 509 850 lalnrlis
550 763 778 866 vacaverit,
816 766 885 875 qni
925 765 1070 848 relicto
1106 763 1243 848 allicio
1280 767 1343 848 vel
1383 793 1505 876 opere
1542 769 1657 850 extra

257 895 504 982 necessitatis
534 919 698 977 cansam
727 895 826 978 loris
855 896 1083 994 recesserit,
1114 894 1183 1002 qui
1214 901 1420 1005 torporem
1450 899 1523 978 aut
1551 913 1657 977 sorar·

254 1056 345 1110 num
375 1025 595 1125 curaverit,
633 1025 701 1134 qni
727 1019 952 1132 jnraverit,
993 1025 1062 1136 qni
1102 1025 1368 1134 multiloquas
1410 1025 1557 1127 luerit,
1586 1024 1656 1135 qui
1700 1025 1702 1032 ’

255 1154 516 1241 ministerium
570 1154 790 1262 cujuslibet
829 1157 963 1267 operis
1005 1157 1235 1264 injunctum
1277 1157 1354 1240 eibi
1398 1155 1487 1239 sine
1534 1157 1656 1239 berre·

252 1285 427 1371 dictione
456 1284 692 1395 susceperit,
722 1286 792 1395 qui
812 1293 978 1398 peracto
999 1315 1121 1398 opere
1143 1285 1469 1371 benedictionem
1490 1285 1657 1369 minime

252 1417 537 1528 postulaverit,
575 1418 644 1529 qui
682 1447 784 1529 opus
829 1417 1058 1527 injunctum
1097 1419 1357 1532 negligenter
1400 1417 1460 1502 vel
1501 1416 1681 1500 tardius

250 1547 484 1658 expleverit,
514 1549 584 1660 qui
613 1549 751 1635 codice
781 1549 1042 1660 negligenter
1070 1579 1165 1636 usus
1190 1550 1327 1648 fuerit,
1356 1547 1426 1661 qni
1450 1547 1655 1655 aliquibus

232 1681 298 1792 ,ad
336 1687 585 1764 momentum
627 1683 932 1792 successerit,¹)
968 1683 1038 1791 qni
1076 1683 1236 1770 occulte
1265 1682 1482 1792 abaliquo
1518 1680 1683 1762 literas

251 1812 310 1896 vel
351 1811 565 1922 quodlibet
605 1842 754 1898 rannus
798 1813 1023 1924 acceperit,
1067 1814 1136 1924 qni
1178 1812 1391 1922 epistulam
1433 1807 1656 1920 suscipiens
1704 1839 1736 1898 ,·

249 1941 513 2026 occultaverit
540 1949 613 2028 aut
640 1944 729 2030 eine
758 1973 957 2031 consensu
988 1941 1147 2029 abbatis
1176 1944 1437 2055 rescripserit,
1466 1941 1654 2051 quicum
1730 1957 1735 1968 ·

248 2072 429 2182 quolibet
482 2091 695 2184 parentum
749 2061 1015 2160 saccularium
1071 2081 1142 2159 ant
1181 2103 1263 2158 non
1309 2078 1527 2182 parentum
1568 2071 1656 2155 sine
1738 2095 1741 2102 ·

243 2205 423 2311 jussione
452 2206 621 2296 senioris
645 2206 806 2292 locutus
830 2207 966 2308 fuerit,
996 2207 1066 2316 qui
1090 2205 1238 2291 seniori
1258 2205 1496 2290 inobediens
1517 2203 1654 2304 fuerit,

249 2333 315 2444 qni
355 2336 655 2420 contumaciter
694 2337 845 2423 seniori
881 2336 1160 2449 responderit,
1203 2335 1273 2446 qui
1314 2362 1414 2444 erga
1452 2334 1650 2418 seniorem

245 2463 427 2574 linguam
458 2493 539 2550 non
569 2469 831 2576 represserit,
859 2471 931 2580 qni
961 2469 1134 2553 lascivus
1161 2467 1204 2550 ia
1234 2465 1377 2578 lingna
1411 2463 1554 2567 luerit,
1585 2462 1653 2571 qui

114 2627 119 2640 ·
246 2594 457 2682 inhoneste
486 2597 706 2700 incesserit,
737 2601 806 2709 qui
831 2600 1043 2712 jocaverit,
1074 2599 1144 2709 qni
1173 2598 1271 2682 satis
1291 2596 1439 2695 riserit,
1469 2594 1539 2705 qni
1559 2594 1662 2708 5¹¹⁰?

244 2728 396 2814 sionem
438 2741 680 2816 nocturnam
722 2731 828 2841 patri
859 2729 1034 2841 spiritali
1065 2757 1149 2813 non
1190 2727 1450 2840 patefecerit,
1479 2726 1547 2836 qni
1579 2726 1659 2808 ira·

245 2861 400 2944 carmus
429 2861 565 2966 luerit,
596 2865 664 2975 qui
695 2865 804 2949 altae
831 2876 875 2946 ct
893 2867 1051 2946 erectae
1078 2859 1244 2946 cervicis
1266 2858 1399 2954 luerit,
1431 2858 1498 2968 qui
1521 2867 1657 2940 nicerte

245 2990 424 3075 tumidus
454 2992 588 3096 luerit,
621 2997 690 3105 qui
717 2993 892 3102 jactanti
922 2994 1079 3078 incessu
1111 2993 1347 3078 moderatus
1374 3018 1456 3073 rron
1477 2989 1656 3099 fuerit,²)

245 3122 312 3228 qui
336 3121 489 3207 discors
516 3125 653 3223 luerit,
683 3127 752 3236 qui
777 3127 1021 3212 discordiam
1046 3123 1320 3227 seminaverit,
1351 3125 1421 3231 qui
1451 3120 1657 3204 detractor

245 3252 378 3354 suerit,
408 3255 477 3364 qni
507 3284 672 3341 susurro
701 3258 838 3357 luerit,
869 3258 939 3370 qui
964 3254 1127 3340 invidus
1156 3253 1294 3356 luerit,
1325 3253 1394 3365 qni
1422 3281 1495 3362 per
1511 3252 1655 3334 inobe·
1746 3239 1750 3247 ⁴

43 3378 47 3484 ᾗ
174 3399 176 3402 ’
243 3382 436 3469 clientium
469 3393 796 3492 nnrrnnnnverit,
827 3388 897 3499 qni
927 3387 1052 3473 rixari
1079 3386 1210 3470 verbis
1229 3387 1438 3488 amaverit,
1469 3384 1539 3495 qni
1559 3412 1653 3467 con·
1711 3413 1712 3416 ‘
1821 3383 1824 3390 ’

243 3515 383 3601 vitium
407 3517 524 3602 fratri
553 3520 754 3622 intulerit,
786 3523 855 3633 qui
876 3521 1108 3606 contumaci
1136 3521 1274 3603 animo
1297 3519 1497 3603 seniorem
1514 3517 1656 3627 despe·
1724 3613 1725 3616 Ν

243 3647 366 3750 verit,
395 3649 464 3759 qni
495 3679 706 3738 rancorem
736 3654 928 3738 adversus
969 3653 1138 3737 fratrem
1168 3650 1372 3755 tennerit,
1401 3649 1472 3761 qui
1502 3649 1654 3734 alicubi

243 3784 356 3864 extra
383 3783 616 3868 consrrltum
647 3785 807 3869 abbatis
837 3786 900 3869 vel
932 3781 1153 3895 praepositi
1183 3783 1425 3915 discesserit.
1474 3781 1655 3865 Dicenda

242 3918 338 3994 annet
364 3911 553 3996 sirnlliter
585 3915 796 4023 aliquantu
824 3919 1004 4027 peccatu,
1035 3941 1139 4026 qaae
1170 3915 1307 4025 regula
1341 3912 1547 4024 graviores
1569 3913 1657 3997 cul·

242 4069 312 4150 pas
343 4053 565 4154 nuncupat,
599 4075 702 4154 quae
721 4046 772 4130 ad
793 4054 984 4157 quartum
1009 4049 1240 4155 praelatum
1272 4045 1437 4142 mudum
1461 4043 1652 4131 attinent.

242 4171 319 4256 Sed
350 4202 509 4262 necesse
537 4183 600 4263 est
629 4177 851 4286 prudenter
881 4207 1050 4288 pervenre
1091 4175 1142 4262 de
1180 4177 1242 4262 his
1259 4251 1263 4260 .
1281 4175 1539 4295 gravioribus
1567 4174 1654 4257 cul·

241 4303 315 4414 pis,
345 4306 441 4416 qnia
469 4309 656 4419 quamvis
685 4337 825 4394 omues
854 4308 998 4420 culpae
1026 4311 1233 4419 graviores
1264 4298 1434 4396 noarlne·
1455 4304 1653 4417 gravioris

241 4437 524 4543 nominentur,
569 4449 705 4527 tamea
746 4438 780 4523 si
820 4441 979 4550 pondus
1019 4438 1365 4552 perreaverirnus,r
1388 4466 1473 4522 noa
1514 4463 1660 4522 omnes·

200 4625 203 4634 ·
241 4568 465 4678 aequaliter
493 4573 761 4658 inveniuntur
788 4573 1009 4683 graviores.
1067 4569 1187 4658 Unde
1211 4572 1333 4656 etiam
1359 4567 1567 4680 pensanda
1592 4575 1654 4653 est

238 4699 435 4806 canonica
475 4699 716 4806 auctoritas,
767 4730 872 4814 qaae
915 4701 1106 4814 prohibet
1148 4701 1288 4804 illum,
1331 4699 1401 4812 qni
1446 4685 1651 4811 publicani

241 4899 502 4920 Ἢ...-

326 5007 353 5097 ¹)
374 5009 614 5082 succensuerit
636 5007 695 5100 (l).

327 5119 356 5207 ¹)
377 5118 438 5208 qui
456 5115 612 5212 jactanti
638 5118 775 5193 iaceam
798 5120 981 5198 moderato
1005 5113 1123 5196 suant.
1171 5113 1256 5191 eoa.
1279 5107 1474 5200 Malliccm,
