3974 5778
773 331 775 336 .
853 255 939 350 (lap.
962 255 1058 330 xm.
1390 263 1394 274 '
1573 191 1665 352 λ317
1749 253 1766 272 ”

252 480 430 593 psallam
456 478 548 586 titi,
571 474 864 588 intelligendus
892 478 966 579 sit,
996 478 1118 565 docet
1145 480 1408 568 cassiodorus
1437 482 1515 569 hoc
1543 482 1667 568 modo
1764 515 1765 518 ‘

256 616 414 701 dicens:
430 611 461 722 ¹)
499 607 583 696 Hic
612 607 871 716 psalmodiae
918 611 1048 696 oirtccs
1086 611 1329 713 ostcrcclitur,
1369 618 1419 698 ut
1452 614 1522 720 orci
1557 640 1666 720 paro

257 745 372 831 carcia
398 743 506 828 inter
532 742 711 826 lausiaca
723 740 883 848 psallit,
912 744 1033 827 ctiam
1055 767 1218 825 sarsana
1236 765 1325 825 curru
1343 741 1500 850 arrpclis
1519 769 1663 830 cancre

256 873 450 959 niclcutur.
487 871 650 976 Acljacit
676 896 848 978 priapum:
883 874 950 958 »in
980 879 1187 978 corispcctu
1214 875 1490 979 crematorum«,
1519 884 1561 961 nt
1575 904 1664 962 cam
1722 931 1726 939 ι

257 1003 387 1112 ccrrpcli
414 1029 493 1088 raon
523 999 651 1086 solnm
678 1003 845 1103 areclirc,
885 1029 1023 1088 aarum
1050 1005 1171 1088 ctiam
1192 1003 1418 1108 praecucur-
1445 1004 1664 1094 intcnrlcrc.

257 1134 370 1218 Iilral
406 1133 513 1216 anim
550 1131 724 1216 alicianus
760 1132 926 1237 respici,
965 1131 1071 1239 prcorl
1106 1135 1239 1238 potest
1275 1133 1429 1219 screnus
1466 1137 1663 1220 rrccrrtitrns

255 1263 412 1347 intncri.
472 1260 567 1345 Sica
605 1261 710 1346 illari
737 1267 893 1366 tcrrrpns
920 1259 1145 1366 sipiritlcut,
1184 1263 1348 1367 prrarnlo
1369 1263 1546 1368 populns
1574 1265 1666 1348 oca·
1785 1379 1788 1384 ²
1920 1365 1922 1370 Ι

258 1402 385 1477 torma
415 1396 510 1495 post
546 1391 874 1476 resurrectionem
902 1418 991 1478 carn
1028 1390 1259 1477 coelestibus
1289 1393 1487 1477 arcaturis
1527 1391 1668 1478 lacntcs

260 1523 432 1607 itoruino
460 1519 534 1602 unct
562 1519 833 1604 corrrrrrnniouc
859 1521 1050 1610 carrtairit.
1108 1519 1224 1606 istud
1261 1524 1387 1622 cuiun,
1430 1523 1540 1632 qrrocl
1570 1524 1669 1608 dicit

257 1655 311 1738 ln
338 1657 544 1757 conspectu
572 1647 806 1756 arrpclorran
828 1649 1010 1755 psallam
1038 1651 1124 1753 tili,
1154 1650 1313 1736 duabus
1338 1653 1468 1737 mariis
1488 1651 1664 1761 intelligi

258 1787 414 1894 potest:
455 1808 539 1865 urso
579 1778 702 1865 modo
740 1781 1009 1891 intelligitur,
1048 1781 1167 1891 quia,
1204 1811 1295 1866 cnm
1328 1782 1538 1892 psallimus
1571 1783 1668 1882 Deo,

255 1912 540 1996 assistentibus
569 1911 728 2019 augelis
756 1909 979 2020 psallimus,
1009 1911 1105 2018 quia
1134 1909 1244 1995 ilaus
1275 1938 1358 1996 uou
1386 1913 1558 1997 estsine
1586 1915 1669 1998 suris

40 2031 48 2112 l
176 2131 179 2138 ⁴
258 2041 410 2124 uuutiis
429 2049 553 2149 atque
573 2040 789 2139 urinistrim
818 2040 949 2124 altero
978 2038 1100 2124 uusado
1129 2037 1390 2150 intelligitur,
1420 2043 1517 2150 quia
1536 2042 1570 2125 si
1595 2071 1671 2127 nos

258 2169 506 2253 intendimus
537 2171 673 2273 corde,
702 2170 812 2283 qnod
845 2195 914 2256 ore
942 2169 1127 2271 dicimus,
1157 2175 1299 2254 nostra
1328 2169 1506 2256 intentio
1534 2173 1670 2257 irnteu·

40 2331 46 2346 ·
179 2363 183 2370 .
257 2298 358 2383 tioui
385 2300 626 2408 angelorum
653 2302 860 2413 jungitur.

259 2439 269 2450 '
369 2427 583 2539 Sequitur:
613 2430 728 2540 Erpa
756 2433 1065 2530 consideamus,
1093 2431 1266 2537 qualitor
1294 2438 1473 2539 oporteat
1499 2435 1544 2519 in
1573 2459 1668 2518 corc-

259 2565 392 2665 spcctn
419 2558 647 2648 divinitatis
675 2569 711 2648 ct
739 2563 972 2670 arrpclormu
990 2561 1078 2667 cp'ns
1101 2587 1199 2650 csse.
1241 2561 1355 2646 lstncl
1372 2588 1465 2669 arpo
1484 2561 1669 2671 superius

124 2738 129 2749 ·
259 2691 438 2801 respicit,
480 2689 508 2778 i.
537 2719 571 2779 e.
601 2691 712 2776 acsi
740 2692 921 2780 diceret:
962 2691 1095 2803 Ergo,
1134 2693 1167 2776 si
1197 2692 1256 2776 itu
1284 2699 1359 2794 est,
1387 2691 1416 2780 i.
1445 2721 1480 2781 e.
1510 2693 1544 2777 si
1574 2719 1667 2776 cum

258 2820 402 2903 timore
431 2820 520 2905 Deo
548 2823 806 2906 seruiendum
837 2822 1037 2909 credimus
1055 2852 1152 2914 ‚csso
1182 2823 1280 2930 [illi]
1302 2828 1354 2905 ‘et
1382 2823 1425 2906 iu
1444 2830 1668 2930 correpectu
1762 2841 1765 2848 ’

257 2952 496 3060 augelorum
535 2952 596 3036 illi
636 2953 863 3062 psallimus,
904 2925 1227 3060 consideremus,
1268 2954 1444 3063 qualiter
1475 2959 1669 3061 oporteat

151 3157 154 3166 .
261 3109 332 3164 nos
370 3083 415 3165 in
461 3090 683 3191 cornspectu
723 3084 951 3168 diuinitatis
992 3091 1035 3168 et
1073 3087 1314 3194 augelorum
1362 3085 1450 3192 ejus
1488 3112 1575 3170 esee
1619 3131 1665 3148 -
1794 3153 1796 3160 ,

232 3210 578 3297 vsubaudiendum
617 3219 681 3297 est
720 3213 849 3297 eunius:
889 3242 982 3298 cunr
1024 3214 1177 3316 timore¹
1195 3219 1251 3300 'at
1288 3213 1538 3314 reverentia,
1567 3243 1668 3325 qua·
1701 3229 1703 3234 '
1847 3209 1850 3215 ’

258 3349 375 3424 tcum
403 3343 608 3428 valeamus
637 3370 884 3454 cognoscere
913 3351 956 3429 et
983 3345 1229 3454 intelligere,
1262 3350 1461 3454 quantum
1491 3342 1668 3428 huruuua
1791 3435 1802 3456 ⁶
1918 3385 1920 3392 ·

258 3469 472 3558 iufirmitas
501 3475 718 3583 permittit,
748 3476 836 3584 eius
865 3475 1151 3582 praesentium.

367 3607 580 3715 Sequitur:
625 3603 696 3690 Sic
733 3608 883 3688 stannus
922 3605 978 3690 aci
1006 3605 1290 3712 psallendum,
1318 3613 1361 3692 nt
1388 3630 1501 3704 orans
1528 3611 1668 3688 clostra

255 3739 339 3822 coci
374 3744 538 3821 nostrae
576 3733 795 3834 concordat.
854 3735 910 3820 ur
948 3737 1027 3822 hoc
1068 3736 1277 3828 sciendum
1319 3743 1403 3838 est,
1443 3735 1666 3844 quiahoc,
1743 3725 1746 3730 ’
1810 3835 1835 3854 s

227 3868 363 3978 ‘quod
402 3865 525 3952 dicit:
565 3890 678 3951 arans
715 3871 856 3952 anostra
893 3868 1101 3952 corccarctct
1126 3866 1212 3952 coci
1251 3875 1412 3952 orostrae
1422 3867 1458 3972 ²)
1488 3913 1539 3929 -
1570 3865 1667 3975 quial
1723 3933 1725 3942 .

255 3998 567 4110 intelligendum
604 4003 668 4081 est
695 3995 746 4081 dc
774 3996 846 4082 illo
875 3987 1073 4106 simplici,
1114 3999 1183 4110 q'ui
1214 3997 1381 4109 ignorat
1409 3996 1664 4082 intellectum

255 4127 362 4213 illius
402 4127 616 4234 versiculi,
653 4156 774 4240 quem
813 4132 979 4230 cantat,
1026 4127 1123 4240 quia
1162 4127 1340 4239 paulatus
1379 4135 1453 4214 aut
1488 4124 1589 4212 dicit
1617 4127 1666 4210 de
1823 4107 1844 4142 '⁴

64 4315 68 4322 -
197 4321 215 4380 ι.
255 4258 531 4346 destructione
567 4259 795 4346 Jerusalem
835 4261 909 4344 aut
951 4258 1000 4343 de
1041 4258 1257 4344 uacatione
1295 4258 1481 4368 gerrtium
1516 4267 1588 4342 aut
1617 4257 1668 4340 dc
1788 4345 1791 4350 ,
1935 4257 1943 4267 ’

255 4388 406 4475 Christi
435 4389 653 4476 nativitate
685 4390 747 4476 vel
775 4389 963 4502 passione
990 4389 1419 4476 autresarrectioue?
1448 4386 1492 4474 Si
1516 4392 1666 4488 autem,

255 4517 437 4630 q‘uamuis
480 4549 564 4608 uon
604 4523 816 4635 intelligat
850 4521 931 4606 uim
973 4519 1186 4623 versiculi,
1226 4527 1364 4605 tamen
1404 4520 1474 4628 [si]
1504 4546 1587 4602 nou
1616 4519 1667 4604 de

221 4659 223 4662 ’
256 4653 385 4738 amito
415 4651 479 4738 uel
507 4659 678 4764 parente
706 4662 780 4739 aut
810 4653 861 4738 dc
888 4653 1027 4762 aliqua
1062 4681 1184 4738 causa
1211 4649 1383 4736 seculari
1411 4649 1666 4760 cogitauerit,

254 4777 324 4870 se'd
352 4791 425 4871 aut
452 4787 503 4872 de
522 4785 694 4889 minore,
722 4788 797 4871 ant
812 4784 930 4870 illum
952 4783 1210 4884 uersiculum,
1240 4789 1313 4867 aut
1331 4781 1474 4891 majus,
1505 4785 1667 4864 tautum

254 4915 377 5000 atde
407 4915 496 5004 Deo
523 4917 580 5004 sit
606 4917 710 5022 hoa,
748 4917 859 5040 quod
890 4915 1072 5029 cogitet,
1100 4914 1206 5000 hauc
1234 4910 1479 5000 senteutiam
1508 4909 1666 5021 implet.
1849 4973 1856 4998 ι
1944 4871 1946 4878 ⁴

256 5093 517 5136 -l--.-.....

215 5255 234 5268 ·
342 5229 368 5316 'l
388 5221 547 5318 Exponit.
571 5223 609 5297 iu
630 5189 757 5318 psalm.
783 5221 858 5296 let.
879 5221 968 5319 ul.
1013 5222 1042 5313 ι)
1064 5215 1320 5292 anacoluthon
1342 5215 1444 5312 (lp.
1539 5265 1541 5271 Α
