3994 5770
54 123 57 130 Δ
144 107 345 246 ’188’
841 155 994 250 capu.

195 377 408 466 servitium
436 381 625 462 sanctum
655 380 731 461 aut
749 363 939 486 gloriam.
981 367 1182 462 Geheurra
1200 372 1449 488 intelligitur
1468 405 1613 488 poena,
1834 434 1840 440 -

196 487 280 593 u'm
318 505 558 619 temporalis
594 532 718 614 quum
759 509 939 594 aeterua.
996 503 1053 590 Et
1088 503 1239 590 iterum
1276 511 1376 592 suut
1410 505 1506 612 olii,
1541 508 1614 622 qui
1638 535 1672 580 ·.
1828 494 1834 509 ²

195 640 456 726 solummodo
496 655 551 725 ou
579 634 659 722 hoo
688 634 907 721 obediunt:
952 639 1123 745 propter
1160 629 1371 723 servitium
1410 642 1613 743 mactum

6 827 19 864 ,Ι
193 772 304 882 quod
343 770 515 881 professi
562 771 684 868 suut,
726 765 755 854 i.
783 795 821 853 c.
859 773 1031 876 propter
1066 765 1396 860 observationem
1434 769 1614 879 regulae,

196 929 321 1012 quam
348 928 511 986 serrare
539 899 830 1012 promiserunt,
858 926 951 986 cum
978 898 1034 982 de
1056 899 1287 984 stabilitate
1316 907 1359 984 et
1380 881 1614 985 obediontia

23 1045 31 1056 '
193 1037 236 1117 et
263 1032 574 1117 couversatione
612 1056 773 1115 morum
800 1055 966 1112 suorum
1004 1028 1258 1139 promiserit,
1300 1031 1398 1142 quia
1424 1031 1507 1118 isla
1526 1028 1614 1115 triu

158 1255 161 1264 ,
201 1163 374 1276 professi
401 1155 524 1263 suntr
566 1167 610 1254 et
637 1160 717 1246 hoc
744 1165 809 1244 est
833 1159 1046 1244 servitium
1074 1164 1274 1264 sanctum,
1302 1160 1414 1272 quod
1443 1163 1614 1272 professi

164 1301 315 1398 ‚suut,
357 1323 409 1380 ne
445 1281 712 1379 inveniantur
747 1292 913 1376 fallaces
951 1320 1090 1378 coram
1121 1293 1208 1378 Deo
1230 1299 1292 1378 .et
1325 1323 1409 1380 rrou
1447 1303 1615 1406 propter

96 1431 132 1498 -’
199 1429 390 1512 timorem
419 1427 632 1538 gehenuae
670 1423 735 1508 vel
770 1422 946 1533 gloriam
985 1425 1094 1508 vitoe
1120 1429 1324 1512 aeternae.
1380 1423 1438 1511 Et
1455 1409 1613 1510 ‘iterum

7 1569 10 1576 ’
181 1563 296 1642 surrt
335 1557 432 1661 alii,
472 1556 544 1667 qui
584 1554 843 1642 solummodo
881 1554 1067 1639 serviunt
1103 1554 1192 1639 Deo
1232 1563 1403 1667 propter
1437 1557 1613 1668 glorium
1761 1597 1773 1624 ·

144 1719 149 1728 ·
197 1689 306 1772 ritus
337 1694 549 1790 aeternae·
569 1692 612 1772 et
640 1687 737 1808 npu'
753 1689 926 1795 propter
946 1691 1100 1770 metum
1120 1682 1336 1796 gehenuae
1360 1685 1424 1771 rel
1444 1693 1615 1796 propter

192 1817 404 1902 servitium
432 1823 644 1914 sanctumr
664 1815 749 1925 'qui
777 1814 888 1899 euim
915 1821 1087 1934 propter
1114 1817 1311 1900 timorem
1337 1819 1503 1928 ¹pocuue
1528 1847 1614 1901 sor·

88 1937 93 1948 ’
197 1949 318 2032 viunt
347 1947 451 2053 Deo,
479 1975 564 2031 nou
593 1951 691 2030 suut
719 1943 821 2028 borri
847 1943 899 2028 ud
929 1948 1279 2055 comparationem
1307 1947 1504 2050 istorum,
1531 1947 1615 2058 ⁸qui
1673 2007 1676 2016 ·

196 2086 368 2189 propter
410 2078 623 2164 servitium
644 2123 646 2128 ·
665 2082 855 2160 sanctum
896 2075 1081 2158 serviunt
1119 2077 1231 2180 Deo,
1271 2105 1321 2163 eo
1355 2079 1468 2187 quod
1508 2081 1615 2162 servi
1713 2091 1719 2100 '

198 2213 307 2306 suut,
338 2208 436 2317 quio
462 2237 538 2318 pro
566 2211 715 2326 timore
741 2236 901 2317 poenae
929 2208 1133 2308 serriuut;
1173 2213 1216 2293 et
1244 2208 1473 2293 iterumad
1501 2228 1632 2295 com·'

199 2341 453 2449 parationem
483 2339 678 2443 istorum,
711 2339 783 2448 qui
812 2343 981 2447 propter
1007 2344 1163 2424 metum
1192 2341 1397 2442 serviunt,
1426 2340 1615 2424 meliores

196 2475 295 2554 sunt
321 2470 395 2574 illi,
425 2472 497 2581 qui
525 2477 695 2583 propter
725 2470 935 2556 servitium
955 2475 1144 2556 saucium
1169 2471 1374 2570 serviuut3
1403 2478 1446 2557 et
1463 2471 1613 2556 iterum
1679 2497 1685 2512 ·

79 2649 87 2718 ⁸·
197 2603 383 2688 meliores
411 2610 509 2704 suut
537 2601 624 2707 illi,
666 2603 740 2713 qui
778 2609 948 2713 propter
975 2629 1157 2688 umorem
1196 2603 1482 2711 haereditetis,
1521 2605 1547 2695 i
1577 2638 1612 2692 e.

167 2735 365 2845 ¹propter
392 2735 566 2847 glorium
608 2735 716 2820 vitae
752 2740 944 2819 aeternae
979 2736 1163 2818 serviunt
1192 2735 1281 2820 Deo
1308 2736 1360 2820 ud
1398 2763 1613 2848 compara·

70 2955 77 2970 ,
122 2870 130 2887 ’
171 2869 352 2952 ‘tionem
381 2869 577 2968 istorum,
618 2867 690 2976 qui
730 2871 901 2976 propter
936 2874 1126 3016 sunctum
1159 2867 1369 2950 servitium
1404 2869 1612 2967 serviunt·

196 2997 385 3082 deiude
367 3025 453 3107 Jaru
485 2995 673 3080 meliores
700 3001 798 3079 suut
826 2995 911 3099 illi,
948 2997 1019 3106 qui
1048 3025 1124 3105 pro
1152 3025 1292 3080 amore
1321 2997 1399 3082 Dei
1427 2999 1654 3114 serviunt!

131 3227 158 3254 r„
198 3129 286 3212 Deo
306 3128 358 3212 ad
377 3127 724 3236 comparationem
744 3126 923 3227 illorurrr,
946 3156 1018 3236 qm
1005 3127 1208 3236 propter
1225 3156 1406 3213 errrorem
1425 3130 1612 3214 coelestis
1671 3116 1675 3123 ’

196 3259 354 3368 patriae
381 3259 566 3343 serviunt
583 3259 687 3345 Deo.
733 3255 781 3344 V.
807 3285 870 3366 gr.
900 3255 1165 3365 estquidam,
1193 3285 1265 3368 qur
1253 3257 1413 3342 habet
1435 3287 1611 3362 servum,

197 3388 322 3471 habet
351 3387 560 3490 vasallum,
598 3386 725 3471 habet
751 3387 876 3469 etiam
910 3386 1053 3473 fllium.
1111 3384 1262 3469 Servus
1289 3388 1418 3471 seruit
1444 3375 1613 3498 propter¹

147 3505 173 3512 '⁸
195 3521 399 3619 timorem,
429 3547 481 3602 rre
505 3515 757 3626 flagellelrrr3
786 3513 964 3598 vasallus
982 3520 1122 3598 autern
1145 3517 1272 3600 servit
1298 3523 1467 3628 propter
1490 3519 1611 3602 fidem

9 3689 15 3706 ·
152 3718 155 3728 r
196 3678 327 3751 suam,
355 3677 475 3757 quarn
505 3645 712 3758 professus
740 3651 804 3729 est
831 3645 891 3727 illi
920 3647 1090 3751 servire,
1129 3675 1182 3729 rre
1209 3648 1445 3752 iureuiatur
1473 3649 1612 3738 lullus.

198 3780 325 3864 Filius
354 3778 520 3888 quidem
549 3777 750 3859 dividitur
778 3775 939 3859 duobus
969 3775 1124 3890 modis:
1166 3784 1228 3861 est
1255 3778 1351 3860 telis
1380 3779 1510 3886 lilius,
1540 3783 1612 3891 qui

194 3909 287 3994 ideo
315 3909 441 3996 seruit
470 3909 592 4018 putri,
621 3937 673 3990 rre
701 3905 1020 4004 exhaeredetur·
1061 3907 1139 3991 iste
1166 3907 1330 4017 quidem
1362 3909 1470 3994 lilius
1505 3939 1611 3994 mer·

193 4041 378 4126 cenarius
406 4048 481 4125 est
539 4041 616 4124 Est
643 4038 747 4123 alter
777 4037 907 4137 filius,
948 4037 1019 4148 qui
1060 4066 1144 4122 uon
1181 4067 1258 4147 pro
1295 4037 1561 4137 haereditate,
1578 4041 1611 4152 1)

33 4172 38 4184 ’
194 4173 265 4258 sed
294 4171 553 4258 solummodo
582 4199 660 4306 pro
686 4198 825 4255 umore
853 4167 1037 4277 patris·
1025 4197 1051 4252 ι.
1078 4197 1114 4254 e.
1144 4199 1196 4254 ue
1225 4171 1408 4256 offendat
1435 4175 1610 4323 putrem,

122 4311 148 4390 l
194 4305 292 4416 quia
323 4335 405 4389 uou
436 4310 500 4389 est
528 4302 587 4386 illi
617 4330 754 4398 curae,
784 4307 832 4386 ut
862 4299 1154 4386 haereditatem
1184 4301 1349 4405 habeat,
1379 4305 1450 4388 sed
1479 4304 1610 4416 magis

195 4437 285 4530 vult
313 4437 483 4545 perdere
511 4425 819 4534 haeredilatem,
846 4437 1011 4516 tautum
1035 4438 1083 4517 ut
1111 4437 1240 4543 putris
1258 4434 1436 4545 gratiam
1459 4435 1612 4520 habeat

196 4571 239 4652 et
267 4567 377 4652 illius
406 4567 566 4653 laetitia
594 4573 638 4648 et
664 4565 816 4676 gaudio
845 4567 1028 4664 l'ruuturr
1057 4566 1136 4648 iste
1162 4566 1257 4650 talis
1286 4567 1393 4650 filius
1422 4575 1495 4650 est
1545 4566 1610 4651 ltu

194 4705 238 4782 et
259 4697 496 4796 monachus,
520 4697 559 4806 si
582 4725 657 4806 pro
678 4695 826 4779 timore
849 4723 1016 4803 poenae,
1044 4694 1071 4780 i.
1093 4725 1129 4782 e.
1160 4727 1211 4780 ue
1233 4697 1609 4782 excommunicetur
1668 4785 1671 4790 ,

44 4807 50 4821 ’
194 4835 268 4914 aut
296 4827 547 4938 flagelletur,
590 4825 675 4912 Deo
703 4823 851 4927 servit,
892 4853 1031 4909 servus
1060 4831 1145 4925 est3
1190 4829 1224 4910 si
1262 4833 1402 4911 autem
1442 4833 1612 4938 propter

282 5118 310 5204 Ι)
330 5112 406 5186 soil.
421 5110 549 5184 'servit
