3994 5770
217 139 300 256 23'2'
628 106 630 116 ,
829 160 1086 256 Geram.-

196 387 262 468 ‘et
289 381 474 492 futurum
499 382 701 495 judieium
729 386 1030 494 exspectntnt
1047 361 1159 468 nitor
1182 382 1247 466 sui
1264 380 1428 482 existat,
1456 381 1633 466 maxime
1697 395 1698 400 '

144 531 150 540 “
217 537 312 598 cum
333 509 535 596 Dominus
556 513 689 599 dicat:
718 513 833 600 Mihi
845 513 1079 614 uindictam,
1101 517 1220 622 ctcpo
1237 509 1471 598 retribuam.
1520 511 1633 596 Mihi

219 642 453 746 otradidom,
480 641 806 728 subaudiendum
834 651 917 730 eet:
956 644 1198 753 relinquitez
1237 647 1276 726 ct
1302 667 1373 752 epo
1398 641 1631 762 retribuam,

219 779 262 856 et
289 772 358 856 hic
393 769 718 858 subaudiendum
758 778 842 860 est:
882 775 1003 860 bonis
1040 773 1173 876 bona,
1211 772 1329 858 malie
1369 771 1497 876 mala,
1536 771 1634 880 quia

171 986 175 994 .
219 903 432 1013 utrimque
460 903 685 988 retributor
712 909 776 990 est
805 905 936 1008 Deus,
975 905 1067 992 ie.
1106 905 1310 988 bonorum
1339 907 1382 988 et
1408 901 1632 999 malorumr

218 1035 341 1120 bonis
381 1034 490 1119 enim
532 1035 728 1118 retribuit
768 1037 1138 1121 remunerationem
1179 1043 1370 1118 aeternae
1413 1031 1633 1133 felicitatis,
1797 1133 1801 1140 ἢ

218 1167 339 1253 malis
370 1193 465 1296 uero
493 1165 698 1269 meritum,
727 1194 812 1277 quo
839 1167 957 1280 digni
979 1173 1089 1256 sunt.
1148 1167 1444 1254 Verumtamen
1471 1191 1555 1246 non
1584 1192 1632 1247 ea

214 1299 459 1404 {unumne
471 1298 593 1382 debet
613 1297 820 1384 dimittere
839 1298 943 1404 Deo,
971 1305 1018 1384 ut
1036 1297 1144 1384 Deus
1165 1327 1242 1409 pro
1261 1326 1304 1382 se
1329 1296 1444 1381 illum
1466 1296 1632 1406 puniat3

219 1433 345 1544 longe
383 1436 445 1517 est
486 1430 595 1514 enim
635 1432 715 1516 ista
753 1431 930 1516 intentio
968 1459 994 1516 a
1040 1431 1114 1518 Dei
1153 1430 1396 1520 intentione.
1467 1427 1634 1514 Domini

59 1646 63 1653 .
219 1564 398 1650 intentio
427 1571 502 1666 est,
531 1561 622 1648 ideo
651 1563 827 1650 tolerare
847 1563 1006 1670 malos,
1043 1567 1090 1648 nt
1117 1567 1413 1649 convertuntur
1439 1567 1483 1644 et
1509 1561 1636 1646 corri-

138 1815 140 1820 ,
220 1701 398 1808 gentum
439 1697 557 1782 istius
585 1695 762 1780 intentio
791 1701 855 1782 cst
882 1697 1034 1782 idcirco
1063 1695 1153 1782 Deo
1181 1695 1410 1801 dimittere,
1449 1698 1498 1778 ut
1524 1694 1636 1778 ultor

92 1830 97 1840 '
220 1825 331 1910 Deus
359 1827 520 1930 existat,
549 1831 597 1911 ut
624 1829 721 1937 quia
747 1855 791 1910 se
816 1826 957 1912 ulcisci
982 1857 1067 1914 uon
1090 1832 1240 1939 potest,
1270 1825 1394 1929 Deus,
1423 1827 1488 1912 cui
1517 1825 1633 1910 illam

220 1956 418 2060 dimittit,
455 1958 553 2069 quia
591 1964 738 2068 potens
776 1965 861 2061 est,
902 1987 978 2068 pro
1005 1987 1050 2046 se
1088 1962 1223 2070 ipsum
1253 1960 1420 2070 punia't;
1461 1959 1634 2043 sienim
1673 2011 1677 2018 -

221 2088 375 2172 malum
403 2093 478 2193 eet,
506 2091 620 2199 prius
649 2089 802 2174 malurn
830 2089 1005 2194 inferre,
1047 2091 1190 2202 utique
1218 2116 1348 2198 neque
1376 2087 1531 2170 bouum
1560 2095 1636 2194 est,

30 2247 48 2276 .·
163 2247 166 2252 ·
221 2219 352 2305 vicem
380 2219 563 2304 reddere.
621 2217 670 2303 ln
700 2219 778 2304 hoc
805 2221 918 2305 eninr
957 2220 1252 2333 comprobatur
1279 2247 1365 2304 esse
1395 2219 1525 2302 malus
1553 2221 1636 2322 ille,

138 2411 140 2416 .
220 2351 290 2463 qui
321 2351 448 2436 vicem
478 2352 625 2454 reddit,
653 2351 750 2463 quia
777 2353 965 2437 imitator
991 2353 1087 2437 mali
1116 2351 1279 2451 existit;
1302 2352 1390 2462 jam
1418 2351 1453 2436 ei
1483 2351 1635 2436 malum

221 2483 410 2588 imitaris,
439 2483 571 2568 malus
599 2511 655 2588 es,
684 2486 782 2594 quia
809 2485 955 2587 omnis,
995 2487 1065 2598 qui
1096 2485 1247 2570 malum
1277 2482 1475 2586 imitatur,
1505 2482 1636 2566 malus

90 2613 100 2634 '
220 2622 295 2705 eat.
363 2615 485 2701 Unde
528 2615 677 2700 Paulus
713 2616 833 2704 dicit:
878 2616 979 2704 Noli
1012 2619 1120 2704 υἰιιιὶ
1157 2647 1184 2704 o
1223 2617 1342 2702 nmio.
1412 2615 1487 2700 Ille
1525 2614 1635 2699 eninr

221 2750 400 2835 vincitur
426 2779 452 2832 a
490 2748 625 2852 malo,
664 2749 735 2862 qui
765 2750 892 2834 vicem
935 2751 1092 2856 reddit,
1131 2755 1176 2835 et
1213 2749 1285 2834 ille
1312 2749 1443 2833 vincit
1471 2747 1638 2854 malum,
1683 2749 1691 2774 ‘

189 2883 292 2994 .qui
322 2882 451 2966 vicem
489 2908 575 2964 non
615 2881 753 2968 reddit
780 2911 896 2968 uersa
923 2883 1024 2972 rice.
1083 2881 1281 2969 Homines
1319 2881 1428 2965 enim
1466 2885 1568 2966 tuuc
1596 2911 1640 2966 sc

195 3019 371 3126 putant
409 3005 497 3099 ease
526 3013 724 3119 victores,
765 3015 931 3126 quaudo
968 3015 1098 3100 vicem
1140 3015 1337 3116 reddunt,
1376 3019 1419 3096 et
1457 3017 1558 3098 tunc
1595 3041 1640 3096 sc
1794 3112 1797 3116 ¹

222 3149 372 3256 putant
400 3173 489 3229 esse
518 3147 660 3248 victos,
689 3144 855 3257 qnando
884 3149 1014 3231 vicem
1043 3177 1129 3232 nou
1158 3145 1349 3230 reddunt.
1408 3144 1457 3228 In
1485 3143 1637 3233 Christi

222 3278 332 3361 enim
371 3277 519 3362 militia
557 3305 641 3360 uon
680 3281 743 3361 est
782 3279 862 3381 ita,
912 3279 982 3362 scd
1025 3283 1125 3364 tunc
1165 3279 1448 3373 suuntmilites
1484 3275 1639 3360 Christi

144 3457 150 3468 ·
221 3410 407 3511 victores,
436 3437 529 3494 cum
560 3409 659 3492 laesi
689 3409 819 3494 vicem
844 3439 929 3494 non
951 3412 1142 3496 reddunt.
1198 3409 1308 3510 Quid
1336 3415 1399 3494 cst
1422 3410 1559 3500 eninr:
1590 3412 1640 3496 Si

220 3545 312 3653 pais
338 3551 376 3628 te
396 3541 648 3648 percusserit
676 3544 719 3626 ia
749 3541 964 3626 rrarxitlam
988 3551 1112 3648 trram,
1134 3544 1288 3659 pruche
1316 3541 1380 3626 illi
1402 3550 1440 3627 c!
1454 3544 1638 3644 alteram,
1740 3573 1745 3584 ·

195 3675 300 3759 *ruisi
327 3681 376 3759 ut
404 3676 464 3759 ita
492 3673 643 3758 trabeas
672 3679 962 3785 praeparatum
996 3682 1040 3759 et
1068 3675 1343 3760 voluntarium
1373 3674 1556 3758 anianum
1586 3675 1638 3760 nd

102 3905 106 3916 ι
220 3807 518 3909 sufferendum,
548 3813 597 3889 ut
623 3805 719 3909 ille,
747 3807 818 3915 qui
847 3812 889 3889 tc
916 3805 1181 3914 percusserit,
1211 3804 1246 3888 si
1274 3805 1452 3892 volrrerit
1477 3813 1521 3890 tc
1549 3836 1642 3918 per·

220 3942 361 4023 eutere
387 3938 562 4039 iteruin,
600 3948 648 4022 tu
687 3939 799 4022 bono
828 3943 870 4023 et
898 3937 1072 4054 patienti
1110 3938 1248 4023 animo
1288 3939 1485 4024 malitiam
1511 3939 1640 4051 ipsius
1677 3979 1680 3986 ·
1715 4049 1720 4056 Ι

99 4178 104 4187 ¹
221 4071 409 4169 auriferam
437 4071 682 4157 nutriendus
711 4076 774 4156 est
801 4071 909 4156 enim
939 4073 1102 4155 animus
1123 4070 1337 4156 christiani
1356 4075 1400 4155 et
1418 4071 1639 4173 docendus,
1732 4181 1737 4194 .

147 4221 176 4282 .·
221 4209 406 4312 tempore
433 4205 545 4312 pacis'
575 4205 683 4292 mula
711 4206 989 4314 proximorum
1019 4205 1188 4288 sufferre
1210 4203 1433 4314 patienter,
1462 4211 1509 4288 ut
1536 4209 1641 4290 tem·
1723 4273 1727 4283 .

59 4352 62 4360 '
221 4365 321 4449 pore
360 4337 655 4448 persecutionis
692 4337 823 4449 possit
863 4364 938 4448 pro
966 4335 1132 4424 Christo
1170 4337 1350 4431 oninium
1390 4336 1434 4420 in
1464 4343 1639 4423 mortem

221 4471 331 4556 ctare.
388 4470 432 4556 Si
467 4472 575 4556 enim
611 4479 795 4583 tempore
834 4470 944 4582 pacis
981 4498 1067 4556 ιιοιι
1103 4470 1314 4575 didicerit,
1360 4473 1470 4557 mala
1498 4472 1640 4582 proxi·

168 4610 173 4620 '
221 4633 379 4690 ιιιοιιιιιι
410 4604 488 4689 sibi
517 4606 634 4690 illata
668 4606 876 4717 patienter
902 4607 1091 4707 scheme,
1131 4609 1318 4714 tempore
1344 4605 1640 4714 persecutionis
1762 4655 1764 4660 ·

136 4801 143 4820 .
222 4764 304 4820 nou
327 4738 482 4848 poterit
501 4739 596 4824 dare
611 4738 791 4824 enimam
806 4764 883 4850 pro
898 4736 1065 4822 Christo
1079 4737 1121 4820 in
1138 4742 1324 4827 mortem.
1370 4737 1426 4823 Et
1443 4737 1638 4850 quoniam

225 4867 423 4954 Dominus
451 4871 540 4970 vult
582 4878 771 4983 paratum
801 4899 886 4957 csse
927 4869 1112 4956 ιιιιίιιιιιιιι
1142 4869 1366 4956 Christiani
1393 4898 1477 4956 non
1507 4871 1638 4955 solum
1716 4959 1721 4972 ,

149 5015 153 5022 ’
186 5091 191 5098 ,
221 5000 271 5085 ad
301 5005 541 5090 sustinenda
581 5007 690 5090 irrata
730 5005 1033 5114 proximorum,
1074 5033 1213 5090 verum
1255 5004 1462 5090 etiamad
1491 5005 1640 5088 damna

69 5177 76 5188 ·
165 5132 168 5138 ’
224 5163 360 5220 rerum
400 5136 607 5245 patienter
643 5135 881 5240 toleranda,
928 5137 1082 5222 idcirco
1117 5137 1352 5244 subjunxit:
1399 5143 1437 5222 et
1472 5137 1532 5238 ci,
1557 5137 1640 5242 ,qui
