3960 5774
131 362 135 370 .
181 285 265 372 45⁴
314 211 341 366 .’
742 259 1032 377 cru'xxxxu.

182 509 315 592 toturn
351 507 516 592 uocum
556 503 787 616 significat,
827 501 936 590 sient
972 503 1148 592 interius
1184 506 1298 594 dicit
1353 507 1535 614 nenne
1559 507 1600 590 ri

182 639 401 726 necessitas
418 637 621 744 leandrus
648 637 923 746 supervenerit
940 641 1012 722 aut
1023 637 1133 744 torte
1150 638 1278 726 atoue
1299 641 1427 726 alicui
1442 635 1601 746 aliquid

92 886 93 890 Ν
175 769 361 880 juisserit.
419 767 525 856 Eece
559 798 634 882 per
670 767 750 858 hoc
783 770 1047 856 manifestum
1087 778 1170 874 est,
1208 771 1320 884 qaod
1357 770 1466 874 dixi,
1504 769 1601 882 qnia

95 927 108 944 ·
168 903 286 988 licet
314 903 437 990 etiam
467 899 582 1014 loqui
611 929 688 1012 pro
715 900 868 987 damno
895 907 969 986 ant
997 902 1262 1004 necessitate,
1290 905 1390 1017 quie
1424 903 1601 988 interro·

31 1119 35 1132 ,
184 1037 302 1146 gatio
342 1040 406 1119 est
434 1034 537 1131 ista,
565 1033 673 1118 sicut
699 1035 887 1145 superins
915 1033 1107 1122 diximus.
1162 1033 1282 1135 Quod
1310 1036 1600 1122 autemdicit:

186 1165 226 1250 si
250 1166 356 1270 forte
394 1165 521 1251 atlas
549 1163 673 1250 alicui
714 1165 872 1273 aliquid
899 1165 1097 1272 jusserit,
1126 1169 1156 1252 i.
1181 1196 1219 1253 e.
1248 1166 1282 1252 si
1310 1197 1528 1268 consuere,
1560 1167 1615 1282 ‚si

186 1301 360 1413 piscari,
388 1301 423 1386 si
450 1299 629 1387 scribere
651 1299 842 1407 ‚iusserit
870 1295 1147 1382 obediendum
1175 1303 1250 1418 est.
1308 1300 1600 1384 Verumtamen

186 1461 270 1519 non
299 1432 460 1518 uscidae
487 1432 612 1518 debet
640 1435 785 1530 tacere,
813 1429 884 1512 sed
913 1428 1031 1514 tarde
1058 1437 1103 1516 ct
1127 1461 1204 1544 pro
1224 1431 1478 1533 necessitate,
1497 1460 1603 1541 quse

186 1595 272 1650 non
301 1569 439 1676 potest
467 1563 590 1668 terri,
631 1591 680 1650 eo
715 1561 827 1674 quod
868 1563 1011 1680 regula
1048 1592 1133 1650 non
1163 1565 1264 1651 dicit
1299 1563 1490 1668 assidue,
1532 1565 1603 1648 sed

58 1759 60 1766 ν
184 1700 308 1802 torte,
344 1723 393 1779 ae
421 1725 494 1808 per
521 1696 624 1797 hoc,
661 1725 753 1780 cnm
784 1692 886 1771 dicit
910 1694 1038 1798 torte,
1079 1695 1197 1807 quasi
1224 1698 1402 1782 diceret:
1440 1697 1474 1779 si
1502 1724 1604 1781 con·

187 1829 341 1940 tingat,
369 1832 418 1913 nt
444 1829 572 1914 abbas
600 1827 724 1914 alicui
751 1821 894 1932 jubent
913 1821 958 1908 in
984 1843 1108 1914 nocte
1125 1828 1282 1940 aliquid
1301 1829 1437 1939 operis
1458 1829 1603 1924 iacere,

149 1961 158 2002 ⁴
187 1959 214 2047 i.
244 1989 280 2046 e.
308 1959 474 2070 quaudo
516 1959 725 2046 silentium
754 1955 943 2042 nrouuchi
973 1959 1126 2046 debent
1164 1965 1328 2062 tenere,
1357 1961 1460 2061 hoc,
1495 1961 1603 2072 qnod
1689 1986 1695 1994 ·

183 2091 343 2203 justum
373 2097 460 2194 est,
489 2121 581 2178 eum
611 2092 779 2176 silentio
807 2087 904 2190 fiat,
933 2093 1042 2176 sicut
1075 2091 1165 2202 ipse
1191 2091 1294 2176 dicit
1321 2121 1416 2177 cum
1443 2121 1605 2177 summu

40 2273 47 2284 ·
189 2224 406 2332 gravitate,
434 2223 513 2310 hoc
542 2227 630 2329 est,
659 2253 752 2308 cum
782 2224 925 2334 majori
955 2221 1122 2309 silentio
1151 2231 1194 2307 et
1222 2223 1451 2324 honestate,
1480 2253 1605 2335 qnam

189 2353 233 2438 in
263 2355 341 2444 die.
398 2354 515 2454 Quod
544 2360 681 2439 anum
711 2355 836 2438 dicit:
878 2353 928 2439 Si
955 2361 1109 2460 tenipus
1140 2355 1265 2456 licerit
1285 2354 1483 2462 prandii,
1510 2383 1605 2439 ortos
1758 2417 1762 2422 -

16 2480 21 2486 ’
188 2492 232 2566 ut
260 2485 514 2569 surrexerint
539 2513 567 2568 a
595 2510 730 2586 curra,
758 2487 925 2570 sedeunt
951 2511 1090 2569 orrrries
1115 2485 1161 2566 iu
1190 2511 1269 2567 uuo
1297 2493 1334 2568 et
1361 2485 1468 2594 leyut
1494 2513 1600 2568 roratis

191 2613 421 2698 collationes
446 2613 509 2699 oel
535 2617 641 2697 uitas
662 2622 833 2720 patrum
860 2621 932 2699 aut
959 2623 1062 2700 certe
1079 2615 1249 2720 aliquid,
1268 2615 1375 2720 qrrod
1393 2617 1606 2698 arrdieutes

18 2777 22 2784 ·
191 2743 393 2848 aedificet,
433 2769 513 2826 nou
552 2749 684 2827 aretem
718 2743 958 2848 heptaticum
995 2751 1065 2831 aut
1102 2773 1266 2851 reorent,
1307 2745 1402 2850 quia
1433 2743 1609 2848 infirmis

192 2871 454 2958 intellectibus
480 2899 559 2958 reon
582 2877 660 2959 erit
688 2873 786 2958 ritilc
813 2873 887 2958 illu
913 2875 1016 2958 liora
1038 2875 1144 2960 liuere
1167 2877 1412 2981 scripturum
1438 2875 1609 2975 uredine,

92 3011 97 3022 '
129 2999 135 3012 '
158 2997 168 3018 ⁶
192 3002 291 3088 aliis
312 3029 404 3088 uero
420 3004 533 3090 loris
551 3005 736 3116 leuantur
752 3055 802 3070 -
818 3006 1146 3092 subandiendum
1172 3013 1254 3093 est:
1284 3011 1369 3091 tnui
1385 3007 1429 3089 in
1449 3010 1610 3090 aestate

5 3150 30 3208 “.
91 3183 95 3192 .
162 3139 316 3246 'quarn
356 3135 399 3220 in
437 3137 583 3223 hieme.
642 3139 755 3224 Istud
785 3139 896 3222 enim
924 3165 1042 3240 erton,
1079 3167 1163 3225 non
1191 3169 1268 3250 pro
1296 3137 1610 3224 continuatione

193 3267 371 3376 positum
402 3274 476 3372 est,
503 3269 573 3353 sed
603 3271 701 3380 quin
726 3270 863 3353 noluit
882 3269 927 3358 S.
946 3269 1205 3373 Benedictus,
1236 3274 1282 3354 nt
1299 3268 1458 3380 grande
1480 3271 1609 3352 inter·

195 3397 349 3481 vallum
364 3390 521 3501 luisset,
549 3399 621 3482 sed
643 3399 929 3511 parvissimum
952 3401 1063 3487 inter
1081 3431 1251 3488 coenam
1272 3410 1315 3486 et
1331 3401 1608 3498 collationem,

81 3621 83 3624 ,
195 3527 289 3612 ideo
318 3528 424 3614 dixit
451 3557 566 3632 eroon,
594 3558 644 3617 ne
672 3531 706 3614 si
735 3531 910 3616 diceret:
947 3538 996 3616 ut
1023 3535 1275 3618 surrexerint
1302 3564 1329 3618 a
1357 3559 1483 3616 cocos
1517 3558 1611 3640 pur·
1683 3579 1686 3586 »
1738 3551 1743 3560 ·

195 3659 361 3743 sissimo
389 3661 606 3745 interuallo
634 3663 772 3764 lucto,
801 3663 933 3748 donec
961 3665 1180 3748 servitores
1209 3667 1483 3762 manducant,
1513 3689 1608 3744 mox

196 3791 394 3876 secedant
420 3790 472 3874 ad
500 3791 776 3876 collationem.
820 3793 876 3877 Et
902 3795 982 3880 hoe
1011 3798 1236 3881 notandum
1263 3803 1338 3898 est,
1367 3797 1401 3878 si
1423 3800 1610 3901 tempore

36 3957 53 3984 .·
197 3921 328 4006 nubili
358 3923 514 4006 fallitur
544 3953 724 4034 uespera,
753 3925 779 4009 i.
798 3953 833 4010 e.
862 3927 955 4035 plus
983 3927 1102 4011 tarde
1128 3957 1251 4038 quarn
1270 3930 1314 4012 in
1341 3926 1433 4012 aliis
1456 3924 1612 4022 diebus,

105 4119 109 4129 ,
198 4081 281 4135 riou
311 4053 434 4138 debet
463 4054 725 4140 intervallum
755 4057 877 4174 inter!
892 4085 1061 4142 coenam
1091 4065 1135 4142 et
1162 4060 1424 4143 collationem
1454 4059 1513 4140 ua
1542 4084 1615 4138 ex·
1843 4158 1846 4163 Ι

198 4189 385 4292 spectare
413 4189 487 4268 aut
516 4185 647 4270 iacere
674 4187 814 4287 obbas,
842 4189 950 4273 sicut
973 4190 1015 4271 in
1032 4189 1123 4273 aliis
1148 4189 1305 4291 diebos,
1332 4189 1499 4300 quondo
1527 4215 1616 4270 nro·
1754 4247 1782 4280 -,
1846 4279 1851 4289 ‚

199 4313 339 4397 derate
379 4314 539 4426 agitur,
577 4316 649 4399 sed
680 4343 773 4400 mox
810 4317 1001 4402 accedere
1029 4316 1082 4401 ad
1119 4319 1395 4405 collationem.
1454 4316 1509 4401 Et
1536 4317 1627 4400 hoe·

198 4444 408 4528 sciendum
438 4453 514 4546 est,
542 4448 639 4556 qnia
667 4455 852 4556 tempore
878 4449 1112 4533 collationis
1137 4452 1179 4532 et
1204 4450 1249 4531 in
1276 4451 1367 4533 loco
1381 4446 1616 4531 collationis

199 4576 335 4660 nullus
362 4576 487 4660 debet
512 4576 641 4684 loqui,
673 4579 750 4661 nisi
775 4565 1014 4678 collector,
1042 4579 1112 4689 qui
1128 4581 1246 4690 legit,
1273 4584 1347 4664 ant
1373 4580 1514 4680 abbas,
1542 4577 1612 4687 qni
1672 4563 1675 4571 ’

78 4731 81 4738 ’
165 4705 166 4710 ‘
199 4708 382 4818 exponit,
409 4717 485 4793 cut
511 4715 621 4794 certe
649 4709 744 4793 talis
766 4711 904 4812 irater,
933 4711 1001 4796 cai
1017 4703 1186 4821 jusserit
1202 4710 1365 4796 tradere
1378 4711 1612 4795 lectionem.
1695 4751 1701 4767 ·

201 4839 257 4924 Et
285 4837 435 4923 iterum
463 4840 672 4925 sciendum
700 4847 775 4943 est,
804 4843 1015 4951 quiscum
1038 4843 1324 4952 luvantpedes
1349 4844 1509 4940 fratres,
1539 4867 1614 4924 nec
1698 4937 1703 4950 ι
1852 4893 1856 4902 ·

200 4975 370 5056 cantare
406 4999 481 5056 nec
508 4972 644 5080 legere
673 4971 837 5056 debent.
897 4973 1022 5059 Forte
1050 4974 1152 5058 dicit
1178 4974 1294 5092 quis:
1335 4979 1491 5075 Quare,
1519 4997 1613 5093 cum
1727 5045 1754 5078 Ν,
1866 4960 1905 5020 ‘.

200 5102 345 5216 regula
359 5102 460 5188 dicit
474 5102 638 5214 legere?
680 5103 756 5188 cui
771 5105 1097 5216 respondendum
1113 5113 1196 5191 est:
1221 5105 1415 5190 duodicit
1428 5105 1468 5192 S.
1486 5103 1619 5186 Bene-

202 5237 361 5344 dictus,
390 5236 528 5348 legere
564 5231 607 5318 et
641 5237 764 5347 pedes
805 5239 992 5340 abluere,
1024 5239 1094 5322 sed
1134 5244 1272 5322 umen
1313 5267 1398 5325 non
1435 5234 1620 5336 insimul,
