3974 5778
800 211 802 218 ’
865 233 1067 327 cns-nv·
1404 317 1409 324 .
1592 243 1670 326 301
1795 227 1806 240 “

263 465 419 563 onibus,
448 455 735 558 sinebantur,
765 454 946 557 dicetur,
975 454 1027 541 ad
1058 457 1305 542 matutinum
1335 484 1429 542 roro
1457 463 1590 544 toturn
1621 459 1671 542 de
1766 569 1769 574 Ι
1898 539 1901 545 Δ

263 596 358 708 ipsis
386 618 468 676 non
497 585 726 699 praecipuis
749 586 902 672 sanetis
926 587 1142 673 dicendum
1171 592 1246 690 est,
1275 589 1502 672 streniam
1534 595 1673 698 patero

263 725 423 822 debent,
452 719 487 804 si
508 744 591 802 uon
613 716 768 802 tuerint
786 718 829 801 in
850 717 1056 803 dominico
1078 717 1143 800 die
1162 721 1234 801 ent
1248 718 1290 801 in
1307 717 1447 803 diebus
1469 719 1674 829 quinqua-

261 855 388 964 ginto,
417 847 487 960 qui
518 851 773 956 pentecostes
807 851 1020 953 vocantur,
1049 848 1090 930 in
1124 846 1271 957 quibus
1300 873 1383 931 non
1413 847 1510 935 lieet
1538 877 1674 960 genua
1790 893 1793 898 ,

261 981 380 1073 tleeti.
437 976 545 1062 Nem
575 981 733 1060 eastern
761 976 911 1076 officia,
938 977 966 1060 i.
990 1005 1027 1063 a.
1049 975 1196 1086 prima,
1224 976 1360 1077 tertia,
1389 976 1519 1080 sexta}
1546 1007 1670 1080 none,

262 1137 434 1220 vespera,
465 1105 779 1216 completorium
804 1109 846 1189 et
865 1111 1089 1190 noeturnae
1121 1153 1168 1170 -
1193 1110 1355 1217 praeter
1376 1112 1459 1192 tres
1476 1106 1672 1190 lectiones
1750 1151 1752 1156 .
1799 1216 1801 1224 .
1890 1141 1892 1146 ’

261 1269 350 1326 eum
372 1235 640 1350 responsoriis
660 1237 792 1321 tribus
813 1283 866 1301 -
894 1235 946 1319 de
975 1235 1216 1346 quotidiano
1244 1236 1449 1348 agendum
1479 1241 1554 1340 est,
1569 1236 1601 1347 ¹)
1629 1245 1673 1321 et
1734 1341 1739 1370 s

262 1371 526 1456 laborandum
558 1367 690 1452 estin
720 1367 793 1452 illo
821 1367 900 1472 die,
928 1379 971 1452 at
997 1366 1104 1452 sieut
1131 1369 1172 1452 in
1201 1369 1269 1453 die
1292 1368 1533 1479 quotidiano
1558 1396 1673 1451 inan·

55 1559 59 1574 ·
232 1485 233 1490 Ν
265 1499 492 1585 drreaudum
513 1501 635 1609 juxta
657 1504 819 1608 ternpus
842 1527 973 1600 suurn,
1003 1498 1113 1609 quod
1136 1499 1351 1584 delinitum
1373 1499 1493 1583 estin
1513 1500 1670 1610 regula,
1796 1549 1797 1552 κ

259 1633 332 1720 ie.
355 1633 427 1715 aut
449 1629 502 1712 ad
524 1639 680 1716 sextam
705 1636 778 1716 aut
802 1629 1039 1738 aduenam,
1065 1629 1301 1715 missavaro
1324 1629 1478 1713 ‹leillis
1505 1631 1671 1733 sanetis,
1727 1701 1729 1706 ,
1880 1665 1882 1668 ·
1935 1693 1943 1709 .

260 1762 438 1872 quinon
468 1766 564 1844 sunt
594 1760 824 1871 praecipui,
865 1762 1049 1845 ennensla
1076 1763 1151 1846 est.
1208 1759 1334 1844 Forte
1375 1758 1476 1844 dieit
1502 1759 1670 1870 aliquis:

261 1897 415 2004 quare?
458 1892 561 1991 Quia
585 1893 693 2001 jam,
733 1917 826 1976 eum
867 1892 1116 1977 matutinum
1145 1888 1468 1991 indemnitati,
1508 1888 1671 1976 initium

257 2025 397 2110 nrissae
438 2023 570 2109 fecisti
611 2022 720 2106 illius
757 2025 903 2146 saneti.
961 2023 1143 2133 Vespera
1172 2050 1270 2132 nero
1309 2019 1360 2104 de
1398 2018 1480 2104 illis
1519 2021 1670 2105 sanetis

44 2139 48 2146 ’
99 2215 103 2222 .
259 2154 473 2266 praedietis
501 2153 730 2263 praecipuis
757 2152 817 2239 ita
843 2156 1006 2267 agenda
1033 2159 1117 2256 est,
1156 2155 1182 2244 i.
1214 2183 1249 2238 e.
1278 2152 1322 2236 in
1351 2149 1418 2236 die
1445 2153 1670 2260 praeterito
1741 2273 1742 2278 Ν

255 2286 303 2370 ad
325 2311 536 2395 vesperum
564 2283 821 2369 solummodo
852 2284 1025 2370 dicenda
1052 2290 1114 2369 est
1143 2283 1266 2370 leetio
1293 2287 1336 2366 et
1362 2282 1666 2389 responsorium

254 2443 342 2500 enm
372 2413 506 2524 gloria
533 2419 575 2498 et
602 2415 781 2526 hyrnuus
808 2424 853 2503 et
875 2441 1014 2501 versus
1037 2430 1081 2499 et
1105 2446 1158 2502 an
1160 2411 1334 2524 tiphoea
1359 2409 1401 2494 in
1428 2409 1671 2522 Magrritieat
1762 2489 1764 2492 .
1854 2487 1885 2506 Δ,

62 2557 67 2620 l
135 2630 143 2646 ,
254 2551 294 2630 et
320 2545 464 2631 oratio.
524 2546 590 2632 Ae
621 2551 842 2631 noeturnae
865 2551 908 2630 at
937 2547 988 2630 ad
1010 2547 1259 2631 matutinum
1283 2547 1327 2627 et
1357 2542 1502 2651 prima,
1533 2541 1668 2644 tertia,

61 2672 66 2703 ²
123 2707 128 2719 ·
252 2681 384 2778 sexta,
426 2705 556 2780 nona,
597 2704 766 2786 vespera
806 2681 849 2761 et
888 2677 1010 2762 missa
1048 2685 1091 2764 et
1131 2673 1445 2785 completorium
1474 2672 1670 2778 adeptos

254 2813 411 2891 serretos
438 2808 527 2892 dies
549 2807 796 2913 pertinentes
823 2807 995 2894 dieenela
1022 2817 1130 2896 sunt.
1142 2809 1177 2919 ²)
1296 2861 1298 2866 -

360 2935 574 3048 Sequitur:
607 2937 759 3023 Modus
779 2945 911 3024 eutem
928 2965 1056 3046 supro
1079 2965 1146 3024 ser·
1148 2942 1255 3048 iptus
1272 2940 1464 3025 teneatur.
1522 2933 1681 3018 Modus·

252 3077 384 3154 autern
415 3069 661 3182 intelligitur
696 3072 920 3182 quantitas.
979 3071 1034 3156 nt
1070 3075 1149 3159 hoo
1177 3069 1422 3156 intuendum
1451 3071 1532 3168 ast,
1571 3065 1668 3175 quia

252 3202 327 3286 ista
355 3202 563 3311 quantitas
591 3200 858 3288 adiectiones
885 3209 926 3287 et
951 3204 1207 3314 responsoria
1231 3207 1274 3287 at
1301 3199 1479 3311 psalmos
1502 3184 1666 3286 attinet.

253 3331 545 3416 Verumtamen
571 3333 779 3417 selendum
802 3339 878 3437 est,
907 3336 1003 3446 quia
1027 3336 1164 3420 Coena
1189 3333 1356 3419 Domini
1379 3335 1424 3415 et
1449 3329 1667 3414 Paraseeve
1774 3397 1777 3402 .
1911 3316 1915 3326 ¹

251 3467 292 3546 et
331 3462 555 3548 Sabbatum
600 3470 786 3550 sonetum
828 3471 871 3550 et
911 3467 1067 3553 Pasoha
1105 3465 1156 3552 ad
1174 3509 1180 3522 ·
1197 3464 1477 3581 solennitates
1516 3461 1667 3546 Christi

250 3594 410 3684 attinet.
468 3595 623 3682 Dahis
661 3603 839 3708 quatuor
875 3598 1016 3685 diebus
1055 3598 1280 3684 diffinitum
1319 3600 1380 3680 est
1407 3595 1450 3680 in
1480 3596 1666 3700 eoneilio,
1807 3689 1810 3714 ,Ι

250 3733 297 3810 ut
322 3727 503 3815 olfieium
532 3730 753 3816 seeundum
785 3759 996 3817 romanam
1033 3730 1246 3818 ecelesiam
1275 3733 1448 3814 canatur
1476 3727 1664 3838 pleniter,
1732 3744 1736 3751 ’

250 3863 294 3941 et
306 3886 389 3942 uon
402 3858 621 3944 seeundum
640 3862 826 3973 regulam
845 3891 870 3949 a
886 3861 1109 3948 monachis.
1125 3859 1279 3946 Verum
1295 3865 1393 3944 sunt
1401 3857 1665 3945 studiosiores

251 3985 450 4090 rnonaelri,
472 3984 598 4099 quiin
614 3988 676 4074 his
692 3995 869 4098 quatuor
886 3992 1028 4077 (liebus
1046 3993 1195 4078 nolunt
1212 3991 1434 4076 seeundum
1453 4014 1662 4072 romanam

249 4116 509 4203 traditionem
539 4144 675 4228 agere,
705 4118 776 4204 sed
805 4120 1028 4206 seeundum
1057 4120 1245 4230 regulam
1266 4117 1443 4231 pleniter
1471 4118 1664 4220 dieentes,

249 4246 357 4357 quin,
385 4247 420 4333 si
442 4248 486 4333 in
508 4249 599 4336 aliis
624 4249 768 4337 diebus
791 4279 873 4337 uon
896 4251 1224 4363 transgredimur
1246 4250 1430 4361 regulam
1450 4247 1494 4332 in
1515 4247 1663 4332 officiis

248 4376 454 4483 esnendis,
482 4409 560 4468 neo
588 4381 714 4470 etiarn
744 4382 906 4469 inistis
934 4386 1114 4495 quatuor
1142 4382 1285 4470 diebus
1313 4380 1499 4468 uolumus
1519 4365 1665 4464 'trans
1817 4421 1844 4500 '.
1931 4351 1937 4364 ⁸

246 4509 375 4617 gredi,
432 4511 563 4618 Nam,
603 4513 712 4604 sient
738 4515 840 4602 mihi
866 4514 1050 4620 ridetur,
1091 4513 1237 4641 melius
1278 4517 1363 4616 est,
1403 4516 1451 4596 ut
1490 4509 1533 4644 in
1572 4508 1663 4596 istis

250 4733 510 4753 Ἀ--ιιι-αὑιιιι

332 4865 361 4956 ¹)
382 4865 524 4956 agenda
545 4867 630 4938 runt
650 4865 707 4961 (t).
1306 4925 1310 4934 .
1345 4917 1349 4926 -

334 4975 362 5066 )
384 4975 530 5050 Boetius
548 4975 640 5052 torte
656 4977 882 5051 scribendum
895 4983 991 5053 erat·
1014 4981 1218 5056 Nocturnae
1227 4985 1261 5052 et
1274 4976 1470 5050 matutinus
1482 4981 1516 5048 et
1529 4976 1661 5068 priora,

245 5084 367 5168 tertio
389 5097 505 5173 meto,
530 5107 644 5178 norm,
672 5107 833 5181 vespero,
864 5099 904 5164 et
920 5091 1028 5166 oraro
1053 5101 1087 5167 et
1113 5085 1375 5219 eompletorium
1397 5085 1485 5160 oe
1468 5097 1566 5202 apros
1587 5075 1662 5160 tes
1788 5153 1792 5161 .

244 5203 383 5272 monos
402 5199 619 5364 pertineatis
641 5197 790 5274 amnuo
811 5205 903 5275 suat.
1591 5226 1601 5242 ·
1755 5199 1761 5218 ¹
