3968 5774
814 139 895 232 cap.
920 141 1064 216 xxvn.
1212 131 1215 138 ’
1563 153 1642 234 359

243 371 283 448 et
313 361 417 444 tilulo
456 360 643 468 exemplo
678 363 982 472 persequemlo,
1011 364 1035 446 i.
1068 392 1102 446 e.
1132 363 1252 446 bonis
1289 371 1362 448 out
1400 366 1644 452 invidebutis

242 500 311 578 sirit
351 520 425 600 prr
453 475 847 574 vcontabulationem
891 503 1063 576 vestram
1113 495 1223 578 malo
1271 497 1458 605 oxernplo
1499 497 1643 606 perde·
1756 605 1761 615 .

244 623 365 719 botis,
403 647 523 730 super
554 620 689 736 circulos·
710 629 845 706 antem
877 652 1015 709 curam
1058 633 1099 710 et
1137 609 1453 742 sollicitudiuem
1482 629 1533 712 ml
1562 629 1643 710 serl-

243 752 413 838 vandmu
450 780 533 836 uon
572 749 797 839 habebatis.
856 754 961 840 Num
999 783 1202 840 assumere
1239 758 1281 840 in
1320 758 1397 842 hoc
1438 759 1529 842 loeo
1572 789 1643 868 pro

241 883 393 967 slrsobns
423 880 552 963 modis
580 881 798 992 accipitur,
828 886 854 973 i.
883 917 917 971 e.
946 893 1018 970 orit
1048 890 1235 998 exemplo
1264 893 1335 972 ertit
1364 887 1528 973 invidia.
1590 891 1644 972 nt

241 1016 315 1096 hoo
344 1011 566 1094 notandum
596 1019 677 1111 est,
708 1015 804 1122 qnia
841 1017 946 1100 sieut
964 1019 1266 1116 -comminatur,
1296 1019 1482 1126 eoquod
1513 1021 1641 1102 rrralos

240 1153 279 1227 et
311 1141 567 1252 negligentes
597 1172 678 1226 non
709 1147 929 1248 curabant,
961 1148 1019 1231 ita
1054 1148 1178 1232 etium
1216 1151 1516 1254 connninatur,
1546 1151 1641 1258 quia

243 1281 364 1358 nouos
393 1283 467 1358 aut
494 1273 681 1382 exeurplo
710 1274 962 1360 sationalia
991 1281 1349 1386 persequebantur.

351 1404 567 1514 Sequitur:
616 1409 652 1486 rt
683 1407 876 1507 pastoris·
908 1407 1001 1490 lumi
1034 1409 1153 1512 pium
1193 1412 1366 1493 incitetur
1408 1409 1643 1514 rrerrprlum,

239 1540 305 1644 qui
333 1534 481 1618 relictis
509 1536 730 1639 erorrupiuta
761 1565 896 1619 reorum
926 1537 1135 1633 orilnmin
1163 1542 1361 1622 nroruilms
1380 1541 1492 1638 olriil,
1521 1568 1661 1630 reuersa,

238 1694 342 1750 oum
378 1692 478 1772 perae
519 1673 725 1750 errorernt
767 1693 979 1770 occurrere,
1008 1669 1121 1773 crrjrre
1159 1669 1388 1774 irrsu'rmiluti
1417 1669 1457 1752 in
1489 1675 1666 1752 larrium.

238 1822 467 1900 cornpnssus
495 1801 576 1896 est,
605 1803 648 1877 ut
676 1823 764 1879 carn
794 1795 834 1878 in
871 1797 1003 1878 seceris
1039 1797 1214 1883 terrueris
1236 1801 1324 1884 serie
1364 1800 1580 1904 iruponcret
1608 1806 1643 1881 el

239 1929 295 2009 sio
322 1931 543 2029 reportaret
570 1927 627 2010 ud
651 1952 822 2032 propera.
870 1927 977 2010 llenc
1007 1930 1236 2038 externplnm
1267 1929 1431 2013 Domini
1461 1929 1520 2012 illi
1552 1957 1643 2037 pru·

240 2059 383 2168 posuit,
414 2058 529 2166 eujus
551 2057 676 2140 ricem
700 2085 820 2165 ogero
836 2059 921 2166 jum
946 2060 1130 2168 superius
1150 2059 1209 2142 illi
1225 2059 1485 2145 imliourernt.
1528 2057 1644 2141 Sicut

237 2190 339 2272 enim
375 2184 571 2272 Dourinas
606 2187 759 2270 relictis
801 2186 997 2292 angelicis
1037 2190 1308 2296 potestatibus
1347 2189 1390 2273 in
1422 2188 1641 2286 inmitibus,

237 2321 261 2402 i.
291 2349 324 2404 e.
354 2318 394 2401 in
425 2317 617 2416 excelsis,
646 2322 689 2398 et
720 2317 830 2400 verrit
860 2319 900 2400 in
931 2325 1102 2420 terrum,
1140 2348 1331 2428 quaerere
1361 2350 1481 2403 ruriam
1513 2348 1641 2418 oreta,

238 2451 262 2539 i.
290 2480 323 2534 e.
353 2447 575 2532 lmmanum
606 2473 749 2556 genas,
780 2446 889 2556 quod
920 2475 992 2556 per
1021 2451 1173 2554 primae
1202 2451 1346 2560 orrlpue
1376 2453 1565 2534 nroritnm
1589 2451 1642 2530 uls

107 2625 112 2636 ·
235 2582 305 2664 illa
349 2580 588 2663 celsitudine
637 2577 959 2660 immortulitatis
1000 2586 1041 2661 et
1083 2610 1107 2663 a
1146 2581 1353 2663 consortio
1401 2581 1639 2692 eurigelor‘um
1748 2574 1752 2581 ’

235 2711 406 2810 errarit,
443 2711 500 2794 itu
542 2715 583 2793 et
617 2708 743 2792 ublms
783 2708 906 2790 debet
941 2737 1080 2793 curam
1120 2712 1318 2795 bonorum
1352 2712 1640 2795 monachorum
1674 2804 1677 2808 ⁷

235 2842 440 2941 «teserem,
470 2843 538 2950 quii
579 2869 649 2951 per
691 2841 838 2923 bonam
880 2842 1230 2926 conversationem
1268 2845 1311 2924 ia
1351 2841 1517 2926 excelsis
1546 2871 1641 2928 oon·
1735 2911 1737 2914 ,

234 2971 397 3072 sistrmt,
427 2973 533 3055 siout
562 2971 661 3055 dicit
688 2971 898 3081 apostolus
932 2970 1100 3054 Paulus:
1140 2971 1296 3056 Nostra
1324 2979 1456 3056 aedom
1476 2999 1639 3058 correer-

233 3103 335 3185 eu‘io
362 3102 404 3184 iu
435 3101 553 3186 coelis
581 3110 650 3187 est.
691 3103 745 3185 Et
773 3101 864 3185 ideo
894 3102 1169 3186 delectantes
1198 3132 1337 3186 euram
1360 3103 1476 3218 ‘illius
1504 3103 1641 3187 fratris
1679 3127 1681 3131 ·
1806 3121 1813 3138 ·

234 3233 382 3317 infirmi
419 3234 570 3319 habere
602 3239 644 3316 et
674 3264 834 3318 ornnem
874 3232 1215 3334 sollieitmlinem,
1259 3235 1388 3350 donoc
1429 3243 1640 3317 revocetur

232 3363 281 3444 nal
301 3364 411 3448 illum
428 3365 776 3449 conversationem
793 3365 1057 3466 celsitudinis,
1088 3393 1211 3474 qumn
1229 3365 1353 3448 ceteri
1377 3363 1471 3448 boni
1489 3365 1633 3448 l‘rutros

233 3495 397 3582 liabent.
457 3493 580 3580 Forte
619 3487 720 3580 dicit
758 3495 926 3606 aliquis:
966 3497 1179 3596 Quomodo
1217 3500 1336 3606 ponit
1364 3497 1640 3605 abbas'supor

1360 3575 1371 3660 l

232 3623 441 3710 lmmermn
465 3656 583 3711 suum
607 3657 737 3730 orem,
769 3630 794 3716 i.
819 3656 853 3712 e.
884 3626 1129 3710 risonaclnnn
1150 3633 1382 3711 errantem?
1410 3627 1636 3736 Cognoseo,

231 3759 326 3865 quia
354 3765 451 3843 tnnc
480 3757 662 3846 Christus
691 3767 895 3843 errantem
919 3787 1034 3845 ovem
1061 3760 1274 3868 qnaesivit,
1305 3761 1329 3848 i.
1351 3791 1385 3844 e.
1412 3759 1635 3844 hurnanmn

230 3916 484 3998 genas,cun1
507 3918 670 3975 carnem
689 3890 867 3976 hominis
894 3893 1098 4001 suscipere
1118 3893 1312 4004 dignatus
1336 3898 1409 4024 est,
1439 3903 1480 3976 et
1497 3921 1636 4001 repor-

229 4022 332 4107 tavit
368 4023 420 4122 ad
459 4051 648 4136 gregem,
689 4023 714 4107 i.
746 4054 780 4108 e.
821 4023 872 4108 ad
909 4023 1115 4135 angelicas
1153 4029 1398 4134 potestates,
1429 4052 1521 4108 cum
1565 4051 1636 4132 per

229 4154 523 4240 incarnationis
566 4157 805 4266 mysterium
856 4157 1080 4241 humanum
1122 4183 1253 4266 genus
1296 4155 1468 4275 redemit
1506 4163 1548 4236 ct
1586 4155 1670 4236 ml·
1747 4203 1757 4213 ··

218 4288 359 4384 ,coelos
387 4286 583 4372 aseendit.
640 4288 714 4370 Cui
751 4285 1077 4398 respondendam
1114 4293 1200 4370 est:
1237 4295 1335 4370 tuno
1364 4279 1490 4370 abhus
1521 4314 1635 4367 ovem

228 4419 453 4503 morbidam
496 4417 522 4502 i.
564 4447 598 4505 e.
640 4419 886 4502 morraclnnn
929 4418 1209 4528 negligentem
1251 4447 1373 4528 super
1422 4415 1635 4501 lunnermu
1721 4459 1722 4462 κ

228 4578 342 4634 suum
372 4553 503 4662 ponit,
532 4578 624 4635 cum
655 4549 904 4660 compatitur
932 4551 1018 4658 eius
1046 4549 1279 4643 infirmitati
1309 4559 1352 4632 et
1373 4577 1445 4658 pro
1464 4576 1512 4629 eo
1530 4545 1637 4629 al'fli·
1670 4655 1673 4666 Ι

227 4679 352 4790 gitur,
381 4691 423 4766 et
451 4711 541 4768 eum
559 4682 699 4768 studet
712 4683 943 4784 admonere,
965 4686 1008 4765 et
1028 4686 1173 4779 cetero,
1204 4709 1309 4792 quiae
1329 4679 1379 4762 ml
1405 4678 1634 4786 regularem
1709 4693 1711 4696 ’
1756 4745 1759 4752 ,

192 4907 195 4914 ¹
228 4810 409 4896 ordinem
437 4813 630 4914 attinent,
659 4811 968 4897 circumlatam
1000 4809 1109 4894 illins
1138 4838 1260 4920 agore
1289 4808 1437 4892 stmlet.
1495 4805 1637 4892 Solen·

227 4939 322 5024 dum
362 4949 424 5028 ost
463 4944 600 5047 enim,
638 4943 734 5053 qnia
773 4941 929 5042 dahac
957 4940 1236 5058 separatione,
1272 4967 1353 5047 qua
1380 4939 1434 5024 ab
1464 4968 1536 5042 eo,
1566 4941 1637 5050 qui

203 5071 385 5180 'publice
413 5075 809 5175 excommunicatur,
851 5069 974 5158 ceteri
1003 5086 1257 5181 separantur,
1288 5068 1413 5190 etiam
1445 5067 1637 5154 instituta
