3930 5788
275 166 416 312 auos
917 216 1172 364 esurus¹

299 440 343 522 in
371 437 474 522 cibis
503 439 784 549 ministrundis
812 439 1065 550 hospitibus,
1110 444 1160 524 nt
1186 467 1238 526 ex
1266 439 1346 523 boc
1385 439 1535 522 fretrus
1560 465 1716 522 morsm

300 571 513 680 patiantur
548 570 722 656 exeundi
757 570 810 656 dc
846 571 1079 658 refectorio.
1151 570 1269 670 Quod
1312 598 1410 656 sero
1427 567 1549 653 'dicit
1588 567 1718 674 pedes

299 697 499 804 hospitum
526 705 668 785 uincto
696 701 948 810 couprcpolio
970 699 1086 803 leuet,
1116 699 1297 810 perdice
1327 699 1501 784 vicissim
1526 696 1719 784 discretio

272 828 494 913 ¹iacienda
522 834 599 915 est.
657 827 746 914 Ista
774 833 884 916 enim
913 831 1038 917 debet
1064 860 1151 916 esse
1169 823 1374 916 discrelio
1401 829 1446 913 iu
1469 827 1719 938 'pauperibus

170 1015 175 1024 ·
300 959 585 1070 suscipiendis,
614 963 642 1048 i.
670 991 707 1046 e.
735 963 773 1047 si
800 963 882 1048 dno
911 963 1088 1046 veltres
1116 961 1326 1057 uenerint,
1353 957 1426 1042 alii
1452 957 1621 1058 debiles,
1648 959 1717 1042 alii

120 1103 124 1112 '
187 1115 201 1168 ·.
299 1089 403 1188 sani,
427 1088 579 1174 debiles
604 1094 736 1202 magis
759 1093 882 1177 debet
904 1094 1113 1200 adjurare,
1141 1091 1174 1174 si
1199 1118 1283 1174 non
1307 1095 1447 1200 potest
1468 1087 1719 1202 omnibns,¹)

300 1211 329 1306 i.
358 1248 394 1306 c.
422 1221 536 1330 sonis
560 1227 604 1305 et
631 1222 848 1308 debilibus.
906 1223 1012 1306 Nasu
1053 1223 1161 1332 epnd
1203 1249 1278 1304 nes
1314 1221 1367 1304 ad
1397 1220 1544 1303 horam·
1570 1246 1717 1304 norum

193 1373 199 1386 ·
284 1351 580 1460 'suscipiuntur
608 1350 815 1463 bospites;
844 1348 990 1464 quodsi
1012 1354 1115 1436 'talis
1135 1353 1294 1438 venerit
1311 1357 1465 1462 postea,
1494 1379 1578 1432 non
1607 1351 1719 1460 ejicit

218 1489 243 1572 ’,
295 1484 383 1595 jans
412 1489 623 1594 susceptos
651 1513 727 1595 pro
755 1483 828 1569 illo
857 1483 996 1586 debili,
1038 1513 1133 1566 unns
1161 1483 1197 1567 si
1225 1488 1360 1592 potest
1388 1482 1561 1568 debilem
1592 1483 1720 1566 susci·

301 1641 419 1722 pere,
456 1613 647 1724 suscipit,
686 1615 751 1698 sin
780 1615 905 1712 alius,
946 1615 1047 1699 dicit
1075 1614 1137 1699 illi
1165 1614 1316 1715 debili,
1355 1621 1404 1698 nt
1430 1613 1614 1696 inueniat
1640 1614 1717 1696 sibi
1851 1710 1853 1713 ,
1952 1624 1953 1643 ¹

300 1743 422 1828 sliam
453 1744 736 1847 mensionem,
773 1746 1002 1856 quisalius
1029 1748 1115 1858 jans
1146 1753 1358 1855 susceptos
1387 1731 1611 1850 habemns.)
1651 1743 1719 1830 Sic

302 1875 409 1961 enirn
441 1877 613 1962 lecimus
640 1876 730 1989 (de)
761 1877 888 1984 pedes
915 1879 1055 1963 lucore
1094 1877 1361 1988 pauperibus,
1405 1877 1431 1960 i.
1460 1906 1496 1963 e.
1525 1877 1608 1980 illi,
1648 1877 1720 1987 qui

303 2009 484 2095 oderunt
511 2010 555 2092 in
584 2009 729 2094 dicad
762 2011 937 2113 missam,
966 2011 1029 2095 illi
1057 2011 1183 2096 etiam
1211 2014 1308 2118 post
1327 2036 1536 2118 vesperam
1564 2010 1719 2093 radunt
1810 2041 1814 2046 ·

302 2141 426 2250 pedes
458 2141 705 2251 pauperibus
734 2141 885 2244 lavare,
920 2153 962 2227 ct
985 2141 1193 2227 carrmndo
1221 2141 1363 2224 levarit
1392 2141 1527 2251 pedes,
1556 2145 1599 2222 et
1628 2152 1719 2248 post

212 2365 216 2372 ,
302 2271 411 2355 lotos
441 2273 563 2382 pedes
594 2274 781 2375 miscent,
808 2280 851 2356 ct
878 2280 974 2385 post
1002 2274 1174 2356 miseere
1190 2273 1333 2356 dicunt
1349 2269 1531 2380 capitula
1559 2275 1603 2350 et
1629 2296 1717 2350 orn·

240 2506 245 2514 ,
301 2401 456 2485 tionem
496 2402 625 2487 banc:
668 2402 819 2486 Adesto
852 2401 1022 2486 Doruiuc
1062 2404 1195 2510 officio
1232 2404 1437 2488 sospitetis
1475 2409 1637 2484 »nostroe
1675 2411 1719 2484 et

303 2531 417 2640 reliq.
478 2529 581 2615 lteur
610 2533 645 2617 si
680 2533 832 2617 desunt
871 2560 1069 2644 pauperes
1109 2535 1159 2616 de
1197 2534 1344 2644 louge,
1385 2533 1534 2640 quibus
1574 2531 1718 2613 lavetis

228 2753 232 2768 ⁸
306 2661 449 2772 pedes,
489 2669 532 2746 et
563 2664 682 2748 vicini
714 2663 838 2748 vestri
871 2663 1059 2748 venerint
1095 2665 1148 2747 ad
1186 2664 1483 2748 monasterinm
1523 2673 1714 2760 restrum,

306 2789 332 2879 i.
352 2819 388 2878 e.
409 2791 512 2877 isles
528 2793 664 2896 ricini,
694 2795 765 2903 qui
788 2793 1009 2900 habuerint
1028 2793 1197 2878 nimiam
1215 2795 1500 2905 indigentiam,
1530 2792 1715 2902 quumvis

140 2981 149 3002 .
190 2993 195 3006 .
307 2923 429 3008 sicini
447 2927 571 3008 vestri
600 2925 686 3010 sint
713 2925 773 3008 illi
804 2953 1014 3034 pauperes,
1044 2930 1181 3009 tumen
1209 2927 1243 3010 si
1262 2928 1317 3011 ibi
1347 2929 1390 3010 in
1416 2934 1552 3011 vestro
1579 2924 1718 3034 hospi·
1852 2951 1855 2956 ·

144 3123 148 3132 .
306 3053 380 3138 tali
410 3057 647 3160 manserint,
675 3085 725 3142 eo
753 3057 863 3168 quod
894 3063 1084 3160 manent,
1121 3059 1255 3143 levare
1283 3059 1365 3142 illis
1392 3057 1551 3142 debetis
1579 3056 1714 3166 pedes,

305 3185 412 3271 sient
440 3187 818 3299 longinquisque
848 3219 931 3274 nou
950 3191 1181 3275 custoditur
1199 3189 1485 3302 propinquitas
1513 3189 1606 3292 loci,
1634 3216 1716 3298 qno

122 3389 127 3398 .
306 3319 501 3418 veniunt,
544 3320 614 3403 sed
643 3325 823 3424 mansio,
861 3325 959 3433 quin
996 3325 1335 3436 (quultmnneut.
1392 3320 1447 3406 Et
1475 3350 1558 3408 non
1586 3320 1715 3405 solnm

188 3507 191 3516 .
306 3451 396 3536 istis
426 3449 673 3564 pauperibus
702 3453 846 3540 uicinis
870 3443 946 3566 pro
974 3457 1215 3541 necessitate
1231 3455 1370 3539 lavere
1397 3452 1556 3538 debetis
1583 3451 1718 3562 pedes,

307 3612 446 3668 serum
475 3585 601 3669 etium
632 3585 711 3670 illis
739 3585 995 3693 bonrinibus,
1024 3617 1127 3697 quos
1157 3617 1228 3672 ros
1255 3587 1434 3698 pascitis,
1465 3594 1509 3670 et
1536 3583 1717 3696 qnotidie

305 3717 349 3798 iu
377 3721 515 3802 vestro
545 3720 793 3804 monasterio
818 3730 939 3822 suut,
974 3719 1133 3804 debetis
1160 3722 1298 3806 lavare
1325 3719 1471 3830 pedes,
1500 3725 1550 3802 nt
1577 3716 1718 3826 regula

303 3835 590 3960 ndimpleatnr.
672 3853 676 3860 '

417 3982 631 4091 Sequitur:
660 3979 902 4086 Hospiiibns
930 3989 1075 4076 orrtcrn,
1104 3983 1170 4065 cui
1193 4010 1271 4069 nou
1289 3981 1557 4087 praecipitur,
1584 3975 1718 4061 urdin-

252 4147 257 4159 ·
306 4117 422 4206 tenus
449 4110 632 4194 societur.
647 4121 771 4218 rrcqsrc
795 4111 1053 4218 colloquatur,
1081 4111 1155 4195 sed
1177 4112 1216 4197 si
1239 4111 1454 4195 obcluserit
1472 4115 1545 4193 out
1561 4108 1717 4205 uiderit,

307 4241 498 4324 salutatis
525 4239 742 4339 ursaniae,
771 4246 815 4324 ut
841 4240 991 4324 dictum
1019 4249 1091 4339 esi,
1118 4246 1155 4322 et
1175 4243 1305 4345 petilo
1334 4221 1602 4324 berrerlicliosrc
1619 4263 1718 4342 per·

190 4433 193 4444 .
309 4375 492 4452 transcat
528 4370 686 4472 diceus,
723 4371 804 4456 sibi
828 4397 908 4455 nou
937 4370 1056 4456 licere
1082 4367 1250 4476 colloqui
1279 4397 1369 4454 cunr
1406 4370 1571 4475 bospite.
1628 4367 1719 4452 Hoc

307 4499 418 4608 quod
457 4498 558 4584 dicit
601 4509 638 4584 et
675 4505 816 4606 petito·
845 4504 1113 4588 boreclictionc
1143 4509 1403 4608 pertransent
1440 4503 1601 4604 diceus,
1640 4499 1719 4583 sibi

306 4655 387 4712 nou
404 4628 524 4716 licere
537 4628 705 4740 colloqui
719 4661 807 4718 urin
818 4634 986 4742 bospite,
1007 4633 1066 4719 itn
1081 4633 1416 4742 distinguendum
1432 4640 1494 4720 est
1505 4641 1521 4718 r‘
1537 4631 1719 4744 [Dicens

309 4759 557 4872 distinctius]
595 4765 783 4878 deiude²)
820 4765 1007 4868 annecti,
1042 4764 1122 4848 sibi
1150 4796 1234 4853 uon
1264 4768 1384 4854 licere
1419 4768 1596 4877 colloqui
1625 4761 1733 4851 curn

398 5069 648 5162 nummu
1239 5169 1241 5176 J

397 5183 427 5274 ι)
447 5179 595 5272 Aliquid
616 5179 785 5254 ominum
807 5203 883 5256 esse
903 5182 1056 5258 videtur.
1201 5259 1205 5271 ,
