4002 5792
277 186 368 276 '606
428 183 470 274 ',
772 233 777 242 ·
831 222 835 230 ·
885 182 1117 280 omme.

73 411 76 418 ⁵
114 345 123 412 δ’
280 411 328 492 '⁸⁴⁶
354 353 506 516 ⁰²le
535 395 764 516 nauare
789 405 853 494 ect
878 397 1044 514 barnee
1080 389 1482 510 elambueritenbee
1505 406 1693 514 pectine«

22 601 37 674 ‘.
151 539 160 554 “
284 541 528 648 reepmrdcat
565 545 637 626 aut
676 537 881 632 benedicat
917 544 961 623 et
994 537 1089 642 iel.;
1117 529 1389 652 intelligitur,
1418 537 1517 650 quia
1543 563 1699 648 pauper

284 670 457 774 clamat,
485 671 599 788 dives
626 671 775 783 pulsat.
832 671 950 790 Quod
978 671 1088 754 enim
1117 671 1242 759 dicits
1284 670 1490 760 benedicat
1516 677 1554 754 et
1580 659 1698 754 seeo

182 790 187 802 ’
281 801 466 910 pretias«
497 801 741 908 respondeat
767 850 822 870 -
849 802 1054 889 benedicat
1079 803 1132 887 ad
1154 803 1302 888 divites
1321 803 1387 904 vel
1414 807 1605 915 potentes
1631 806 1698 900 at-

63 1023 70 1038 ,
241 1051 245 1058 ‚
286 936 406 1047 tinet,
435 931 527 1018 Dea
550 935 710 1040 pretias
736 933 789 1020 ad
817 962 1029 1046 pauperes.
1087 931 1324 1018 Notandum
1355 939 1437 1038 est,
1465 935 1564 1044 qnia
1590 933 1701 1016 istud

285 1063 490 1150 benedicat
539 1063 692 1156 <licitur
738 1093 815 1176 pro
860 1064 1046 1167 benedic,
1084 1062 1112 1147 i.
1142 1081 1189 1154 ·e.
1235 1092 1315 1174 pro
1357 1064 1602 1174 imperativo
1647 1085 1735 1136 .·-‚

115 1185 133 1328 ‚⁴
217 1259 220 1266 ,
284 1193 400 1303 quasi
429 1193 605 1280 diceret:
635 1198 752 1302 petat
778 1195 1107 1288 benedictionem
1137 1202 1182 1279 et
1207 1191 1296 1280 Deo
1324 1195 1482 1305 gratias
1508 1194 1671 1278 reserat.

395 1321 610 1432 Sequitur:
652 1326 729 1430 Qeei
755 1327 969 1430 portarius
994 1325 1035 1408 si
1054 1325 1207 1432 indipet
1227 1323 1387 1427 solatio,
1405 1323 1614 1428 inertiorem
1629 1347 1697 1404 ac·

284 1454 410 1558 eieciat
434 1452 627 1566 fratrem..
651 1455 951 1540 Monasteeinm
980 1462 1126 1558 aedani,
1153 1455 1193 1540 si
1216 1456 1349 1561 possit
1376 1454 1485 1560 fieri,
1512 1453 1572 1534 ita
1591 1449 1702 1533 debet

37 1587 42 1602 ’
182 1619 186 1626 ·
285 1585 529 1694 constitni,¹)
556 1591 599 1667 nt
621 1591 757 1671 mencio·
772 1592 1017 1692 necessaria,
1044 1589 1072 1676 i.
1091 1617 1127 1673 e.
1149 1614 1273 1694 opera,
1293 1583 1579 1683 rneotnrdinnm,
1607 1583 1702 1666 bar·

188 1723 194 1734 '
284 1725 371 1820 tus,
393 1717 619 1822 nictantem
654 1719 716 1802 eet
753 1725 864 1804 artes
901 1720 1086 1830 dieersoc
1112 1723 1226 1805 intra
1258 1715 1547 1801 mcerasterimn
1585 1737 1702 1797 exer·

286 1854 463 1950 ceantur,
491 1853 535 1929 nt
563 1874 643 1934 eren
672 1850 726 1932 sit
752 1852 970 1934 necessitas
996 1851 1204 1936 moeeocbis
1232 1850 1412 1957 eapundi-
1434 1846 1577 1951 soros,
1605 1845 1701 1950 quia

157 1989 159 1996 '
243 1981 446 2096 '‘mererinc
472 2003 552 2062 nen
580 1981 742 2084 expedit
768 1981 987 2064 coriambus
1013 2007 1163 2068 eornm.
1210 1978 1335 2064 Hanc
1361 1983 1493 2062 arimin
1519 1972 1700 2082 repedans

283 2109 450 2214 samnius
483 2108 666 2194 celerinus
699 2111 745 2194 iu
782 2113 1086 2239 concrepatione
1124 2111 1226 2220 lepi,
1254 2139 1306 2194 ne
1338 2109 1430 2216 quis
1452 2107 1632 2212 fratnnn
1660 2129 1703 2186 sc
1755 2153 1757 2156 -

284 2242 335 2325 de
370 2243 605 2349 innocentia
649 2249 820 2327 occurset.
900 2243 1020 2342 Quod
1068 2246 1180 2328 enim
1231 2243 1334 2326 dicit
1377 2239 1544 2346 saepius
1591 2235 1702 2320 coln·

283 2398 375 2457 euns
411 2371 490 2483 topi
524 2373 630 2458 tenere
669 2374 875 2482 repedans,
904 2376 956 2457 de
983 2374 1208 2460 traditione
1246 2373 1414 2484 regulae
1449 2371 1576 2472 dicit,
1604 2372 1703 2481 qnia

118 2559 124 2568 -
286 2503 389 2587 nihil
421 2505 532 2588 ualet
567 2506 640 2590 illu
680 2507 826 2608 lectio,
869 2506 948 2590 uisi
990 2508 1116 2591 inerit
1156 2509 1245 2618 ejus
1288 2502 1458 2588 traditio
1500 2501 1700 2587 adhibita.

284 2633 402 2719 Istud
431 2664 548 2738 vero,
585 2637 697 2746 qnod
726 2637 828 2720 dicit
853 2639 1166 2740 menrastceiuen,
1203 2638 1242 2720 si
1263 2637 1399 2742 possit
1422 2635 1519 2740 fieri
1545 2640 1590 2717 et
1616 2631 1702 2728 rel,

284 2795 368 2852 nou
400 2773 535 2866 vetut,
563 2771 612 2849 nt
639 2765 810 2848 omuino
838 2768 881 2852 in
911 2767 988 2852 teli
1015 2768 1108 2852 loco
1135 2769 1212 2872 eit,
1241 2774 1288 2849 nt
1321 2765 1394 2849 illu
1426 2764 1569 2848 omnia
1603 2790 1701 2847 con·

144 2895 153 2913 '
284 2895 475 3005 gruentio
495 2893 660 2995 habeat,
687 2923 792 3004 quae
816 2897 938 2980 dicit:
968 2898 994 2980 i.
1023 2925 1061 2984 e.
1090 2926 1211 3008 aqum,
1240 2893 1521 2979 molendinum
1550 2901 1593 2976 et
1615 2889 1701 2990 rel,
1830 2963 1833 2970 .

18 3065 22 3070 ’
61 3013 64 3020 ’
106 3069 110 3074 ·
141 3033 149 3115 f
285 3023 473 3134 eoquod
502 3025 623 3108 dicit:
661 3025 700 3106 si
722 3027 856 3130 posen
878 3027 995 3130 fieri3
1023 3027 1095 3111 sed
1131 3026 1351 3136 quominus
1379 3021 1607 3106 successoria
1635 3045 1699 3100 re-

112 3147 118 3160 '
170 3163 174 3172 '
285 3153 502 3262 pertruuntur
529 3153 601 3257 ibi,
631 3153 766 3238 minus
794 3155 921 3239 debet
948 3155 1049 3239 illud
1080 3156 1372 3240 morresterinm
1389 3149 1614 3235 aedilicari.
1645 3146 1697 3239 ,Si
1741 3232 1743 3235 ,

148 3395 152 3402 Ι
185 3337 188 3340 -
222 3279 225 3289 ’
286 3288 425 3366 notem
464 3282 558 3365 talis
595 3285 775 3391 estjam
804 3283 1044 3389 illelocns,
1076 3286 1210 3371 ntuil
1238 3279 1636 3380 dehishnbeat,i.
1666 3304 1701 3358 e.

119 3402 123 3408 ⁴
254 3415 414 3524 ¹usqua,
445 3411 747 3516 molendinum,
784 3415 1002 3524 pistrinum
1031 3425 1076 3500 et
1103 3418 1201 3524 rel,
1241 3442 1346 3526 qune
1381 3411 1425 3498 S.
1454 3407 1702 3496 Benedictus

286 3545 409 3649 dicit,
438 3545 554 3628 nullo
595 3545 717 3630 modo
756 3547 877 3630 debet
914 3549 1110 3635 construi.
1167 3546 1462 3631 Verumtamen
1491 3541 1701 3628 sciendum

101 3771 104 3780 ,
173 3663 178 3676 ’
287 3685 361 3780 est,
391 3679 488 3788 qnia
516 3677 597 3777 ille,
628 3677 698 3787 qni
720 3681 926 3764 construit
949 3680 1258 3782 uroruusterium,
1286 3677 1410 3760 debet
1427 3675 1543 3759 illum
1565 3673 1699 3759 locum
1799 3657 1850 3729 -’

113 3911 119 3922 ,
288 3809 503 3921 providere
532 3809 861 3900 et‘oousiderare
881 3814 1173 3924 congruentias
1196 3814 1242 3895 et
1257 3809 1571 3894 contrarietates
1593 3806 1702 3889 illius

288 3944 369 4028 loci
397 3926 518 4045 ante,
546 3955 590 4024 et
616 3943 755 4026 omnin
782 3943 953 4056 insuper
980 3945 1103 4029 debet
1130 3949 1391 4030 constructor
1419 3942 1641 4052 inspicere,
1668 3938 1701 4020 si

288 4104 375 4159 uon
403 4080 467 4158 est
495 4072 565 4158 ille
592 4073 706 4158 locus
735 4076 778 4157 iu
808 4076 883 4160 toli
913 4078 1016 4181 loco,
1045 4077 1117 4161 nbi
1144 4073 1485 4185 impedimentum
1516 4072 1697 4179 patiatur

287 4233 312 4288 n
340 4230 439 4314 rege
465 4210 539 4289 ont
562 4231 588 4287 a
615 4204 766 4289 comite
782 4206 846 4289 vel
868 4209 1075 4319 episcopo,
1099 4207 1227 4291 veluti
1243 4211 1306 4288 est
1327 4205 1455 4304 locus,
1483 4202 1554 4311 qni
1574 4228 1701 4310 prope

287 4341 350 4420 est
381 4333 433 4418 de
460 4341 576 4419 carte
604 4335 713 4444 regis
741 4340 814 4418 ant
841 4337 1024 4447 episcopi
1052 4345 1126 4420 out
1152 4333 1338 4434 comitis,
1366 4360 1416 4416 eo
1456 4331 1566 4440 quod
1595 4328 1701 4412 solet

287 4495 364 4577 pro
391 4463 545 4548 talibus
574 4465 759 4574 personis
777 4465 1115 4573 impedimentum
1138 4467 1224 4577 pati
1245 4465 1359 4548 locus
1385 4461 1470 4560 ille,
1490 4473 1564 4544 ont
1591 4465 1701 4558 certe

199 4575 222 4636 ·,
287 4599 342 4682 ab
369 4579 462 4681 aliis
490 4593 788 4697 saecularibus,
818 4624 990 4704 quarum
1026 4595 1361 4681 consuetudinem
1392 4591 1549 4674 habent
1576 4617 1704 4700 qnae·

7 4731 15 4742 “
111 4745 153 4812 “,
288 4731 382 4813 dam
410 4707 512 4830 loen,
541 4727 614 4811 nbi
642 4725 817 4810 laminae
845 4727 909 4810 vel
938 4728 1074 4812 clerici
1090 4732 1165 4813 nat
1189 4727 1284 4810 lniei
1305 4753 1427 4810 consa
1449 4722 1577 4807 olllcii
1601 4720 1701 4804 inci·

253 4861 384 4961 ‚endi
412 4861 597 4944 veniunt
654 4857 815 4942 Deinde
854 4858 979 4944 etiam
1015 4861 1139 4946 debet
1177 4858 1424 4944 considerari
1466 4857 1580 4940 locus
1619 4853 1700 4953 ille,

213 5193 219 5212 .
378 5158 407 5250 ¹)
428 5153 597 5228 construi.
641 5154 727 5230 (lod.
750 5152 885 5226 runa.
932 5196 937 5204 ·
