3934 5762
246 258 302 346 60
857 249 1043 341 Prologus.

248 453 465 580 ariolorum,
511 474 658 562 l‘aulus
686 475 788 560 dicit
817 476 1088 582 proceriteutiu,
1126 479 1170 558 et
1196 473 1308 584 qrrod
1349 471 1421 556 ille
1457 471 1561 558 dicit
1600 499 1662 558 rc·

248 607 460 708 lucrantur,
503 606 653 692 Paulino
693 607 796 690 dicit
840 607 1021 710 adducit.
1063 597 1284 692 ‘laurentis
1322 609 1459 690 autern
1497 631 1592 688 cunr
1620 603 1661 690 iu

253 739 341 824 lleo
368 739 533 836 dicitur,
575 768 659 855 aron
698 739 863 850 proprie
900 739 1053 824 dicitur
1095 739 1165 824 sed
1205 737 1394 840 abusive,
1426 735 1507 822 hoc
1543 737 1606 820 est
1640 743 1666 822 a

252 873 418 982 propria
439 871 742 980 significatione
763 872 816 956 ad
831 901 914 956 uon
939 872 1147 982 propriam
1172 869 1543 980 significationem
1571 895 1665 950 naue

255 1009 438 1088 uestrum
464 1004 677 1114 proprium
693 1009 755 1087 est
775 1003 987 1112 patientia,
1016 1002 1095 1088 Dei
1118 1007 1257 1088 autem
1271 1001 1525 1102 translative.
1581 995 1667 1082 Nos

253 1133 360 1216 enirn
400 1138 501 1219 tuuc
541 1135 715 1220 dicimur
755 1136 985 1246 patientes,
1031 1161 1126 1218 cum
1165 1131 1304 1243 aliqua
1343 1137 1490 1216 contra
1527 1136 1666 1216 votum

255 1269 440 1378 nostrum
479 1293 605 1375 agere
641 1267 825 1349 videmus
863 1271 908 1348 et
945 1265 1086 1349 ulcisci
1129 1263 1331 1346 nolumus.
1391 1261 1454 1346 lta
1492 1271 1535 1345 et
1564 1265 1669 1346 Deus

256 1401 356 1478 tnnc
385 1396 549 1503 patiens
583 1396 758 1500 dicitur,
798 1425 893 1480 cum
931 1424 1009 1480 uos
1048 1399 1194 1479 eontra
1221 1393 1528 1502 dispositionem
1557 1421 1669 1478 suoru

203 1595 205 1600 .
255 1525 368 1608 videt
387 1553 510 1635 agere
536 1531 580 1612 et
608 1556 692 1610 non
711 1529 797 1612 uult
822 1555 898 1610 nos
920 1531 1112 1612 aeternae
1136 1523 1391 1610 portationi
1427 1523 1671 1630 uraneipare.

188 1681 191 1687 ’
257 1653 314 1741 nt
339 1663 402 1739 est
429 1686 584 1757 sensus,
613 1686 705 1741 cunr
734 1659 836 1744 dicit
866 1657 1036 1742 Paulus:
1075 1659 1143 1742 Au
1172 1655 1319 1756 crescis,
1349 1655 1446 1760 perio
1469 1657 1672 1760 patientia

259 1783 342 1868 Dei
381 1789 438 1870 od
459 1789 749 1894 poeniteutiam
775 1798 814 1876 te
847 1788 1040 1875 adducit?
1081 1815 1130 1872 ac
1157 1788 1192 1872 si
1232 1786 1362 1872 dicat:
1403 1787 1670 1894 opeccator!

259 1945 387 2027 quare
415 1922 457 2002 te
484 1947 570 2004 non
598 1925 831 2007 convertis?
859 1949 985 2032 quare
1009 1949 1090 2004 non
1113 1921 1307 2005 eruendas
1330 1917 1437 2020 nrala
1457 1925 1542 2012 ton,
1570 1944 1674 2025 quae

260 2049 422 2135 iecisti?
463 2055 645 2150 Annon
680 2055 809 2166 sapis,
850 2052 948 2164 quia
983 2052 1182 2162 patientia
1209 2051 1288 2136 Dei
1325 2052 1427 2136 istos
1455 2049 1542 2132 dies
1570 2049 1676 2132 vitae

260 2185 357 2266 terere
385 2183 476 2268 ideo
505 2185 582 2268 tibi
613 2186 782 2290 relaxat,
812 2191 859 2270 ut
886 2183 1167 2269 corruertaris?

373 2313 588 2427 Sequiturt
618 2317 730 2402 Nom
753 2319 854 2426 pius
878 2315 1082 2403 Itoneiuuo
1109 2317 1227 2402 dicit:
1260 2315 1366 2400 Nolo
1394 2321 1559 2400 orontem
1581 2341 1677 2422 pec·

21 2437 26 2446 ’
83 2553 86 2560 ¹
262 2451 434 2550 coloris,
474 2449 548 2534 sed
574 2457 617 2534 ut
657 2458 907 2535 concertatur
943 2457 980 2534 et
1016 2453 1134 2534 einot.
1192 2447 1231 2534 N
1236 2479 1315 2534 rrrrc
1346 2448 1564 2534 ridendum
1604 2453 1678 2549 est,

263 2605 347 2686 qua
374 2578 536 2663 ratione
563 2581 694 2665 dieat:
725 2580 834 2668 Nolo
862 2590 1028 2665 errortem
1049 2581 1286 2686 peccatoris,
1314 2609 1409 2666 curu
1439 2581 1558 2664 multi
1588 2609 1680 2689 pec·

264 2715 423 2791 catores
450 2708 645 2818 legantur
683 2715 836 2797 ruortui
874 2719 918 2796 et
955 2714 1133 2823 perditi?
1176 2711 1224 2794 lu
1256 2711 1335 2796 hoc
1363 2714 1473 2796 enim
1501 2713 1594 2797 loco
1622 2711 1681 2793 ri·

266 2837 416 2920 dentur
454 2838 558 2924 duae
604 2843 707 2925 istae
752 2847 983 2928 sententiae
1022 2843 1274 2944 ‹liseordare,
1319 2871 1413 2927 curn
1452 2847 1683 2953 peccatores

268 2969 412 3076 utique
439 2969 683 3056 moriantur.
740 2971 854 3080 Ergo
881 2976 915 3054 si
945 2976 1179 3082 peccatores
1209 2975 1454 3076 erroriuutur,
1486 3001 1580 3057 curu
1610 2999 1683 3054 ro·

146 3107 150 3120 '
269 3100 429 3184 luntate
470 3101 547 3184 llei
584 3103 840 3201 ororiuntur;
889 3103 1020 3188 uoluit
1058 3108 1102 3185 et
1140 3103 1259 3204 iecit,
1301 3103 1407 3186 sicut
1446 3103 1602 3213 legitur
1640 3100 1682 3183 in

216 3291 225 3308 .
273 3233 461 3342 psalmis:
505 3231 654 3318 Omnia
680 3259 931 3342 quoecumque
965 3231 1088 3316 colret
1116 3231 1340 3335 Dominus,
1378 3236 1475 3338 ferit
1510 3233 1685 3318 incocto

273 3372 310 3448 et
336 3366 381 3448 iu
409 3372 534 3452 torro.
590 3365 670 3448 Sed
697 3363 756 3448 ita
790 3365 1061 3470 intelligitur,
1102 3393 1193 3450 cum
1223 3365 1344 3450 dicit:
1388 3365 1496 3451 Nolo
1522 3373 1686 3464 inertem

267 3497 517 3604 precatoris,
546 3499 654 3582 acsi
683 3496 858 3582 diceret:
895 3497 1056 3582 illorum
1085 3502 1346 3606 peccatorum
1376 3487 1687 3596 oolo‘mortem,

275 3629 347 3739 qui
374 3658 401 3713 a
427 3658 503 3713 sua
530 3628 733 3739 pravitate
761 3626 946 3712 conuerti
976 3635 1198 3714 tuerentur.
1255 3628 1322 3713 Ita
1349 3629 1473 3714 etiam
1502 3634 1546 3713 et
1573 3627 1688 3728 illud,

84 3805 88 3814 »
123 3855 125 3860 ,
279 3761 391 3869 quod
419 3763 464 3843 in
492 3759 723 3872 Evangelio
763 3761 935 3870 legitur,
977 3760 1247 3868 intelligitur,
1285 3769 1334 3846 nt
1361 3769 1446 3848 est:
1485 3760 1595 3844 Brut
1620 3759 1692 3841 lun

280 3923 397 3981 noro.
421 3921 544 4008 'perere
581 3891 789 3976 illuminet
827 3919 981 3978 eirenem
1019 3893 1217 3978 leorniueru
1251 3897 1466 3978 uenientem
1509 3895 1553 3976 iu
1591 3891 1694 3976 lrrrrrc

281 4029 486 4128 terrendum,
516 4043 559 4111 et
580 4025 684 4110 illud
700 4027 838 4110 Pauli:
869 4025 947 4130 Qui
970 4031 1052 4108 cult
1075 4050 1212 4109 orrrrrcs
1227 4026 1409 4112 leonriucs
1431 4025 1566 4111 salvos
1588 4023 1694 4130 lieri.

183 4245 185 4250 ,
281 4157 506 4268 Numquid,
535 4185 630 4242 cnm
658 4159 779 4242 dicit:
818 4157 1040 4242 Illorrriuot
1067 4184 1223 4241 ornnem
1249 4158 1462 4260 doruinem,
1490 4157 1696 4241 illuminat

149 4277 151 4282 ⁵
283 4290 531 4390 haereticos,
571 4291 779 4374 illurninat
820 4317 1025 4400 paganos,
1066 4289 1152 4372 sire
1186 4277 1393 4390 Judaeos,
1431 4289 1502 4399 qui
1543 4291 1588 4374 iu
1625 4315 1698 4372 sua

227 4435 230 4442 '
286 4421 491 4528 pravitate
518 4424 817 4530 perseveraturi
843 4425 968 4505 soret?
1010 4419 1131 4518 Non,
1154 4421 1226 4504 sed
1245 4423 1306 4504 ita
1327 4421 1590 4530 intelligitur,
1618 4423 1647 4508 i.
1664 4447 1698 4506 e.

287 4549 403 4632 illurn
433 4550 652 4652 illuminat,
681 4551 748 4660 qui
780 4556 973 4635 meretrn'
988 4551 1235 4654 illuminari,
1264 4557 1307 4634 et
1334 4551 1428 4634 illos
1455 4551 1603 4652 salvat,
1630 4549 1698 4659 qni

288 4681 438 4764 salvari
467 4688 689 4768 merentur.
744 4681 801 4764 Et
826 4682 907 4768 hoc
948 4683 1198 4786 notandum,
1239 4684 1336 4792 quia
1372 4710 1466 4767 cum
1493 4680 1596 4764 dicit
1623 4707 1705 4764 nro·

291 4821 445 4916 rentur,
474 4844 559 4901 non
588 4844 666 4926 pro
693 4817 851 4900 meritis
878 4815 1108 4917 hominnm,
1134 4816 1207 4900 sed
1229 4844 1306 4927 pro
1331 4813 1612 4898 misericordia
1628 4810 1705 4895 Dei

294 4945 579 5057 accipiendum
608 4955 685 5038 est.
740 4950 898 5033 lterum
926 4948 1149 5033 ridendum
1175 4954 1252 5052 est,
1280 4948 1333 5032 de
1359 4975 1443 5056 qua
1469 4943 1708 5076 monteillo·

297 5077 434 5162 minus
462 5078 596 5182 dicat,
634 5108 728 5165 cum
762 5081 864 5167 dicit
902 5085 1075 5166 mortem
1117 5079 1367 5192 peccatoris3
1408 5108 1491 5164 non
1520 5078 1632 5162 enirn
1660 5076 1711 5159 de

214 5301 216 5304 ,
302 5217 436 5296 nrorte
464 5213 661 5326 corporis,
688 5214 759 5298 sed
787 5215 839 5299 de
866 5219 1001 5299 morte
1028 5216 1189 5300 animae
1216 5214 1328 5300 dicit
1385 5213 1493 5298 Nam
1522 5212 1629 5296 sicut
1649 5210 1713 5294 est
