3960 5774
782 221 872 326 turp.
895 225 1095 298 xxrxrn.
1559 233 1637 314 459
1727 287 1729 292 .
1796 293 1797 296 ,

235 473 311 529 non
348 443 469 526 debet
500 471 574 553 pro
611 472 726 527 versu
765 445 1007 554 complendo
1036 455 1145 531 sture
1181 455 1254 532 aut
1281 459 1390 534 uerte
1421 477 1496 557 pro
1525 448 1643 532 litere

232 573 497 687 perficiendur
528 575 715 657 similiter
743 579 786 658 et
813 586 946 674 sutor,
976 575 1008 658 si
1026 607 1143 660 neum
1170 577 1209 661 in
1232 609 1411 690 punnnnr
1437 581 1498 662 vel
1519 579 1643 661 subn·
1703 683 1705 690 y

233 709 308 790 inm
339 706 380 787 in
412 703 723 788 calciamentum
759 704 918 789 inissem
950 706 1148 798 halmerit.
1182 739 1261 793 uon
1294 711 1417 792 debet
1445 718 1565 807 stare,
1596 715 1641 792 ut

123 845 126 852 ’
234 837 492 946 permittatur
519 837 700 920 ueniret
726 837 871 920 subula
896 843 1163 946 pertranseat,
1187 841 1255 922 sed
1276 841 1413 923 stetim
1433 847 1477 924 ut
1492 870 1637 924 sormm
1734 911 1735 914 ι

231 969 336 1074 signi
372 965 572 1064 undierit,
609 964 665 1046 itu
704 967 943 1076 impert'eetn
985 969 1108 1054 debet
1145 971 1370 1071 dimittere,
1412 972 1528 1054 sicuti
1573 971 1641 1054 illu

231 1127 350 1182 sonus
381 1095 488 1203 signi
520 1095 733 1180 inreuerit.
782 1099 824 1180 ui
854 1107 988 1182 autem
1021 1099 1119 1182 foris
1143 1107 1203 1183 est
1228 1101 1353 1182 freter
1372 1129 1492 1206 super
1513 1099 1642 1183 tinnu-

235 1228 306 1324 lus,
338 1226 370 1307 si
401 1223 493 1306 tulis
517 1251 635 1306 uuum
662 1231 735 1324 est,
766 1253 884 1336 quum
911 1227 1010 1310 sueit
1039 1224 1215 1338 ope'reri,
1246 1230 1372 1312 veluti
1403 1229 1540 1312 fodere
1569 1236 1641 1311 unt
1682 1321 1689 1330 ,

233 1359 367 1467 ulique
398 1384 546 1464 opero,
585 1355 707 1439 debet
743 1357 811 1439 ine
847 1359 986 1440 ututim
1018 1359 1294 1442 dimitterent
1333 1387 1568 1454 occurrerer
1608 1359 1640 1441 si

230 1495 364 1572 autem
395 1493 456 1569 est
485 1487 578 1569 tulis
609 1514 683 1586 res,
713 1518 834 1596 qurnu
866 1489 984 1571 timet
1013 1491 1193 1600 perdere,
1225 1489 1350 1573 veluti
1378 1492 1440 1570 'est
1465 1515 1638 1596 granum

231 1627 301 1700 out
330 1616 481 1712 viuum,
516 1647 593 1699 nun
625 1618 746 1701 debet
775 1619 912 1703 ututim
943 1621 1162 1722 dimittere,
1192 1621 1259 1702 sed
1293 1620 1402 1725 prius
1432 1620 1490 1700 itu
1520 1618 1642 1701 debet

230 1747 607 1846 reordinarent
641 1748 786 1831 exinde
820 1750 1012 1832 damnum
1055 1779 1134 1834 uon
1178 1749 1349 1842 hubent,
1378 1756 1421 1830 et
1451 1756 1543 1856 post
1572 1777 1641 1832 ou·

231 1907 401 1977 currere,
431 1877 528 1986 quin
557 1879 645 1977 iste,
677 1877 746 1988 qui
787 1909 859 1987 pru
889 1879 965 1962 hoe
995 1882 1058 1963 vel
1088 1875 1162 1990 pro
1186 1881 1351 1964 infirmo
1379 1883 1452 1961 unt
1481 1878 1641 1988 hospite

231 2041 310 2094 nou
351 2011 596 2108 occurrerit,
626 2011 658 2091 si
692 2017 825 2092 mente
854 2013 1089 2111 occurrerit,
1119 2012 1199 2094 duo
1230 2010 1337 2094 bona
1366 2009 1499 2092 funere
1530 2013 1641 2092 uum-

230 2141 443 2250 probutur,
485 2169 635 2239 unum,
677 2142 786 2251 quod
822 2170 906 2225 rem
946 2144 1123 2226 fratrum
1164 2139 1240 2222 sibi
1283 2139 1507 2248 injunctum
1550 2139 1642 2221 dili·

229 2284 373 2381 genter
402 2271 503 2380 agit,
534 2278 577 2354 et
604 2273 792 2374 alterum,
824 2273 932 2381 quod
966 2280 1101 2356 mente
1131 2271 1320 2356 occurrit.

338 2402 552 2511 Sequitur:
584 2431 670 2484 rum
696 2405 895 2510 pravitate
922 2409 1068 2500 tumen,
1098 2409 1243 2485 utnon
1275 2399 1504 2485 seron-diros
1536 2401 1642 2483 iure·

229 2534 315 2616 reiut
348 2537 538 2636 tornitrui.
604 2533 717 2638 Erpu
759 2533 862 2616 uidit
905 2536 1015 2639 operi
1055 2531 1135 2617 Dei
1173 2539 1460 2638 praeponetur.
1520 2531 1635 2627 tduod
1741 2591 1744 2598 ⁴

127 2699 131 2710 ·
231 2690 323 2745 vero
362 2661 462 2744 dieit
497 2664 556 2744 r'tu
591 2670 748 2762 tunren,
790 2670 831 2746 ut
859 2653 1096 2746 seru·rilitus
1132 2691 1209 2746 uon
1240 2663 1419 2746 inueniat
1448 2661 1641 2774 tomitem,

231 2798 301 2893 est,
331 2823 380 2876 ue
408 2795 440 2876 si
470 2793 624 2876 diceret
650 2791 740 2876 uliis
770 2793 925 2880 verbis:
957 2793 1054 2901 quin
1082 2793 1167 2877 dixi
1198 2821 1371 2888 currere,
1401 2821 1492 2878 eum
1523 2791 1638 2876 nudi·

174 2911 176 2916 ’
231 2930 316 3007 tum
359 2923 482 3007 fuerit
519 2921 704 3030 siguum,
735 2951 845 3007 nune
874 2922 987 3022 dieo,
1018 2921 1076 3006 itu
1105 2937 1263 3024 curret,
1295 2930 1341 3006 nt
1370 2953 1418 3009 ex
1450 2923 1528 3006 hoe
1556 2951 1638 3005 non
1714 2971 1717 2978 ·

229 3053 410 3138 inveniat
434 3055 552 3160 jocus
581 3053 813 3136 occasiones
842 3053 1044 3137 currendi.
1103 3051 1263 3157 Furnos,
1294 3057 1318 3138 i.
1348 3084 1382 3138 e.
1414 3052 1641 3136 nutrimen·

230 3192 314 3266 turn
351 3184 412 3267 vel
445 3183 626 3284 lurstniu,
659 3183 764 3266 uude
793 3179 905 3291 prius
934 3183 1042 3293 iguis
1071 3183 1318 3269 accenditur.
1378 3179 1631 3280 Sene-uirus,

228 3312 253 3397 i.
283 3317 469 3424 ejunus.

336 3447 554 3556 Sequitur:
596 3445 749 3554 Quodsi
776 3447 866 3553 quis
895 3447 952 3530 ud
980 3453 1196 3532 nocturnus
1224 3445 1389 3554 vipitius
1415 3452 1510 3551 post
1543 3446 1640 3530 Gro-

229 3575 336 3659 rium
370 3577 527 3682 psuluri
565 3581 813 3688 uonopesirur'
852 3584 1008 3685 quodi,
1037 3607 1149 3686 quem
1182 3583 1351 3683 proptor
1381 3577 1452 3661 doc
1480 3581 1639 3661 omuino
1726 3585 1746 3666 s
1836 3639 1838 3645 ,
1902 3603 1904 3606 ·

230 3711 497 3794 srrdtrudende
526 3716 563 3793 et
590 3738 745 3793 morose
771 3709 952 3793 volumus
981 3711 1075 3811 dici,
1105 3736 1183 3792 uon
1206 3709 1432 3806 ocerrrrerit,
1463 3712 1656 3796 non-sur,

230 3839 268 3919 in
299 3839 441 3922 ordine
467 3868 540 3923 ¹ruo
567 3841 610 3922 in
636 3838 765 3938 rtroro,
795 3841 867 3922 sed
890 3841 1053 3923 redimus
1075 3843 1251 3923 onruiurn
1279 3845 1352 3924 stet
1380 3845 1449 3922 unt
1479 3839 1520 3920 iu
1544 3834 1638 3936 loro,

229 3997 340 4074 quem
383 3968 532 4054 tutibus
576 3969 863 4078 ueplr'pentidus
905 3999 1085 4059 seorsum
1129 3969 1374 4053 conseruerit
1415 3965 1565 4066 rdrbus,
1596 3975 1639 4048 ut

228 4101 489 4185 videaturad
517 4101 606 4206 ipso
633 4099 694 4185 rei
721 4103 772 4184 ud
800 4103 1000 4201 omuibus,
1034 4130 1154 4208 usque
1183 4105 1278 4186 doru
1306 4100 1493 4205 eorrrplete
1523 4123 1638 4202 opere
1700 4181 1703 4186 ,
1769 4121 1770 4126 ‘
1808 4093 1836 4210 κγ

228 4228 309 4312 Dei
332 4231 496 4335 pudtieu
525 4235 802 4335 satisfactione
826 4235 1037 4337 poenitent.
1087 4233 1176 4316 Hoe
1199 4239 1348 4332 eutem,
1378 4229 1487 4342 quod
1517 4226 1636 4310 dicit:
1738 4257 1739 4260 ‘
1777 4271 1789 4288 ··

230 4369 409 4446 uoueret
442 4362 484 4448 in
514 4367 656 4447 ordine
684 4389 755 4447 suo
795 4363 837 4446 iu
866 4361 1009 4463 edero,
1039 4363 1111 4447 sed
1149 4365 1310 4448 rdtirnur
1349 4362 1526 4448 omniurn
1565 4363 1638 4440 stet
1760 4427 1762 4430 .

227 4498 294 4575 out
333 4496 378 4576 r'n.
419 4491 524 4594 ioco,
561 4522 674 4599 quern
714 4492 861 4577 tutibus
902 4493 1189 4601 rreplr'poutdrus
1229 4484 1473 4577 corr'str'tuerit
1511 4487 1637 4572 annas

228 4648 419 4726 reorsrnn,
449 4631 493 4708 ut
519 4627 702 4709 rideatur
730 4623 781 4706 ob
804 4625 894 4730 ipso
921 4624 981 4708 vel
1008 4624 1059 4708 ab
1082 4622 1264 4707 omnibus
1291 4631 1333 4706 et
1357 4619 1470 4731 reliq.
1486 4660 1537 4682 ⁷-
1553 4616 1580 4700 i.
1601 4647 1635 4700 e.

226 4753 258 4837 si
289 4756 383 4840 tulis
412 4761 474 4842 est
501 4755 654 4853 frater,
685 4753 755 4864 qui
785 4756 875 4841 loeo
904 4743 1110 4864 superiore
1139 4759 1238 4854 stat,
1271 4751 1393 4835 debet
1420 4748 1462 4834 iu
1493 4747 1637 4832 ultimo

225 4893 357 4986 uterer
396 4885 431 4972 si
471 4893 609 4972 nutem
650 4884 820 4972 ultimus
859 4897 921 4970 est
956 4894 1030 4970 eut
1066 4896 1175 4971 certe
1211 4885 1254 4968 in
1285 4880 1419 4966 medio
1458 4884 1636 4988 etpost,
1709 4871 1712 4888 '

226 5014 483 5103 debetutere
511 5046 712 5119 seorsum3
741 5017 810 5106 sed
835 5023 973 5102 tomen
996 5017 1203 5101 innostro
1227 5001 1638 5100 monesterio'omnes

224 5159 559 5238 mmmmsmm.
793 5167 794 5171 '
