<?xml version="1.0" encoding="UTF-8"?>
<!DOCTYPE html PUBLIC "-//W3C//DTD XHTML 1.0 Transitional//EN"
    "http://www.w3.org/TR/xhtml1/DTD/xhtml1-transitional.dtd">
<html xmlns="http://www.w3.org/1999/xhtml" xml:lang="en" lang="en">
 <head>
  <title>
</title>
<meta http-equiv="Content-Type" content="text/html;charset=utf-8" />
  <meta name='ocr-system' content='tesseract 3.04.00' />
  <meta name='ocr-capabilities' content='ocr_page ocr_carea ocr_par ocr_line ocrx_word'/>
</head>
<body>
  <div class='ocr_page' id='page_1' title='image "./vitaetregulassp01benegoog_0413.png"; bbox 0 0 3968 5774; ppageno 0'>
   <div class='ocr_carea' id='block_1_1' title="bbox 230 228 1073 326">
    <p class='ocr_par' dir='ltr' id='par_1_1' title="bbox 230 228 1073 326">
     <span class='ocr_line' id='line_1_1' title="bbox 230 228 1073 326; baseline -0.005 -12"><span class='ocrx_word' id='word_1_1' title='bbox 230 228 317 316; x_wconf 78' lang='lat'>³84·</span> <span class='ocrx_word' id='word_1_2' title='bbox 391 241 397 252; x_wconf 92' lang='lat'>&#39;</span> <span class='ocrx_word' id='word_1_3' title='bbox 833 231 921 326; x_wconf 77' lang='lat' dir='ltr'><strong><em>Gsp.</em></strong></span> <span class='ocrx_word' id='word_1_4' title='bbox 944 231 1073 310; x_wconf 81' lang='lat' dir='ltr'><strong><em>xxm.</em></strong></span> 
     </span>
    </p>
   </div>
   <div class='ocr_carea' id='block_1_2' title="bbox 119 417 1701 3440">
    <p class='ocr_par' dir='ltr' id='par_1_2' title="bbox 119 417 1701 3440">
     <span class='ocr_line' id='line_1_2' title="bbox 231 417 1648 548; baseline 0.011 -21"><span class='ocrx_word' id='word_1_5' title='bbox 231 417 466 548; x_wconf 75' lang='lat' dir='ltr'><strong><em>cellerario,</em></strong></span> <span class='ocrx_word' id='word_1_6' title='bbox 506 455 555 532; x_wconf 90' lang='lat' dir='ltr'><strong><em>ut</em></strong></span> <span class='ocrx_word' id='word_1_7' title='bbox 580 457 687 534; x_wconf 81' lang='lat' dir='ltr'><strong><em>esset</em></strong></span> <span class='ocrx_word' id='word_1_8' title='bbox 726 450 770 536; x_wconf 91' lang='lat' dir='ltr'><strong><em>iu</em></strong></span> <span class='ocrx_word' id='word_1_9' title='bbox 798 454 961 539; x_wconf 73' lang='lat' dir='ltr'><strong><em>saeculo</em></strong></span> <span class='ocrx_word' id='word_1_10' title='bbox 1002 457 1045 537; x_wconf 84' lang='lat' dir='ltr'><strong><em>et</em></strong></span> <span class='ocrx_word' id='word_1_11' title='bbox 1073 453 1171 540; x_wconf 87' lang='lat' dir='ltr'><strong><em>inde</em></strong></span> <span class='ocrx_word' id='word_1_12' title='bbox 1198 455 1475 542; x_wconf 72' lang='lat' dir='ltr'><strong><em>descendisset</em></strong></span> <span class='ocrx_word' id='word_1_13' title='bbox 1502 457 1553 541; x_wconf 81' lang='lat' dir='ltr'><strong><em>sd</em></strong></span> <span class='ocrx_word' id='word_1_14' title='bbox 1583 461 1648 543; x_wconf 90' lang='lat' dir='ltr'><strong><em>iu·</em></strong></span> 
     </span>
     <span class='ocr_line' id='line_1_3' title="bbox 234 565 1649 698; baseline 0.011 -40"><span class='ocrx_word' id='word_1_15' title='bbox 234 575 416 678; x_wconf 83' lang='lat' dir='ltr'><strong><em>ternum,</em></strong></span> <span class='ocrx_word' id='word_1_16' title='bbox 454 565 577 688; x_wconf 82' lang='lat' dir='ltr'><strong><em>quem</em></strong></span> <span class='ocrx_word' id='word_1_17' title='bbox 616 581 695 664; x_wconf 86' lang='lat' dir='ltr'><strong><em>sub</em></strong></span> <span class='ocrx_word' id='word_1_18' title='bbox 732 571 1138 666; x_wconf 81' lang='lat' dir='ltr'><strong><em>lorms&#39;ssuctitetis</em></strong></span> <span class='ocrx_word' id='word_1_19' title='bbox 1177 585 1270 670; x_wconf 84' lang='lat' dir='ltr'><strong><em>eliis</em></strong></span> <span class='ocrx_word' id='word_1_20' title='bbox 1297 587 1649 698; x_wconf 64' lang='lat' dir='ltr'><strong><em>terrebuntur</em></strong></span> 
     </span>
     <span class='ocr_line' id='line_1_4' title="bbox 233 706 1649 836; baseline 0.01 -48"><span class='ocrx_word' id='word_1_21' title='bbox 233 706 432 790; x_wconf 76' lang='lat' dir='ltr'><strong><em>rationem</em></strong></span> <span class='ocrx_word' id='word_1_22' title='bbox 473 709 621 793; x_wconf 87' lang='lat' dir='ltr'><strong><em>urulsnr</em></strong></span> <span class='ocrx_word' id='word_1_23' title='bbox 653 711 921 796; x_wconf 81' lang='lat' dir='ltr'><strong><em>soluntuteur.</em></strong></span> <span class='ocrx_word' id='word_1_24' title='bbox 988 709 1102 797; x_wconf 85' lang='lat' dir='ltr'><strong><em>blois</em></strong></span> <span class='ocrx_word' id='word_1_25' title='bbox 1141 715 1341 836; x_wconf 56' lang='lat' dir='ltr'><strong><em>“QQ-</em></strong></span> <span class='ocrx_word' id='word_1_26' title='bbox 1357 717 1450 800; x_wconf 88' lang='lat' dir='ltr'><strong><em>ideo</em></strong></span> <span class='ocrx_word' id='word_1_27' title='bbox 1474 718 1649 832; x_wconf 40' lang='grc' dir='ltr'><strong><em>,ιιι-ὼν,</em></strong></span> 
     </span>
     <span class='ocr_line' id='line_1_5' title="bbox 233 821 1648 962; baseline 0.009 -47"><span class='ocrx_word' id='word_1_28' title='bbox 233 835 330 940; x_wconf 82' lang='lat' dir='ltr'><strong><em>quis</em></strong></span> <span class='ocrx_word' id='word_1_29' title='bbox 357 833 495 944; x_wconf 72' lang='lat' dir='ltr'><strong><em>uulnus</em></strong></span> <span class='ocrx_word' id='word_1_30' title='bbox 525 837 644 946; x_wconf 85' lang='lat' dir='ltr'><strong><em>molit</em></strong></span> <span class='ocrx_word' id='word_1_31' title='bbox 669 840 871 962; x_wconf 63' lang='lat' dir='ltr'><strong><em>cumjllu.</em></strong></span> <span class='ocrx_word' id='word_1_32' title='bbox 933 825 1346 944; x_wconf 55' lang='lat' dir='ltr'><strong><em>»abedirtlulieuceritu</em></strong></span> <span class='ocrx_word' id='word_1_33' title='bbox 1379 821 1471 932; x_wconf 57' lang='lat' dir='ltr'><strong><em>issi</em></strong></span> <span class='ocrx_word' id='word_1_34' title='bbox 1493 847 1648 930; x_wconf 85' lang='lat' dir='ltr'><strong><em>coutri-</em></strong></span> 
     </span>
     <span class='ocr_line' id='line_1_6' title="bbox 235 951 1675 1081; baseline 0.009 -36"><span class='ocrx_word' id='word_1_35' title='bbox 235 951 418 1052; x_wconf 56' lang='lat' dir='ltr'><strong><em>it‘sv&#39;erit.</em></strong></span> <span class='ocrx_word' id='word_1_36' title='bbox 472 962 539 1049; x_wconf 80' lang='lat' dir='ltr'><strong><em>-De</em></strong></span> <span class='ocrx_word' id='word_1_37' title='bbox 558 965 634 1052; x_wconf 85' lang='lat' dir='ltr'><strong><em>buc</em></strong></span> <span class='ocrx_word' id='word_1_38' title='bbox 656 968 864 1052; x_wconf 75' lang='lat' dir='ltr'><strong><em>scribentis</em></strong></span> <span class='ocrx_word' id='word_1_39' title='bbox 885 966 997 1053; x_wconf 81' lang='lat' dir='ltr'><strong><em>Beda</em></strong></span> <span class='ocrx_word' id='word_1_40' title='bbox 1019 969 1078 1054; x_wconf 85' lang='lat' dir='ltr'><strong><em>its</em></strong></span> <span class='ocrx_word' id='word_1_41' title='bbox 1095 970 1279 1081; x_wconf 87' lang='lat' dir='ltr'><strong><em>loquitur</em></strong></span> <span class='ocrx_word' id='word_1_42' title='bbox 1296 973 1457 1060; x_wconf 83' lang='lat' dir='ltr'><strong><em>dicens:</em></strong></span> <span class='ocrx_word' id='word_1_43' title='bbox 1483 971 1647 1058; x_wconf 68' lang='lat' dir='ltr'><strong><em>uuus</em></strong></span> <span class='ocrx_word' id='word_1_44' title='bbox 1671 973 1675 984; x_wconf 83' lang='lat'>&#39;</span> 
     </span>
     <span class='ocr_line' id='line_1_7' title="bbox 232 1096 1645 1210; baseline 0.01 -35"><span class='ocrx_word' id='word_1_45' title='bbox 232 1102 290 1178; x_wconf 87' lang='lat' dir='ltr'><strong><em>est</em></strong></span> <span class='ocrx_word' id='word_1_46' title='bbox 336 1096 375 1180; x_wconf 89' lang='lat' dir='ltr'><strong><em>ei</em></strong></span> <span class='ocrx_word' id='word_1_47' title='bbox 414 1097 547 1204; x_wconf 80' lang='lat' dir='ltr'><strong><em>nropls</em></strong></span> <span class='ocrx_word' id='word_1_48' title='bbox 589 1160 931 1190; x_wconf 89' lang='grc'><strong>.........</strong></span> <span class='ocrx_word' id='word_1_49' title='bbox 972 1101 1123 1184; x_wconf 85' lang='lat' dir='ltr'><strong><em>ueritus</em></strong></span> <span class='ocrx_word' id='word_1_50' title='bbox 1163 1102 1473 1210; x_wconf 53' lang='lat' dir='ltr'><strong><em>relinquntur),</em></strong></span> <span class='ocrx_word' id='word_1_51' title='bbox 1542 1102 1645 1189; x_wconf 87' lang='lat' dir='ltr'><strong><em>Item</em></strong></span> 
     </span>
     <span class='ocr_line' id='line_1_8' title="bbox 234 1228 1648 1350; baseline 0.008 -40"><span class='ocrx_word' id='word_1_52' title='bbox 234 1228 495 1315; x_wconf 83' lang='lat' dir='ltr'><strong><em>Ambrosius:</em></strong></span> <span class='ocrx_word' id='word_1_53' title='bbox 552 1229 657 1336; x_wconf 81' lang='lat' dir='ltr'><strong><em>»Qui</em></strong></span> <span class='ocrx_word' id='word_1_54' title='bbox 700 1231 1040 1350; x_wconf 62' lang='lat' dir='ltr'><strong><em>scandalizaverit</em></strong></span> <span class='ocrx_word' id='word_1_55' title='bbox 1086 1261 1210 1318; x_wconf 83' lang='lat' dir='ltr'><strong><em>strrnnr</em></strong></span> <span class='ocrx_word' id='word_1_56' title='bbox 1249 1237 1300 1319; x_wconf 86' lang='lat' dir='ltr'><strong><em>de</em></strong></span> <span class='ocrx_word' id='word_1_57' title='bbox 1334 1235 1505 1342; x_wconf 74' lang='lat' dir='ltr'><strong><em>pusillis</em></strong></span> <span class='ocrx_word' id='word_1_58' title='bbox 1543 1239 1648 1343; x_wconf 83' lang='lat' dir='ltr'><strong><em>istis,</em></strong></span> 
     </span>
     <span class='ocr_line' id='line_1_9' title="bbox 233 1360 1649 1472; baseline 0.007 -32"><span class='ocrx_word' id='word_1_59' title='bbox 233 1360 373 1465; x_wconf 86' lang='lat' dir='ltr'><strong><em>quiin</em></strong></span> <span class='ocrx_word' id='word_1_60' title='bbox 414 1385 477 1442; x_wconf 90' lang='lat' dir='ltr'><strong><em>nre</em></strong></span> <span class='ocrx_word' id='word_1_61' title='bbox 514 1369 702 1465; x_wconf 71' lang='lat' dir='ltr'><strong><em>uenient,</em></strong></span> <span class='ocrx_word' id='word_1_62' title='bbox 742 1367 991 1468; x_wconf 74' lang='lat' dir='ltr'><strong><em>expeditu,</em></strong></span> <span class='ocrx_word' id='word_1_63' title='bbox 1029 1373 1073 1448; x_wconf 93' lang='lat' dir='ltr'><strong><em>ut</em></strong></span> <span class='ocrx_word' id='word_1_64' title='bbox 1106 1369 1382 1472; x_wconf 85' lang='lat' dir='ltr'><strong><em>suspendetur</em></strong></span> <span class='ocrx_word' id='word_1_65' title='bbox 1418 1367 1526 1450; x_wconf 87' lang='lat' dir='ltr'><strong><em>rnolu</em></strong></span> <span class='ocrx_word' id='word_1_66' title='bbox 1563 1374 1649 1454; x_wconf 87' lang='lat' dir='ltr'><strong><em>usi·</em></strong></span> 
     </span>
     <span class='ocr_line' id='line_1_10' title="bbox 231 1489 1645 1604; baseline 0.004 -32"><span class='ocrx_word' id='word_1_67' title='bbox 231 1491 355 1574; x_wconf 87' lang='lat' dir='ltr'><strong><em>nuria</em></strong></span> <span class='ocrx_word' id='word_1_68' title='bbox 394 1491 439 1572; x_wconf 90' lang='lat' dir='ltr'><strong><em>in</em></strong></span> <span class='ocrx_word' id='word_1_69' title='bbox 476 1489 574 1575; x_wconf 87' lang='lat' dir='ltr'><strong><em>collo</em></strong></span> <span class='ocrx_word' id='word_1_70' title='bbox 613 1495 701 1596; x_wconf 87' lang='lat' dir='ltr'><strong><em>ejus</em></strong></span> <span class='ocrx_word' id='word_1_71' title='bbox 741 1501 779 1578; x_wconf 89' lang='lat' dir='ltr'><strong><em>et</em></strong></span> <span class='ocrx_word' id='word_1_72' title='bbox 817 1494 1073 1602; x_wconf 75' lang='lat' dir='ltr'><strong><em>derrurpotnr</em></strong></span> <span class='ocrx_word' id='word_1_73' title='bbox 1110 1498 1152 1578; x_wconf 93' lang='lat' dir='ltr'><strong><em>in</em></strong></span> <span class='ocrx_word' id='word_1_74' title='bbox 1193 1500 1440 1604; x_wconf 72' lang='lat' dir='ltr'><strong><em>preliandum</em></strong></span> <span class='ocrx_word' id='word_1_75' title='bbox 1478 1507 1645 1586; x_wconf 75' lang='lat' dir='ltr'><strong><em>neuris«</em></strong></span> 
     </span>
     <span class='ocr_line' id='line_1_11' title="bbox 237 1616 1648 1744; baseline 0.006 -38"><span class='ocrx_word' id='word_1_76' title='bbox 237 1621 421 1708; x_wconf 76' lang='lat' dir='ltr'><strong><em>Pusillus</em></strong></span> <span class='ocrx_word' id='word_1_77' title='bbox 447 1622 513 1705; x_wconf 86' lang='lat' dir='ltr'><strong><em>bic</em></strong></span> <span class='ocrx_word' id='word_1_78' title='bbox 539 1653 617 1708; x_wconf 92' lang='lat' dir='ltr'><strong><em>non</em></strong></span> <span class='ocrx_word' id='word_1_79' title='bbox 635 1628 685 1709; x_wconf 87' lang='lat' dir='ltr'><strong><em>de</em></strong></span> <span class='ocrx_word' id='word_1_80' title='bbox 705 1616 835 1709; x_wconf 80' lang='lat' dir='ltr'><strong><em>oetnte</em></strong></span> <span class='ocrx_word' id='word_1_81' title='bbox 859 1653 1020 1731; x_wconf 88' lang='lat' dir='ltr'><strong><em>pueros,</em></strong></span> <span class='ocrx_word' id='word_1_82' title='bbox 1048 1628 1121 1711; x_wconf 85' lang='lat' dir='ltr'><strong><em>sed</em></strong></span> <span class='ocrx_word' id='word_1_83' title='bbox 1138 1632 1295 1712; x_wconf 85' lang='lat' dir='ltr'><strong><em>rnulitiu</em></strong></span> <span class='ocrx_word' id='word_1_84' title='bbox 1311 1631 1511 1744; x_wconf 84' lang='lat' dir='ltr'><strong><em>pnrerdos</em></strong></span> <span class='ocrx_word' id='word_1_85' title='bbox 1538 1634 1648 1738; x_wconf 81' lang='lat' dir='ltr'><strong><em>dicit,</em></strong></span> 
     </span>
     <span class='ocr_line' id='line_1_12' title="bbox 232 1753 1648 1868; baseline 0.007 -29"><span class='ocrx_word' id='word_1_86' title='bbox 232 1759 336 1840; x_wconf 85' lang='lat' dir='ltr'><strong><em>sicut</em></strong></span> <span class='ocrx_word' id='word_1_87' title='bbox 349 1753 566 1862; x_wconf 74' lang='lat' dir='ltr'><strong><em>Apostolus</em></strong></span> <span class='ocrx_word' id='word_1_88' title='bbox 588 1759 670 1842; x_wconf 86' lang='lat' dir='ltr'><strong><em>uit:</em></strong></span> <span class='ocrx_word' id='word_1_89' title='bbox 703 1756 898 1842; x_wconf 79' lang='lat' dir='ltr'><strong><em>»Malitio</em></strong></span> <span class='ocrx_word' id='word_1_90' title='bbox 919 1757 1087 1862; x_wconf 74' lang='lat' dir='ltr'><strong><em>purvuli</em></strong></span> <span class='ocrx_word' id='word_1_91' title='bbox 1114 1767 1245 1860; x_wconf 79' lang='lat' dir='ltr'><strong><em>estote,</em></strong></span> <span class='ocrx_word' id='word_1_92' title='bbox 1274 1768 1316 1844; x_wconf 93' lang='lat' dir='ltr'><strong><em>ut</em></strong></span> <span class='ocrx_word' id='word_1_93' title='bbox 1343 1763 1528 1846; x_wconf 83' lang='lat' dir='ltr'><strong><em>sensibus</em></strong></span> <span class='ocrx_word' id='word_1_94' title='bbox 1549 1792 1648 1868; x_wconf 88' lang='lat' dir='ltr'><strong><em>per·-</em></strong></span> 
     </span>
     <span class='ocr_line' id='line_1_13' title="bbox 232 1879 1701 2003; baseline 0.007 -35"><span class='ocrx_word' id='word_1_95' title='bbox 232 1889 481 1993; x_wconf 69' lang='lat' dir='ltr'><strong><em>stellulis«</em></strong></span> <span class='ocrx_word' id='word_1_96' title='bbox 544 1887 621 1992; x_wconf 79' lang='lat' dir='ltr'><strong><em>Qui</em></strong></span> <span class='ocrx_word' id='word_1_97' title='bbox 636 1899 732 1972; x_wconf 91' lang='lat' dir='ltr'><strong><em>sunt</em></strong></span> <span class='ocrx_word' id='word_1_98' title='bbox 747 1879 828 1992; x_wconf 86' lang='lat' dir='ltr'><strong><em>isli,</em></strong></span> <span class='ocrx_word' id='word_1_99' title='bbox 857 1893 942 1974; x_wconf 84' lang='lat' dir='ltr'><strong><em>nisi</em></strong></span> <span class='ocrx_word' id='word_1_100' title='bbox 962 1889 1097 1976; x_wconf 81' lang='lat' dir='ltr'><strong><em>elerici</em></strong></span> <span class='ocrx_word' id='word_1_101' title='bbox 1119 1893 1253 1976; x_wconf 89' lang='lat' dir='ltr'><strong><em>idonei</em></strong></span> <span class='ocrx_word' id='word_1_102' title='bbox 1279 1900 1317 1976; x_wconf 81' lang='lat' dir='ltr'><strong><em>et</em></strong></span> <span class='ocrx_word' id='word_1_103' title='bbox 1344 1894 1530 1977; x_wconf 86' lang='lat' dir='ltr'><strong><em>nrouuclu‘</em></strong></span> <span class='ocrx_word' id='word_1_104' title='bbox 1556 1896 1650 1979; x_wconf 88' lang='lat' dir='ltr'><strong><em>reli·</em></strong></span> <span class='ocrx_word' id='word_1_105' title='bbox 1698 1999 1701 2003; x_wconf 79' lang='lat'>.</span> 
     </span>
     <span class='ocr_line' id='line_1_14' title="bbox 119 2019 1650 2129; baseline 0.005 -29"><span class='ocrx_word' id='word_1_106' title='bbox 119 2106 124 2115; x_wconf 59' lang='grc'><em>,</em></span> <span class='ocrx_word' id='word_1_107' title='bbox 145 2023 148 2028; x_wconf 83' lang='grc'><strong>’</strong></span> <span class='ocrx_word' id='word_1_108' title='bbox 202 2021 337 2129; x_wconf 72' lang='grc' dir='ltr'><strong><em>,ρὶοεὶ</em></strong></span> <span class='ocrx_word' id='word_1_109' title='bbox 354 2020 413 2102; x_wconf 81' lang='lat' dir='ltr'><strong><em>rel</em></strong></span> <span class='ocrx_word' id='word_1_110' title='bbox 427 2019 554 2105; x_wconf 78' lang='lat' dir='ltr'><strong><em>loiri?</em></strong></span> <span class='ocrx_word' id='word_1_111' title='bbox 584 2021 778 2126; x_wconf 78' lang='lat' dir='ltr'><strong><em>Quisquis</em></strong></span> <span class='ocrx_word' id='word_1_112' title='bbox 793 2021 994 2128; x_wconf 83' lang='lat' dir='ltr'><strong><em>ipilurbis</em></strong></span> <span class='ocrx_word' id='word_1_113' title='bbox 1016 2026 1241 2107; x_wconf 73' lang='lat' dir='ltr'><strong><em>irreverens</em></strong></span> <span class='ocrx_word' id='word_1_114' title='bbox 1264 2030 1335 2105; x_wconf 88' lang='lat' dir='ltr'><strong><em>unt</em></strong></span> <span class='ocrx_word' id='word_1_115' title='bbox 1348 2025 1650 2109; x_wconf 84' lang='lat' dir='ltr'><strong><em>contumeliosus</em></strong></span> 
     </span>
     <span class='ocr_line' id='line_1_15' title="bbox 162 2150 1650 2264; baseline 0.002 -31"><span class='ocrx_word' id='word_1_116' title='bbox 162 2257 166 2264; x_wconf 22' lang='grc'>,</span> <span class='ocrx_word' id='word_1_117' title='bbox 233 2153 441 2256; x_wconf 76' lang='lat' dir='ltr'><strong><em>restiterit,</em></strong></span> <span class='ocrx_word' id='word_1_118' title='bbox 468 2152 545 2235; x_wconf 87' lang='lat' dir='ltr'><strong><em>lroc</em></strong></span> <span class='ocrx_word' id='word_1_119' title='bbox 571 2150 675 2234; x_wconf 81' lang='lat' dir='ltr'><strong><em>uelut</em></strong></span> <span class='ocrx_word' id='word_1_120' title='bbox 697 2176 830 2257; x_wconf 87' lang='lat' dir='ltr'><strong><em>poeno</em></strong></span> <span class='ocrx_word' id='word_1_121' title='bbox 850 2155 1057 2258; x_wconf 76' lang='lat' dir='ltr'><strong><em>plectetur,</em></strong></span> <span class='ocrx_word' id='word_1_122' title='bbox 1086 2162 1127 2237; x_wconf 93' lang='lat' dir='ltr'><strong><em>nt</em></strong></span> <span class='ocrx_word' id='word_1_123' title='bbox 1156 2155 1324 2257; x_wconf 83' lang='lat' dir='ltr'><strong><em>insornri</em></strong></span> <span class='ocrx_word' id='word_1_124' title='bbox 1350 2179 1455 2237; x_wconf 77' lang='lat' dir='ltr'><strong><em>soro</em></strong></span> <span class='ocrx_word' id='word_1_125' title='bbox 1482 2153 1650 2262; x_wconf 75' lang='lat' dir='ltr'><strong><em>relipnto</em></strong></span> 
     </span>
     <span class='ocr_line' id='line_1_16' title="bbox 233 2280 1091 2386; baseline 0.007 -23"><span class='ocrx_word' id='word_1_126' title='bbox 233 2280 297 2365; x_wconf 91' lang='lat' dir='ltr'><strong><em>illi</em></strong></span> <span class='ocrx_word' id='word_1_127' title='bbox 325 2282 383 2386; x_wconf 88' lang='lat' dir='ltr'><strong><em>od</em></strong></span> <span class='ocrx_word' id='word_1_128' title='bbox 409 2281 550 2365; x_wconf 88' lang='lat' dir='ltr'><strong><em>collnrn</em></strong></span> <span class='ocrx_word' id='word_1_129' title='bbox 573 2282 866 2385; x_wconf 66' lang='lat' dir='ltr'><strong><em>praecipitetur</em></strong></span> <span class='ocrx_word' id='word_1_130' title='bbox 895 2284 937 2365; x_wconf 86' lang='lat' dir='ltr'><strong><em>in</em></strong></span> <span class='ocrx_word' id='word_1_131' title='bbox 966 2311 1091 2370; x_wconf 87' lang='lat' dir='ltr'><strong><em>ruore.</em></strong></span> 
     </span>
     <span class='ocr_line' id='line_1_17' title="bbox 350 2410 1649 2520; baseline 0.003 -26"><span class='ocrx_word' id='word_1_132' title='bbox 350 2411 562 2520; x_wconf 87' lang='lat' dir='ltr'><strong><em>Sequitur:</em></strong></span> <span class='ocrx_word' id='word_1_133' title='bbox 594 2410 644 2494; x_wconf 85' lang='lat' dir='ltr'><strong><em>Si</em></strong></span> <span class='ocrx_word' id='word_1_134' title='bbox 665 2413 918 2518; x_wconf 74' lang='lat' dir='ltr'><strong><em>conprepotio</em></strong></span> <span class='ocrx_word' id='word_1_135' title='bbox 939 2415 1074 2518; x_wconf 76' lang='lat' dir='ltr'><strong><em>nroJ&#39;or</em></strong></span> <span class='ocrx_word' id='word_1_136' title='bbox 1091 2414 1228 2517; x_wconf 72' lang='lat' dir='ltr'><strong><em>(ruerit,</em></strong></span> <span class='ocrx_word' id='word_1_137' title='bbox 1257 2415 1404 2500; x_wconf 86' lang='lat' dir='ltr'><strong><em>solutio</em></strong></span> <span class='ocrx_word' id='word_1_138' title='bbox 1429 2417 1468 2498; x_wconf 88' lang='lat' dir='ltr'><strong><em>ei</em></strong></span> <span class='ocrx_word' id='word_1_139' title='bbox 1491 2415 1649 2515; x_wconf 88' lang='lat' dir='ltr'><strong><em>dentur,</em></strong></span> 
     </span>
     <span class='ocr_line' id='line_1_18' title="bbox 237 2541 1648 2650; baseline 0.001 -25"><span class='ocrx_word' id='word_1_140' title='bbox 237 2573 263 2625; x_wconf 90' lang='lat' dir='ltr'><strong><em>u</em></strong></span> <span class='ocrx_word' id='word_1_141' title='bbox 292 2543 436 2648; x_wconf 89' lang='lat' dir='ltr'><strong><em>quibus</em></strong></span> <span class='ocrx_word' id='word_1_142' title='bbox 464 2541 632 2644; x_wconf 84' lang='lat' dir='ltr'><strong><em>orljrdns</em></strong></span> <span class='ocrx_word' id='word_1_143' title='bbox 664 2548 700 2623; x_wconf 84' lang='lat' dir='ltr'><strong><em>et</em></strong></span> <span class='ocrx_word' id='word_1_144' title='bbox 729 2545 818 2646; x_wconf 88' lang='lat' dir='ltr'><strong><em>ipso</em></strong></span> <span class='ocrx_word' id='word_1_145' title='bbox 843 2570 968 2648; x_wconf 89' lang='lat' dir='ltr'><strong><em>nequo</em></strong></span> <span class='ocrx_word' id='word_1_146' title='bbox 995 2544 1132 2627; x_wconf 89' lang='lat' dir='ltr'><strong><em>nnirno</em></strong></span> <span class='ocrx_word' id='word_1_147' title='bbox 1164 2545 1330 2650; x_wconf 84' lang='lat' dir='ltr'><strong><em>impleut</em></strong></span> <span class='ocrx_word' id='word_1_148' title='bbox 1363 2543 1539 2648; x_wconf 77' lang='lat' dir='ltr'><strong><em>officium</em></strong></span> <span class='ocrx_word' id='word_1_149' title='bbox 1569 2545 1648 2627; x_wconf 89' lang='lat' dir='ltr'><strong><em>sibi</em></strong></span> 
     </span>
     <span class='ocr_line' id='line_1_19' title="bbox 234 2667 1660 2782; baseline 0.001 -25"><span class='ocrx_word' id='word_1_150' title='bbox 234 2675 501 2757; x_wconf 89' lang='lat' dir='ltr'><strong><em>eonunissunr.</em></strong></span> <span class='ocrx_word' id='word_1_151' title='bbox 560 2671 739 2773; x_wconf 81' lang='lat' dir='ltr'><strong><em>Ferunt,</em></strong></span> <span class='ocrx_word' id='word_1_152' title='bbox 767 2674 864 2782; x_wconf 87' lang='lat' dir='ltr'><strong><em>quis</em></strong></span> <span class='ocrx_word' id='word_1_153' title='bbox 899 2674 1009 2781; x_wconf 79' lang='lat' dir='ltr'><strong><em>apud</em></strong></span> <span class='ocrx_word' id='word_1_154' title='bbox 1043 2675 1235 2782; x_wconf 78' lang='lat' dir='ltr'><strong><em>antiquos</em></strong></span> <span class='ocrx_word' id='word_1_155' title='bbox 1265 2703 1354 2756; x_wconf 87' lang='lat' dir='ltr'><strong><em>uros</em></strong></span> <span class='ocrx_word' id='word_1_156' title='bbox 1382 2674 1524 2776; x_wconf 80' lang='lat' dir='ltr'><strong><em>luerit,</em></strong></span> <span class='ocrx_word' id='word_1_157' title='bbox 1552 2667 1660 2782; x_wconf 83' lang='lat' dir='ltr'><strong><em>quis¹</em></strong></span> 
     </span>
     <span class='ocr_line' id='line_1_20' title="bbox 232 2803 1648 2889; baseline 0.001 -3"><span class='ocrx_word' id='word_1_158' title='bbox 232 2804 466 2887; x_wconf 78' lang='lat' dir='ltr'><strong><em>cellerarius</em></strong></span> <span class='ocrx_word' id='word_1_159' title='bbox 496 2805 537 2888; x_wconf 91' lang='lat' dir='ltr'><strong><em>iu</em></strong></span> <span class='ocrx_word' id='word_1_160' title='bbox 566 2804 759 2888; x_wconf 76' lang='lat' dir='ltr'><strong><em>cathedre</em></strong></span> <span class='ocrx_word' id='word_1_161' title='bbox 787 2805 831 2887; x_wconf 88' lang='lat' dir='ltr'><strong><em>iu</em></strong></span> <span class='ocrx_word' id='word_1_162' title='bbox 858 2803 949 2888; x_wconf 90' lang='lat' dir='ltr'><strong><em>loeo</em></strong></span> <span class='ocrx_word' id='word_1_163' title='bbox 979 2817 1079 2889; x_wconf 89' lang='lat' dir='ltr'><strong><em>noto</em></strong></span> <span class='ocrx_word' id='word_1_164' title='bbox 1107 2805 1276 2888; x_wconf 81' lang='lat' dir='ltr'><strong><em>sedebat</em></strong></span> <span class='ocrx_word' id='word_1_165' title='bbox 1302 2811 1345 2888; x_wconf 88' lang='lat' dir='ltr'><strong><em>et·</em></strong></span> <span class='ocrx_word' id='word_1_166' title='bbox 1367 2805 1545 2888; x_wconf 84' lang='lat' dir='ltr'><strong><em>bubebut</em></strong></span> <span class='ocrx_word' id='word_1_167' title='bbox 1568 2807 1648 2888; x_wconf 89' lang='lat' dir='ltr'><strong><em>dis·</em></strong></span> 
     </span>
     <span class='ocr_line' id='line_1_21' title="bbox 157 2934 1648 3046; baseline 0.001 -27"><span class='ocrx_word' id='word_1_168' title='bbox 157 2935 166 2953; x_wconf 85' lang='lat'>&#39;</span> <span class='ocrx_word' id='word_1_169' title='bbox 232 2935 411 3046; x_wconf 72' lang='lat' dir='ltr'><strong><em>dputes,</em></strong></span> <span class='ocrx_word' id='word_1_170' title='bbox 450 2963 553 3045; x_wconf 88' lang='lat' dir='ltr'><strong><em>quos</em></strong></span> <span class='ocrx_word' id='word_1_171' title='bbox 587 2934 794 3044; x_wconf 78' lang='lat' dir='ltr'><strong><em>dirigebat</em></strong></span> <span class='ocrx_word' id='word_1_172' title='bbox 830 2935 881 3020; x_wconf 87' lang='lat' dir='ltr'><strong><em>ud</em></strong></span> <span class='ocrx_word' id='word_1_173' title='bbox 911 2934 1269 3046; x_wconf 73' lang='lat' dir='ltr'><strong><em>siugulis‘uliquid</em></strong></span> <span class='ocrx_word' id='word_1_174' title='bbox 1297 2936 1492 3022; x_wconf 80' lang='lat' dir='ltr'><strong><em>barulum.</em></strong></span> <span class='ocrx_word' id='word_1_175' title='bbox 1553 2935 1648 3021; x_wconf 92' lang='lat' dir='ltr'><strong><em>ldeo</em></strong></span> 
     </span>
     <span class='ocr_line' id='line_1_22' title="bbox 124 3067 1649 3179; baseline 0 -27"><span class='ocrx_word' id='word_1_176' title='bbox 124 3079 163 3159; x_wconf 82' lang='grc'><strong><em>,’</em></strong></span> <span class='ocrx_word' id='word_1_177' title='bbox 233 3071 341 3153; x_wconf 88' lang='lat' dir='ltr'><strong><em>enim</em></strong></span> <span class='ocrx_word' id='word_1_178' title='bbox 372 3069 414 3150; x_wconf 89' lang='lat' dir='ltr'><strong><em>iu</em></strong></span> <span class='ocrx_word' id='word_1_179' title='bbox 446 3098 526 3151; x_wconf 82' lang='lat' dir='ltr'><strong><em>nrm</em></strong></span> <span class='ocrx_word' id='word_1_180' title='bbox 555 3067 647 3151; x_wconf 87' lang='lat' dir='ltr'><strong><em>loco</em></strong></span> <span class='ocrx_word' id='word_1_181' title='bbox 675 3067 855 3168; x_wconf 69' lang='lat' dir='ltr'><strong><em>sedebat,</em></strong></span> <span class='ocrx_word' id='word_1_182' title='bbox 889 3077 1118 3170; x_wconf 71' lang='lat' dir='ltr'><strong><em>intumuere,</em></strong></span> <span class='ocrx_word' id='word_1_183' title='bbox 1149 3071 1219 3179; x_wconf 89' lang='lat' dir='ltr'><strong><em>qui</em></strong></span> <span class='ocrx_word' id='word_1_184' title='bbox 1250 3097 1413 3152; x_wconf 85' lang='lat' dir='ltr'><strong><em>neeesse</em></strong></span> <span class='ocrx_word' id='word_1_185' title='bbox 1441 3067 1649 3152; x_wconf 77' lang='lat' dir='ltr'><strong><em>habebant</em></strong></span> 
     </span>
     <span class='ocr_line' id='line_1_23' title="bbox 232 3199 1649 3309; baseline -0.002 -25"><span class='ocrx_word' id='word_1_186' title='bbox 232 3200 387 3309; x_wconf 77' lang='lat' dir='ltr'><strong><em>aliquid</em></strong></span> <span class='ocrx_word' id='word_1_187' title='bbox 417 3201 470 3282; x_wconf 87' lang='lat' dir='ltr'><strong><em>ub</em></strong></span> <span class='ocrx_word' id='word_1_188' title='bbox 490 3201 562 3285; x_wconf 90' lang='lat' dir='ltr'><strong><em>illu</em></strong></span> <span class='ocrx_word' id='word_1_189' title='bbox 584 3210 735 3308; x_wconf 82' lang='lat' dir='ltr'><strong><em>petere,</em></strong></span> <span class='ocrx_word' id='word_1_190' title='bbox 763 3227 921 3309; x_wconf 83' lang='lat' dir='ltr'><strong><em>semper</em></strong></span> <span class='ocrx_word' id='word_1_191' title='bbox 941 3209 1197 3309; x_wconf 82' lang='lat' dir='ltr'><strong><em>praesentem</em></strong></span> <span class='ocrx_word' id='word_1_192' title='bbox 1223 3202 1467 3284; x_wconf 85' lang='lat' dir='ltr'><strong><em>invenirent.</em></strong></span> <span class='ocrx_word' id='word_1_193' title='bbox 1510 3199 1649 3304; x_wconf 76' lang='lat' dir='ltr'><strong><em>ueqru</em></strong></span> 
     </span>
     <span class='ocr_line' id='line_1_24' title="bbox 132 3327 1646 3440; baseline 0.001 -30"><span class='ocrx_word' id='word_1_194' title='bbox 132 3373 135 3378; x_wconf 47' lang='grc'><strong>’</strong></span> <span class='ocrx_word' id='word_1_195' title='bbox 231 3327 390 3430; x_wconf 78' lang='lat' dir='ltr'><strong><em>enidro,</em></strong></span> <span class='ocrx_word' id='word_1_196' title='bbox 419 3330 444 3413; x_wconf 89' lang='lat' dir='ltr'><strong><em>i.</em></strong></span> <span class='ocrx_word' id='word_1_197' title='bbox 475 3361 510 3414; x_wconf 92' lang='lat' dir='ltr'><strong><em>e.</em></strong></span> <span class='ocrx_word' id='word_1_198' title='bbox 552 3331 778 3440; x_wconf 83' lang='lat' dir='ltr'><strong><em>tranquillo</em></strong></span> <span class='ocrx_word' id='word_1_199' title='bbox 813 3331 975 3433; x_wconf 86' lang='lat' dir='ltr'><strong><em>enirno,</em></strong></span> <span class='ocrx_word' id='word_1_200' title='bbox 1005 3333 1115 3416; x_wconf 85' lang='lat' dir='ltr'><strong><em>bono</em></strong></span> <span class='ocrx_word' id='word_1_201' title='bbox 1149 3335 1313 3432; x_wconf 82' lang='lat' dir='ltr'><strong><em>uuiruo,</em></strong></span> <span class='ocrx_word' id='word_1_202' title='bbox 1341 3333 1370 3420; x_wconf 87' lang='lat' dir='ltr'><strong><em>i.</em></strong></span> <span class='ocrx_word' id='word_1_203' title='bbox 1398 3359 1434 3420; x_wconf 87' lang='lat' dir='ltr'><strong><em>e.</em></strong></span> <span class='ocrx_word' id='word_1_204' title='bbox 1471 3331 1646 3440; x_wconf 79' lang='lat' dir='ltr'><strong><em>patienti</em></strong></span> 
     </span>
    </p>
   </div>
   <div class='ocr_carea' id='block_1_3' title="bbox 231 3461 1850 3572">
    <p class='ocr_par' dir='ltr' id='par_1_3' title="bbox 231 3461 1850 3572">
     <span class='ocr_line' id='line_1_25' title="bbox 231 3461 1850 3572; baseline 0 -29"><span class='ocrx_word' id='word_1_205' title='bbox 231 3463 382 3561; x_wconf 78' lang='lat' dir='ltr'><strong><em>murno,</em></strong></span> <span class='ocrx_word' id='word_1_206' title='bbox 406 3463 514 3546; x_wconf 86' lang='lat' dir='ltr'><strong><em>uude</em></strong></span> <span class='ocrx_word' id='word_1_207' title='bbox 528 3461 679 3546; x_wconf 85' lang='lat' dir='ltr'><strong><em>dieitur</em></strong></span> <span class='ocrx_word' id='word_1_208' title='bbox 698 3490 839 3547; x_wconf 84' lang='lat' dir='ltr'><strong><em>eseeo:</em></strong></span> <span class='ocrx_word' id='word_1_209' title='bbox 866 3464 1069 3568; x_wconf 83' lang='lat' dir='ltr'><strong><em>aequioris</em></strong></span> <span class='ocrx_word' id='word_1_210' title='bbox 1081 3466 1212 3546; x_wconf 83' lang='lat' dir='ltr'><strong><em>orrirnr&#39;</em></strong></span> <span class='ocrx_word' id='word_1_211' title='bbox 1225 3469 1320 3562; x_wconf 84' lang='lat' dir='ltr'><strong><em>esto,</em></strong></span> <span class='ocrx_word' id='word_1_212' title='bbox 1343 3463 1370 3550; x_wconf 84' lang='lat' dir='ltr'><strong><em>i.</em></strong></span> <span class='ocrx_word' id='word_1_213' title='bbox 1393 3491 1427 3546; x_wconf 90' lang='lat' dir='ltr'><strong><em>e.</em></strong></span> <span class='ocrx_word' id='word_1_214' title='bbox 1450 3462 1647 3572; x_wconf 83' lang='lat' dir='ltr'><strong><em>patieutis</em></strong></span> <span class='ocrx_word' id='word_1_215' title='bbox 1713 3555 1715 3558; x_wconf 45' lang='grc'>,</span> <span class='ocrx_word' id='word_1_216' title='bbox 1843 3502 1850 3543; x_wconf 85' lang='grc'>;</span> 
     </span>
    </p>
   </div>
   <div class='ocr_carea' id='block_1_4' title="bbox 187 3591 1647 3832">
    <p class='ocr_par' dir='ltr' id='par_1_4' title="bbox 187 3591 1647 3832">
     <span class='ocr_line' id='line_1_26' title="bbox 232 3591 864 3701; baseline -0.002 -27"><span class='ocrx_word' id='word_1_217' title='bbox 232 3591 358 3674; x_wconf 73' lang='lat' dir='ltr'><strong><em>urrinni</em></strong></span> <span class='ocrx_word' id='word_1_218' title='bbox 389 3593 453 3676; x_wconf 83' lang='lat' dir='ltr'><strong><em>sel</em></strong></span> <span class='ocrx_word' id='word_1_219' title='bbox 482 3592 694 3701; x_wconf 82' lang='lat' dir='ltr'><strong><em>tranquilli</em></strong></span> <span class='ocrx_word' id='word_1_220' title='bbox 724 3593 864 3676; x_wconf 84' lang='lat' dir='ltr'><strong><em>enimi.</em></strong></span> 
     </span>
     <span class='ocr_line' id='line_1_27' title="bbox 187 3721 1647 3832; baseline -0.001 -27"><span class='ocrx_word' id='word_1_221' title='bbox 187 3777 191 3786; x_wconf 89' lang='lat'><em>-</em></span> <span class='ocrx_word' id='word_1_222' title='bbox 343 3721 562 3830; x_wconf 86' lang='lat' dir='ltr'><strong><em>Sequitur:</em></strong></span> <span class='ocrx_word' id='word_1_223' title='bbox 592 3721 724 3806; x_wconf 83' lang='lat' dir='ltr'><strong><em>Horis</em></strong></span> <span class='ocrx_word' id='word_1_224' title='bbox 743 3723 1049 3826; x_wconf 70' lang='lat' dir='ltr'><strong><em>conpetentibus</em></strong></span> <span class='ocrx_word' id='word_1_225' title='bbox 1069 3724 1227 3823; x_wconf 89' lang='lat' dir='ltr'><strong><em>dentur,</em></strong></span> <span class='ocrx_word' id='word_1_226' title='bbox 1256 3749 1359 3828; x_wconf 88' lang='lat' dir='ltr'><strong><em>quue</em></strong></span> <span class='ocrx_word' id='word_1_227' title='bbox 1380 3723 1520 3806; x_wconf 80' lang='lat' dir='ltr'><strong><em>dorrdo</em></strong></span> <span class='ocrx_word' id='word_1_228' title='bbox 1542 3728 1647 3832; x_wconf 71' lang='lat' dir='ltr'><strong><em>suut,</em></strong></span> 
     </span>
    </p>
   </div>
   <div class='ocr_carea' id='block_1_5' title="bbox 231 3855 1756 3957">
    <p class='ocr_par' dir='ltr' id='par_1_5' title="bbox 231 3855 1756 3957">
     <span class='ocr_line' id='line_1_28' title="bbox 231 3855 1756 3957; baseline -0.001 -22"><span class='ocrx_word' id='word_1_229' title='bbox 231 3859 268 3935; x_wconf 85' lang='lat' dir='ltr'><strong><em>et</em></strong></span> <span class='ocrx_word' id='word_1_230' title='bbox 290 3857 505 3956; x_wconf 86' lang='lat' dir='ltr'><strong><em>peluntur,</em></strong></span> <span class='ocrx_word' id='word_1_231' title='bbox 541 3879 643 3956; x_wconf 84' lang='lat' dir='ltr'><strong><em>qnue</em></strong></span> <span class='ocrx_word' id='word_1_232' title='bbox 676 3855 849 3956; x_wconf 86' lang='lat' dir='ltr'><strong><em>pelerulu</em></strong></span> <span class='ocrx_word' id='word_1_233' title='bbox 878 3859 990 3951; x_wconf 84' lang='lat' dir='ltr'><strong><em>sunt,</em></strong></span> <span class='ocrx_word' id='word_1_234' title='bbox 1028 3857 1072 3935; x_wconf 94' lang='lat' dir='ltr'><strong><em>ut</em></strong></span> <span class='ocrx_word' id='word_1_235' title='bbox 1106 3879 1221 3936; x_wconf 84' lang='lat' dir='ltr'><strong><em>neruo</em></strong></span> <span class='ocrx_word' id='word_1_236' title='bbox 1240 3855 1500 3957; x_wconf 73' lang='lat' dir='ltr'><strong><em>pertentetur</em></strong></span> <span class='ocrx_word' id='word_1_237' title='bbox 1527 3880 1649 3957; x_wconf 80' lang='lat' dir='ltr'><strong><em>rreqroe</em></strong></span> <span class='ocrx_word' id='word_1_238' title='bbox 1754 3951 1756 3954; x_wconf 16' lang='lat'><strong><em>¹</em></strong></span> 
     </span>
    </p>
   </div>
   <div class='ocr_carea' id='block_1_6' title="bbox 150 3981 1650 4485">
    <p class='ocr_par' dir='ltr' id='par_1_6' title="bbox 150 3981 1650 4485">
     <span class='ocr_line' id='line_1_29' title="bbox 231 3981 1649 4086; baseline -0.001 -21"><span class='ocrx_word' id='word_1_239' title='bbox 231 3983 487 4065; x_wconf 77' lang='lat' dir='ltr'><strong><em>contristetur</em></strong></span> <span class='ocrx_word' id='word_1_240' title='bbox 514 3982 557 4065; x_wconf 89' lang='lat' dir='ltr'><strong><em>in</em></strong></span> <span class='ocrx_word' id='word_1_241' title='bbox 587 3985 704 4064; x_wconf 89' lang='lat' dir='ltr'><strong><em>donro</em></strong></span> <span class='ocrx_word' id='word_1_242' title='bbox 734 3981 828 4068; x_wconf 85' lang='lat' dir='ltr'><strong><em>Dei.</em></strong></span> <span class='ocrx_word' id='word_1_243' title='bbox 886 3981 1017 4065; x_wconf 80' lang='lat' dir='ltr'><strong><em>Horis</em></strong></span> <span class='ocrx_word' id='word_1_244' title='bbox 1051 3981 1379 4086; x_wconf 75' lang='lat' dir='ltr'><strong><em>conspuentibus,</em></strong></span> <span class='ocrx_word' id='word_1_245' title='bbox 1407 3985 1433 4067; x_wconf 90' lang='grc' dir='ltr'><strong><em>ἰ.</em></strong></span> <span class='ocrx_word' id='word_1_246' title='bbox 1462 4013 1498 4072; x_wconf 88' lang='lat' dir='ltr'><strong><em>e.</em></strong></span> <span class='ocrx_word' id='word_1_247' title='bbox 1537 3982 1649 4067; x_wconf 83' lang='lat' dir='ltr'><strong><em>horis</em></strong></span> 
     </span>
     <span class='ocr_line' id='line_1_30' title="bbox 230 4113 1648 4223; baseline -0.004 -26"><span class='ocrx_word' id='word_1_248' title='bbox 230 4116 340 4222; x_wconf 75' lang='lat' dir='ltr'><strong><em>aptis</em></strong></span> <span class='ocrx_word' id='word_1_249' title='bbox 371 4121 413 4196; x_wconf 88' lang='lat' dir='ltr'><strong><em>et</em></strong></span> <span class='ocrx_word' id='word_1_250' title='bbox 441 4115 650 4223; x_wconf 77' lang='lat' dir='ltr'><strong><em>congruis.</em></strong></span> <span class='ocrx_word' id='word_1_251' title='bbox 709 4113 823 4197; x_wconf 85' lang='lat' dir='ltr'><strong><em>istud</em></strong></span> <span class='ocrx_word' id='word_1_252' title='bbox 851 4113 964 4198; x_wconf 87' lang='lat' dir='ltr'><strong><em>boris</em></strong></span> <span class='ocrx_word' id='word_1_253' title='bbox 990 4113 1296 4218; x_wconf 75' lang='lat' dir='ltr'><strong><em>conspuentibus</em></strong></span> <span class='ocrx_word' id='word_1_254' title='bbox 1329 4113 1491 4196; x_wconf 85' lang='lat' dir='ltr'><strong><em>duobus</em></strong></span> <span class='ocrx_word' id='word_1_255' title='bbox 1518 4113 1648 4204; x_wconf 81' lang='lat' dir='ltr'><strong><em>modis</em></strong></span> 
     </span>
     <span class='ocr_line' id='line_1_31' title="bbox 235 4242 1650 4354; baseline -0.001 -27"><span class='ocrx_word' id='word_1_256' title='bbox 235 4245 498 4354; x_wconf 85' lang='lat' dir='ltr'><strong><em>intelligitur,</em></strong></span> <span class='ocrx_word' id='word_1_257' title='bbox 528 4245 553 4328; x_wconf 92' lang='lat' dir='ltr'><strong><em>i.</em></strong></span> <span class='ocrx_word' id='word_1_258' title='bbox 579 4272 614 4327; x_wconf 92' lang='lat' dir='ltr'><strong><em>e.</em></strong></span> <span class='ocrx_word' id='word_1_259' title='bbox 638 4272 721 4328; x_wconf 90' lang='lat' dir='ltr'><strong><em>nou</em></strong></span> <span class='ocrx_word' id='word_1_260' title='bbox 750 4242 875 4328; x_wconf 89' lang='lat' dir='ltr'><strong><em>debet</em></strong></span> <span class='ocrx_word' id='word_1_261' title='bbox 900 4243 991 4326; x_wconf 83' lang='lat' dir='ltr'><strong><em>aliis</em></strong></span> <span class='ocrx_word' id='word_1_262' title='bbox 1020 4243 1133 4326; x_wconf 86' lang='lat' dir='ltr'><strong><em>horis</em></strong></span> <span class='ocrx_word' id='word_1_263' title='bbox 1164 4247 1313 4351; x_wconf 85' lang='lat' dir='ltr'><strong><em>petere,</em></strong></span> <span class='ocrx_word' id='word_1_264' title='bbox 1343 4271 1448 4351; x_wconf 83' lang='lat' dir='ltr'><strong><em>quse</em></strong></span> <span class='ocrx_word' id='word_1_265' title='bbox 1469 4243 1650 4352; x_wconf 81' lang='lat' dir='ltr'><strong><em>petendu</em></strong></span> 
     </span>
     <span class='ocr_line' id='line_1_32' title="bbox 150 4372 1649 4485; baseline -0.002 -26"><span class='ocrx_word' id='word_1_266' title='bbox 150 4407 153 4412; x_wconf 93' lang='lat'>·</span> <span class='ocrx_word' id='word_1_267' title='bbox 236 4383 346 4479; x_wconf 84' lang='lat' dir='ltr'><strong><em>suut,</em></strong></span> <span class='ocrx_word' id='word_1_268' title='bbox 376 4375 452 4458; x_wconf 87' lang='lat' dir='ltr'><strong><em>nisi</em></strong></span> <span class='ocrx_word' id='word_1_269' title='bbox 474 4374 555 4458; x_wconf 90' lang='lat' dir='ltr'><strong><em>illis</em></strong></span> <span class='ocrx_word' id='word_1_270' title='bbox 579 4373 703 4478; x_wconf 76' lang='lat' dir='ltr'><strong><em>hirris,</em></strong></span> <span class='ocrx_word' id='word_1_271' title='bbox 732 4375 881 4485; x_wconf 88' lang='lat' dir='ltr'><strong><em>quibus</em></strong></span> <span class='ocrx_word' id='word_1_272' title='bbox 897 4374 1049 4458; x_wconf 87' lang='lat' dir='ltr'><strong><em>debent</em></strong></span> <span class='ocrx_word' id='word_1_273' title='bbox 1067 4372 1194 4483; x_wconf 85' lang='lat' dir='ltr'><strong><em>loqui,</em></strong></span> <span class='ocrx_word' id='word_1_274' title='bbox 1220 4373 1342 4459; x_wconf 84' lang='lat' dir='ltr'><strong><em>sicuti</em></strong></span> <span class='ocrx_word' id='word_1_275' title='bbox 1354 4380 1417 4456; x_wconf 81' lang='lat' dir='ltr'><strong><em>est</em></strong></span> <span class='ocrx_word' id='word_1_276' title='bbox 1433 4375 1475 4457; x_wconf 91' lang='lat' dir='ltr'><strong><em>iu</em></strong></span> <span class='ocrx_word' id='word_1_277' title='bbox 1493 4373 1649 4457; x_wconf 82' lang='lat' dir='ltr'><strong><em>diurnis</em></strong></span> 
     </span>
    </p>
   </div>
   <div class='ocr_carea' id='block_1_7' title="bbox 381 4557 500 4568">
    <p class='ocr_par' dir='ltr' id='par_1_7' title="bbox 381 4557 500 4568">
     <span class='ocr_line' id='line_1_33' title="bbox 381 4557 500 4568; baseline 0.008 -1"><span class='ocrx_word' id='word_1_278' title='bbox 381 4557 500 4568; x_wconf 67' lang='lat' dir='ltr'><strong><em>onon-o·—</em></strong></span> 
     </span>
    </p>
   </div>
   <div class='ocr_carea' id='block_1_8' title="bbox 129 4638 1648 5269">
    <p class='ocr_par' dir='ltr' id='par_1_8' title="bbox 129 4638 1648 5269">
     <span class='ocr_line' id='line_1_34' title="bbox 320 4638 582 4727; baseline 0 -19"><span class='ocrx_word' id='word_1_279' title='bbox 320 4643 347 4727; x_wconf 79' lang='lat'><strong><em>¹)</em></strong></span> <span class='ocrx_word' id='word_1_280' title='bbox 371 4639 505 4710; x_wconf 80' lang='lat' dir='ltr'><strong><em>tereret</em></strong></span> <span class='ocrx_word' id='word_1_281' title='bbox 524 4638 582 4727; x_wconf 82' lang='lat' dir='ltr'><strong><em>(t).</em></strong></span> 
     </span>
     <span class='ocr_line' id='line_1_35' title="bbox 320 4748 1647 4838; baseline 0 -20"><span class='ocrx_word' id='word_1_282' title='bbox 320 4761 351 4834; x_wconf 69' lang='grc' dir='ltr'><strong><em>*ι</em></strong></span> <span class='ocrx_word' id='word_1_283' title='bbox 376 4750 559 4820; x_wconf 86' lang='lat' dir='ltr'><strong><em>Honrilior.</em></strong></span> <span class='ocrx_word' id='word_1_284' title='bbox 590 4748 707 4818; x_wconf 73' lang='lat' dir='ltr'><strong><em>butt</em></strong></span> <span class='ocrx_word' id='word_1_285' title='bbox 742 4750 833 4820; x_wconf 89' lang='lat' dir='ltr'><strong><em>bour.</em></strong></span> <span class='ocrx_word' id='word_1_286' title='bbox 858 4751 912 4821; x_wconf 85' lang='lat' dir='ltr'><strong><em>b&#39;l.</em></strong></span> <span class='ocrx_word' id='word_1_287' title='bbox 941 4749 1096 4838; x_wconf 78' lang='lat' dir='ltr'><strong><em>tbtigne.</em></strong></span> <span class='ocrx_word' id='word_1_288' title='bbox 1127 4755 1211 4822; x_wconf 86' lang='lat' dir='ltr'><strong><em>loru.</em></strong></span> <span class='ocrx_word' id='word_1_289' title='bbox 1235 4753 1289 4821; x_wconf 79' lang='lat' dir='ltr'><strong><em>bl.</em></strong></span> <span class='ocrx_word' id='word_1_290' title='bbox 1313 4749 1380 4822; x_wconf 85' lang='lat' dir='ltr'><strong><em>eol.</em></strong></span> <span class='ocrx_word' id='word_1_291' title='bbox 1410 4749 1503 4838; x_wconf 72' lang='lat'><strong><em>⁴⁴2)</em></strong></span> <span class='ocrx_word' id='word_1_292' title='bbox 1548 4748 1647 4834; x_wconf 77' lang='lat' dir='ltr'><strong><em>Quod</em></strong></span> 
     </span>
     <span class='ocr_line' id='line_1_36' title="bbox 129 4853 1648 4952; baseline -0.003 -19"><span class='ocrx_word' id='word_1_293' title='bbox 129 4853 136 4870; x_wconf 61' lang='lat'>⁸</span> <span class='ocrx_word' id='word_1_294' title='bbox 229 4863 302 4933; x_wconf 79' lang='lat' dir='ltr'><strong><em>ists</em></strong></span> <span class='ocrx_word' id='word_1_295' title='bbox 338 4860 486 4932; x_wconf 73' lang='lat' dir='ltr'><strong><em>tunnulis</em></strong></span> <span class='ocrx_word' id='word_1_296' title='bbox 516 4860 645 4930; x_wconf 82' lang='lat' dir='ltr'><strong><em>nostrie</em></strong></span> <span class='ocrx_word' id='word_1_297' title='bbox 680 4861 899 4951; x_wconf 84' lang='lat' dir='ltr'><strong><em>temporibus</em></strong></span> <span class='ocrx_word' id='word_1_298' title='bbox 931 4883 955 4930; x_wconf 85' lang='lat' dir='ltr'><strong><em>n</em></strong></span> <span class='ocrx_word' id='word_1_299' title='bbox 986 4859 1228 4950; x_wconf 83' lang='lat' dir='ltr'><strong><em>compluribus</em></strong></span> <span class='ocrx_word' id='word_1_300' title='bbox 1261 4860 1494 4952; x_wconf 81' lang='lat' dir='ltr'><strong><em>scriptoribus</em></strong></span> <span class='ocrx_word' id='word_1_301' title='bbox 1526 4859 1648 4951; x_wconf 71' lang='lat' dir='ltr'><strong><em>spuria</em></strong></span> 
     </span>
     <span class='ocr_line' id='line_1_37' title="bbox 231 4969 1647 5062; baseline -0.003 -16"><span class='ocrx_word' id='word_1_302' title='bbox 231 4975 398 5050; x_wconf 79' lang='lat' dir='ltr'><strong><em>hebetur.</em></strong></span> <span class='ocrx_word' id='word_1_303' title='bbox 421 4993 491 5044; x_wconf 88' lang='lat' dir='ltr'><strong><em>nou</em></strong></span> <span class='ocrx_word' id='word_1_304' title='bbox 511 4971 654 5045; x_wconf 85' lang='lat' dir='ltr'><strong><em>uidetur</em></strong></span> <span class='ocrx_word' id='word_1_305' title='bbox 672 4993 865 5062; x_wconf 76' lang='lat' dir='ltr'><strong><em>congruere</em></strong></span> <span class='ocrx_word' id='word_1_306' title='bbox 886 4971 934 5041; x_wconf 82' lang='lat' dir='ltr'><strong><em>ud</em></strong></span> <span class='ocrx_word' id='word_1_307' title='bbox 952 4971 1002 5053; x_wconf 77' lang='lat' dir='ltr'><strong><em>id,</em></strong></span> <span class='ocrx_word' id='word_1_308' title='bbox 1023 4971 1119 5062; x_wconf 86' lang='lat' dir='ltr'><strong><em>quud</em></strong></span> <span class='ocrx_word' id='word_1_309' title='bbox 1133 4969 1356 5042; x_wconf 80' lang='lat' dir='ltr'><strong><em>llildemenu</em></strong></span> <span class='ocrx_word' id='word_1_310' title='bbox 1377 4993 1456 5043; x_wconf 84' lang='lat' dir='ltr'><strong><em>eum</em></strong></span> <span class='ocrx_word' id='word_1_311' title='bbox 1476 4978 1647 5062; x_wconf 76' lang='lat' dir='ltr'><strong><em>tunquam</em></strong></span> 
     </span>
     <span class='ocr_line' id='line_1_38' title="bbox 229 5081 1648 5176; baseline -0.004 -19"><span class='ocrx_word' id='word_1_312' title='bbox 229 5107 350 5157; x_wconf 82' lang='lat' dir='ltr'><strong><em>serum</em></strong></span> <span class='ocrx_word' id='word_1_313' title='bbox 375 5083 493 5154; x_wconf 74' lang='lat' dir='ltr'><strong><em>lledue</em></strong></span> <span class='ocrx_word' id='word_1_314' title='bbox 514 5105 603 5171; x_wconf 82' lang='lat' dir='ltr'><strong><em>opus</em></strong></span> <span class='ocrx_word' id='word_1_315' title='bbox 625 5081 742 5166; x_wconf 79' lang='lat' dir='ltr'><strong><em>effert,</em></strong></span> <span class='ocrx_word' id='word_1_316' title='bbox 765 5103 845 5152; x_wconf 86' lang='lat' dir='ltr'><strong><em>eum</em></strong></span> <span class='ocrx_word' id='word_1_317' title='bbox 867 5081 1094 5154; x_wconf 81' lang='lat' dir='ltr'><strong><em>Hildemurue</em></strong></span> <span class='ocrx_word' id='word_1_318' title='bbox 1118 5083 1209 5153; x_wconf 82' lang='lat' dir='ltr'><strong><em>torte</em></strong></span> <span class='ocrx_word' id='word_1_319' title='bbox 1225 5082 1285 5153; x_wconf 80' lang='lat' dir='ltr'><strong><em>XL</em></strong></span> <span class='ocrx_word' id='word_1_320' title='bbox 1309 5081 1413 5154; x_wconf 84' lang='lat' dir='ltr'><strong><em>suuis</em></strong></span> <span class='ocrx_word' id='word_1_321' title='bbox 1430 5089 1513 5176; x_wconf 80' lang='lat' dir='ltr'><strong><em>post</em></strong></span> <span class='ocrx_word' id='word_1_322' title='bbox 1531 5083 1648 5154; x_wconf 85' lang='lat' dir='ltr'><strong><em>Bedue</em></strong></span> 
     </span>
     <span class='ocr_line' id='line_1_39' title="bbox 228 5196 567 5269; baseline -0.018 0"><span class='ocrx_word' id='word_1_323' title='bbox 228 5196 366 5269; x_wconf 86' lang='lat' dir='ltr'><strong><em>obitum</em></strong></span> <span class='ocrx_word' id='word_1_324' title='bbox 390 5203 495 5264; x_wconf 83' lang='lat' dir='ltr'><strong><em>nutus</em></strong></span> <span class='ocrx_word' id='word_1_325' title='bbox 517 5197 567 5263; x_wconf 87' lang='lat' dir='ltr'><strong><em>sit</em></strong></span> 
     </span>
    </p>
   </div>
   <div class='ocr_carea' id='block_1_9' title="bbox 0 0 1988 5765">
    <p class='ocr_par' dir='ltr' id='par_1_9' title="bbox 0 0 1988 5765">
     <span class='ocr_line' id='line_1_40' title="bbox 0 0 1988 5765; baseline 0 0"><span class='ocrx_word' id='word_1_326' title='bbox 0 0 1988 5765; x_wconf 95' lang='lat' dir='ltr'><strong><em> </em></strong></span> 
     </span>
    </p>
   </div>
  </div>
 </body>
</html>
