3994 5770
763 273 768 280 ·
888 241 972 332 Cap.
995 237 1077 313 Vll.
1622 247 1697 330 231

289 447 466 566 peraretur
488 456 708 564 purulentas
730 463 766 542 rt
788 457 985 544 diceutes:
1012 461 1085 544 aad
1100 461 1144 544 iu
1172 462 1237 546 bis
1255 463 1439 546 erunibus
1460 488 1700 566 superantur
1723 484 1737 496 “

281 594 452 696 propter
474 613 574 696 mm,
600 587 831 696 quiritant
852 613 939 691 nos,
968 589 1018 674 tle
1039 589 1219 676 Domino
1238 591 1315 702 ipsi
1338 605 1535 704 martyres
1558 593 1702 676 dieunt

289 719 553 806 cohortantes
587 747 630 805 se
665 719 854 808 invicem.
912 721 1011 809 Gnnr
1050 722 1151 808 dicit
1191 723 1236 806 iu
1271 724 1335 807 lu's
1362 727 1565 827 orantibus,
1606 726 1703 809 snb·

235 853 238 859 ’
287 851 532 937 audiendum
562 857 645 938 est:
688 852 1086 941 mortificationibns.
1145 855 1413 963 Superarnus,
1451 857 1478 942 i.
1508 883 1542 943 e.
1573 885 1700 966 usquo
1777 883 1784 898 ¹

287 984 336 1070 ad
367 991 540 1071 mortem
571 1011 887 1098 perseveremus.
945 985 1002 1072 Pa
1030 989 1122 1073 itera
1147 988 1230 1074 ulio
1251 987 1333 1072 loeo
1355 987 1557 1094 scriptura
1583 988 1702 1074 diuite

259 1116 477 1202 ,Ρνηίηείί
505 1143 579 1204 uos
606 1116 744 1220 Deua,
772 1118 923 1225 iuquit
967 1119 1056 1226 ipue
1083 1144 1156 1204 rrae
1184 1120 1451 1225 aaarrtiuustr',
1479 1123 1582 1206 sirrrt
1609 1122 1700 1228 ipae

213 1341 215 1346 ,
284 1249 542 1335 enutriuntur
571 1256 803 1358 arpautruu,
843 1277 891 1334 aa
919 1250 951 1332 εἰ
994 1250 1169 1336 diceret:
1209 1252 1327 1335 Sient
1353 1257 1570 1360 argentum
1602 1281 1697 1362 pnr-
1821 1345 1826 1352 ,

283 1383 406 1488 gutur
434 1381 586 1490 ignea
621 1381 704 1464 suis
744 1377 907 1485 scoriis,
950 1380 1011 1466 ἰίη
1050 1385 1092 1464 ηί
1132 1385 1318 1466 sauotuur
1348 1409 1466 1464 suurn
1499 1381 1695 1467 Dominus
1777 1474 1781 1482 ,
1919 1425 1923 1434 ·

284 1516 434 1619 palpat
460 1538 486 1595 a
514 1509 596 1594 snis
620 1509 789 1596 rnulitiis
817 1509 914 1620 igue
943 1507 1222 1595 tribulationis
1247 1511 1308 1594 rol
1338 1539 1562 1622 pressurae.
1620 1511 1696 1597 Iu·

280 1639 437 1722 (ἰιιηίείί
464 1667 538 1726 uos
578 1642 629 1740 iu.¹
663 1641 858 1750 lnqrrarun.
917 1641 1124 1746 Ιηᾳηηίηη
1165 1639 1299 1744 enirn,
1340 1670 1463 1752 quoru
1496 1642 1694 1742 nominat,

94 1863 102 1877 ,
192 1825 194 1830 -
280 1771 527 1882 intelligitur
556 1801 693 1860 carcer
712 1774 774 1859 rel
804 1773 942 1882 aliqua
964 1772 1169 1858 strictura.
1231 1773 1285 1858 Et
1312 1776 1392 1860 ἰείη
1420 1777 1558 1860 ornnia
1578 1803 1696 1862 voees

278 1914 375 1984 snut
403 1910 643 2014 rnartyrunr.
702 1903 816 1989 Haea
844 1902 967 1988 etiam
995 1903 1178 1988 attinent
1206 1906 1258 1989 ad
1288 1905 1557 2005 nrouaoburu,
1598 1909 1696 2016 qnia
1833 1999 1836 2004 ,

279 2029 384 2116 εἰηηί
412 2032 493 2134 ille,
524 2035 593 2144 qni
617 2036 730 2144 jaoet
756 2035 800 2118 in
830 2061 1002 2138 earcere,
1033 2036 1224 2120 aestimat
1252 2065 1295 2119 se
1321 2042 1363 2120 et
1391 2035 1590 2146 intelligit
1619 2065 1693 2146 pro
1782 2117 1789 2128 ,
1827 2115 1830 2123 .

280 2163 454 2271 peccatis
473 2164 565 2249 'suis
594 2166 706 2251 intus
734 2193 820 2252 esse
838 2173 1055 2268 retrusum,
1086 2173 1128 2248 et
1155 2171 1276 2278 optat
1298 2167 1420 2252 etiarn
1445 2170 1619 2278 tempus,
1650 2167 1692 2251 iu

279 2325 361 2405 quo
383 2301 506 2382 exeat
528 2295 579 2381 de
594 2321 753 2381 aareere
776 2302 819 2380 et
836 2297 1023 2382 vadarno
1049 2304 1239 2408 parentes
1258 2327 1352 2382 εηοε
1373 2299 1485 2382 etad
1511 2299 1695 2408 propria·
1808 2311 1809 2316 '

278 2433 404 2512 ntem
433 2453 562 2521 suam,
591 2425 651 2512 ita
679 2433 722 2511 et
750 2427 975 2514 morreabus
1004 2429 1196 2513 debetne
1225 2429 1441 2514 aestimare
1459 2429 1502 2512 in
1533 2458 1692 2515 caruere

277 2586 383 2660 esse,
412 2558 508 2668 quia
537 2557 715 2643 claustra
743 2558 980 2643 monasterii
1014 2559 1127 2642 relat
1154 2587 1292 2644 career
1321 2561 1363 2645 iu
1395 2559 1472 2644 boa
1502 2559 1591 2645 loco
1621 2589 1693 2670 par

277 2689 466 2800 lnqnenm
496 2688 765 2801 iutelligitur3
807 2696 851 2774 et
873 2689 1000 2806 ¹debet
1028 2689 1153 2774 etiarn
1181 2699 1415 2798 exspectare
1445 2695 1623 2800 lempna,
1649 2690 1693 2775 in

277 2847 360 2930 qno
389 2827 527 2925 exeat,
567 2821 607 2908 b.
637 2849 672 2905 e.
703 2820 753 2904 ‹le
781 2849 951 2930 corpora
979 2848 1074 2922 sno,
1111 2825 1154 2905 et
1181 2821 1240 2904 ire
1269 2820 1319 2905 ad
1350 2822 1440 2906 toea
1469 2849 1543 2905 sna
1570 2829 1613 2906 et
1640 2823 1692 2936 url

277 2955 571 3066 proprietatem
600 2979 729 3055 snam,
758 2951 799 3040 b.
829 2980 864 3047 a.
894 2951 946 3040 in.
967 2950 1213 3064 paradisum,
1244 2953 1340 3062 quia
1371 2951 1458 3062 ipse
1486 2956 1549 3036 est
1580 2952 1692 3038 loeus

277 3083 539 3196 proprietatis
568 3089 750 3187 nostrae,
793 3087 836 3168 et
862 3083 914 3168 ad
944 3083 1051 3168 eires
1081 3087 1123 3168 et
1151 3083 1203 3168 ud
1232 3089 1421 3193 parentes
1449 3111 1556 3184 suos,
1586 3082 1628 3168 b.
1657 3111 1692 3172 e.
1746 3093 1748 3097 ’
1802 3123 1806 3132 .

276 3214 459 3325 angelos.
517 3215 702 3301 Posuisti
737 3215 1018 3300 tribulationes
1044 3215 1097 3299 'iu
1138 3214 1259 3300 (larsa
1288 3219 1434 3303 nostra.
1492 3213 1584 3298 Vox
1614 3215 1693 3300 ἰείη

276 3354 502 3455 nrartyrnm
532 3351 607 3446 est,
638 3374 685 3431 ao
713 3346 747 3430 εἰ
777 3346 949 3430 eliceret:
979 3345 1149 3457 posuisti
1172 3343 1378 3454 flagellum
1400 3373 1522 3455 super
1544 3373 1691 3456 eorpus

262 3475 473 3565 nostrum.
513 3479 655 3562 Potest
667 3478 790 3564 etiam
808 3505 894 3562 esse
909 3503 987 3562 vox
1004 3475 1309 3581 monaobornnr,
1335 3505 1426 3562 enm
1444 3477 1692 3583 monasticae
1784 3519 1787 3526 ·

275 3609 514 3719 disciplinae
543 3609 719 3720 subjeeti
746 3609 943 3694 existunt.
1001 3605 1059 3690 Et
1077 3611 1119 3690 ut
1144 3607 1337 3708 ostornlnt,
1367 3606 1600 3711 subpriore
1617 3635 1692 3692 rios
1776 3645 1780 3656 ·

274 3765 360 3826 esse
387 3739 552 3842 debera,
593 3739 849 3846 subsequitur
881 3738 1042 3824 naeus.-
1082 3737 1322 3842 Iruposaisti
1361 3735 1540 3823 lrarriues
1567 3729 1691 3844 eninr

274 3875 411 3978 capita
439 3877 593 3961 nostro.
652 3870 745 3956 Vox
773 3871 853 3956 ἰείη
895 3875 1121 3980 rnartyrnnr
1154 3871 1237 3968 ost,
1280 3868 1376 3976 quia
1405 3897 1526 3977 snper
1554 3869 1691 3978 ηηρίίη
1754 3867 1759 3888 ’

274 4031 346 4090 sua
375 4003 608 4089 babuerunt
635 4003 850 4114 principes,
881 4000 952 4126 qni
980 4005 1228 4109 pot-estatem
1253 4000 1489 4085 babuerunt
1508 4000 1686 4109 capitum
1758 4079 1761 4086 .

274 4162 453 4220 suorum.
511 4135 577 4220 Ad
616 4133 840 4220 monachos
879 4133 1005 4219 etiam
1046 4133 1219 4233 attinet,
1260 4131 1472 4241 quintani
1508 4133 1689 4240 corporis

273 4293 397 4375 quarn
426 4265 551 4352 etiam
580 4267 807 4373 voluntatis
835 4269 1083 4376 potestatem
1112 4263 1267 4348 babent
1295 4263 1482 4350 abbates.
1542 4263 1625 4383 Sept
1653 4271 1689 4346 et

267 4407 529 4506 praereptum
556 4396 728 4484 Dauni
766 4399 808 4482 iu
838 4395 1024 4482 arlversta
1063 4400 1100 4478 at
1135 4393 1305 4500 injuriis
1339 4419 1415 4498 per
1443 4393 1713 4500 patientiaru-

272 4527 551 4637 ‹ub'ruplarrtae,
581 4529 651 4637 qui
670 4529 861 4637 pertusa
887 4529 933 4613 iu
960 4525 1173 4612 rrrtraillaru
1192 4524 1392 4631 praebeat
1418 4530 1455 4610 et
1482 4523 1622 4624 aliern,
1652 4531 1689 4609 ot

273 4660 475 4767 rrrrsereati
501 4664 680 4748 tunicam
707 4661 912 4746 diarrittuul
940 4665 977 4746 ot
998 4655 1188 4763 pallium,
1230 4657 1438 4767 arrparr'ati
1464 4654 1688 4740 rnitiarr'aru

272 4793 424 4880 undaret
465 4797 502 4880 et
545 4794 645 4892 cluo.
709 4790 813 4894 Quia
855 4791 946 4876 vult
984 4789 1209 4892 Dominus,
1234 4787 1432 4884 animum
1475 4785 1688 4872 aluistiani

214 4999 216 5004 ,
274 4929 461 5036 paratum
493 4954 580 5036 esse
607 4924 659 5010 ad
687 4921 928 5010 sustinenda
968 4922 1097 5025 mala,
1136 4919 1229 5007 ideo
1258 4919 1383 5004 dixit:
1426 4919 1505 5026 Qui
1530 4927 1568 5006 ta
1587 4945 1687 5025 per·

273 5059 445 5147 arraserit
471 5057 516 5144 iu
545 5056 753 5144 dexteram
780 5053 994 5141 nastrum
1021 5059 1152 5155 tuanr,
1188 5053 1338 5164 pretate
1365 5049 1404 5138 ai
1430 5055 1468 5138 at
1494 5049 1689 5152 alterurn

273 5187 540 5301 nequeenim
581 5187 774 5275 convenit
801 5185 1047 5292 aluistiuno,
1087 5159 1159 5298 r'1ui
1197 5182 1372 5270 alteram
1401 5181 1528 5270 ritem
1557 5181 1688 5266 eredit
1774 5267 1776 5270 ,
