3968 5774
174 269 265 392 408*
750 261 1021 402 mpsssnxuvn
1084 315 1087 323 ·
1228 285 1232 292 '

172 523 265 609 loco
292 521 342 611 B.
369 519 613 608 Benedictus
646 520 702 606 'rlc
740 549 818 608 nsu
855 521 1116 624 balneorum
1156 523 1290 636 primu
1316 523 1587 630 intirmorum,
1668 511 1671 516 ’
1721 507 1727 522 ”
1813 510 1816 517 ⁴

171 655 352 742 monada
378 680 598 772 sanorum„
613 654 738 740 tertia
761 653 973 766 juvenum.
1030 656 1148 756 Quod
1174 656 1286 742 euim
1316 657 1434 743 sicin
1471 657 1588 764 infir·

172 788 264 893 mis,
289 787 443 897 quoties
459 784 632 894 expedit,
660 789 865 894 offeretur,
888 787 1066 900 intelligi
1086 787 1588 892 debet,eticn1siduubns
1726 767 1733 782 ⁸

173 919 331 1007 uicibus
358 919 403 1003 iu
430 918 497 1003 dio
525 917 591 1002 vel
619 925 732 1006 certe
759 927 851 1008 toto
877 922 957 1023 die,
989 922 1024 1004 si
1054 922 1271 1008 necessitas
1298 923 1437 1022 luerit,
1466 921 1588 1004 debet

174 1052 366 1138 balneum
398 1051 657 1160 praeparari,
686 1052 813 1137 ueluti
842 1051 1025 1162 ini,·qui
1054 1051 1211 1161 potitur
1237 1053 1362 1154 istum
1390 1051 1587 1141 dolorem.
1662 1107 1665 1138 l

174 1185 236 1271 Do
263 1183 373 1270 sanis
400 1185 538 1267 autem
575 1187 618 1266 ei
645 1183 697 1268 de
719 1183 942 1294 juvenibus
970 1183 1128 1268 duobus
1156 1185 1288 1269 modis
1316 1183 1584 1293 intelligitur:

171 1319 245 1402 aut
272 1313 522 1426 generaliter
549 1311 671 1398 dicit:
703 1315 894 1398 omnibus
922 1315 1159 1425 praeparari
1188 1316 1380 1416 debeant,
1407 1315 1478 1399 sed
1503 1321 1588 1398 tor-

173 1445 275 1532 dius.
332 1443 417 1532 Alii
445 1447 566 1546 sunt,
593 1445 664 1554 qui
704 1445 813 1530 istud
850 1443 1013 1528 turdins
1050 1446 1184 1530 tribus
1211 1447 1369 1531 vicibus
1407 1447 1450 1529 in
1478 1473 1599 1530 nuno.

174 1575 415 1686 intelligunt
433 1573 579 1659 (lebera
600 1575 689 1662 fieri
708 1581 966 1686 praeparato,
993 1576 1022 1663 i.
1041 1605 1076 1660 e.
1101 1576 1144 1660 iu
1159 1575 1390 1662 Natiuitote
1407 1576 1588 1680 Domini,

172 1708 216 1792 in
257 1704 414 1812 Pucclro
454 1709 580 1815 utque
622 1707 907 1793 Pentecosten.
965 1706 1051 1792 Alii
1087 1715 1206 1810 suist,
1234 1709 1304 1818 qui
1346 1707 1588 1816 intelligunt

173 1835 331 1921 (luobus
376 1836 556 1938 vicibus,
584 1834 611 1927 i.
641 1865 677 1924 e.
714 1837 758 1920 in
797 1835 1028 1922 Nativitate
1057 1835 1223 1921 Domini
1263 1843 1305 1921 ot
1342 1839 1385 1920 in
1422 1837 1589 1938 Pascha,

173 1965 283 2075 quod
322 1965 472 2051 rectius
511 1969 585 2052 est.
642 1965 738 2051 Alio
774 1965 883 2050 euim
925 1966 1048 2050 modo
1087 1967 1356 2077 intelligitur:
1398 1965 1508 2049 sanis
1547 1971 1590 2048 et

93 2151 95 2156 -
122 2115 124 2118 ·
174 2095 351 2179 maxime
372 2095 594 2204 juvenibus
622 2095 778 2180 tardius
802 2098 1073 2194 concedatun
1101 2097 1337 2182 forteenim
1356 2124 1441 2180 non
1462 2121 1590 2203 gene·
1652 2153 1654 2158 -

179 2224 323 2307 naliter
362 2225 490 2328 dixit,
529 2225 601 2309 sed
638 2227 688 2311 do
727 2226 826 2326 illis,
869 2227 939 2335 qui
975 2231 1143 2336 propter
1181 2227 1361 2312 laborem
1397 2226 1589 2332 aliquem,

97 2369 99 2374 '
172 2353 199 2440 i.
219 2383 254 2442 e.
284 2381 378 2438 curn
407 2382 542 2441 casum
564 2354 785 2440 aedificant
813 2361 886 2443 aut
912 2356 1066 2467 aliquid
1092 2358 1296 2460 laborant,
1325 2357 1434 2440 unde
1454 2355 1590 2464 inqui·

174 2493 340 2590 urantur,
368 2488 459 2574 istis
487 2487 641 2570 talibus
668 2489 997 2597 praeparandum
1026 2493 1089 2572 est
1117 2489 1323 2590 balneum,
1352 2489 1423 2572 sed
1452 2493 1589 2571 tamen

142 2619 353 2716 ”tardius3
381 2617 573 2704 similiter
600 2619 725 2704 etiarn
754 2620 806 2703 do
829 2621 1054 2729 juvenibus
1082 2621 1397 2732 intelligendum
1414 2623 1490 2721 est,
1519 2619 1589 2702 sed

175 2757 315 2836 tamen
342 2750 436 2862 plns
465 2751 621 2835 tardius
651 2751 732 2834 illis
756 2752 880 2836 debet
904 2754 1152 2862 praeparari,
1181 2781 1304 2862 quum
1323 2753 1469 2838 ceteris
1487 2750 1590 2850 aliis,

78 2897 118 2998 J
176 2882 247 2993 qui
284 2883 371 2965 suni
401 2883 594 2967 ridentur
629 2909 727 2968 esse.
785 2881 1080 2968 Verumtamen
1121 2883 1203 2968 illis
1239 2886 1490 2994 specialiter,
1519 2883 1590 2993 qui
1685 2973 1690 2984 ,

113 3123 115 3128 Ι
175 3042 250 3124 per
277 3012 444 3122 aliquod
473 3039 576 3121 opus
603 3041 647 3096 se
674 3012 918 3121 inquinant,
948 3015 1202 3122 frequentius
1237 3016 1428 3100 balneum
1468 3015 1591 3098 debet

175 3142 410 3255 praeparari
437 3169 560 3252 quom
589 3141 684 3240 illis,
714 3145 784 3253 qui
812 3144 926 3227 nulla
953 3173 1079 3253 opera
1107 3173 1298 3230 monrium
1329 3175 1373 3230 se
1402 3169 1589 3229 exercere
1660 3231 1664 3238 ,

176 3277 357 3359 student.
414 3273 538 3359 Nrrno
566 3273 787 3358 videndum
816 3280 902 3374 est,
925 3275 984 3367 ¹(le
1023 3304 1106 3384 qno
1145 3275 1295 3358 balneo
1333 3276 1445 3360 dicat
1482 3275 1590 3358 sanis

160 3405 413 3518 'lsraepururi
434 3407 596 3513 practer
612 3401 870 3487 infirmorum
891 3405 1095 3508 balneum,
1117 3408 1214 3514 qnia
1232 3406 1314 3488 illis
1333 3405 1439 3489 siout
1455 3433 1593 3488 neces·

177 3537 275 3618 sitas
304 3533 556 3617 infirmitatis
583 3535 787 3641 exposcit,
815 3541 857 3619 et
886 3536 1050 3644 quando
1078 3536 1284 3644 exposcit,
1313 3537 1435 3620 debet
1474 3565 1592 3646 proe-

177 3666 325 3776 poruri.
382 3665 492 3750 Num
520 3690 713 3747 sanorum
753 3670 797 3748 et
826 3667 1025 3774 juvenum
1054 3668 1244 3752 balneum
1274 3666 1590 3776 intelligendum

29 3888 33 3894 ,
178 3805 241 3882 est
269 3789 376 3899 tale,
406 3795 476 3880 ubi
515 3823 620 3879 unus
656 3799 817 3880 tanturn
854 3795 1036 3883 balneari
1067 3804 1215 3910 quent,
1245 3799 1367 3884 sicuti
1396 3804 1459 3883 est
1488 3801 1592 3898 tina,

178 3931 248 4014 ubi
278 3957 363 4014 non
390 3928 601 4037 possit'ab
628 3928 719 4012 oliis
747 3928 908 4037 plenius
937 3930 1086 4030 videri3
1116 3931 1239 4014 etita
1261 3930 1387 4013 etiarn
1412 3928 1592 4012 ordinari

178 4063 323 4162 «lebet,
353 4067 401 4143 ut
428 4087 502 4170 per
531 4059 668 4142 omnin
696 4058 830 4142 nuilus
861 4087 945 4142 non
975 4062 1104 4168 possit
1132 4060 1273 4146 rideri.
1331 4061 1457 4144 none
1493 4060 1594 4144 dicit

179 4194 348 4304 nliquis,
377 4221 504 4302 qnare
533 4219 617 4274 non
646 4191 701 4272 sit
736 4197 780 4274 et
815 4193 1023 4300 petrinum
1053 4191 1273 4294 balneum,
1302 4193 1373 4275 ubi
1412 4197 1495 4276 tres
1529 4190 1592 4275 vel

179 4329 261 4411 ‹lno
291 4332 364 4411 ant
392 4326 515 4408 etiam
545 4327 723 4432 quatuor
751 4324 933 4408 balneari
953 4322 1123 4431 possint.
1167 4323 1241 4406 Cui
1262 4324 1593 4434 respondendum
1678 4315 1679 4318 Ὺ

179 4465 266 4554 est:
307 4449 495 4564 eoquod
533 4455 603 4537 ille
643 4459 813 4562 propter
848 4456 1081 4539 cautionum
1120 4453 1402 4538 nefandissimi
1432 4454 1595 4537 sceleris
1649 4449 1676 4490 ⁶¹

180 4587 391 4698 praecipit,
421 4584 552 4669 solnnr
574 4585 711 4692 jacere
739 4590 782 4669 et
808 4584 1036 4668 custodiam
1058 4612 1159 4685 esse,
1187 4589 1267 4692 [et]
1298 4585 1389 4667 ideo
1419 4611 1501 4666 non
1532 4589 1593 4665 est
1673 4667 1678 4678 ,
1812 4574 1814 4581 ’

181 4717 307 4817 ratio,
337 4723 385 4800 ut
413 4714 692 4822 intelligamus
721 4713 765 4797 S.
798 4713 1062 4797 Benediotnrn
1094 4715 1368 4824 praecepisse,
1398 4713 1501 4796 duos
1530 4710 1595 4794 vel
1663 4694 1671 4708 ’

180 4853 264 4929 tres
292 4847 334 4930 in
363 4844 485 4930 simul
514 4844 656 4944 lavari,
686 4844 835 4951 inquo
863 4843 954 4926 looo
984 4843 1094 4928 illins
1121 4845 1285 4929 sceleris
1312 4841 1595 4926 nefandissimi

180 4977 340 5060 occasio
368 4979 507 5087 potest
535 5003 634 5059 esse.
679 4973 794 5063 Nihil
824 4975 935 5059 euim
963 4975 1146 5082 adjurat,
1176 4977 1283 5059 siout
1303 4973 1406 5056 dicit
1426 4971 1474 5058 Β.
1494 4971 1595 5068 (ire-

181 5109 341 5216 gorius,
371 5112 501 5190 totam
539 5107 748 5189 civitatem
790 5133 876 5189 esse
918 5107 1116 5190 munitam
1159 5111 1202 5188 et
1243 5131 1372 5188 riuum
1412 5104 1595 5186 toramen

183 5239 353 5340 babere,
383 5240 491 5322 tunde
519 5238 648 5322 hostis
671 5239 820 5336 intret3
859 5237 918 5319 ita
947 5235 1117 5323 ethaeo
1146 5237 1251 5321 ratio
1280 5236 1385 5321 nihil
1414 5233 1595 5344 adjurat,
1656 5307 1661 5316 .
