3968 5774
257 133 355 290 ιιι,
709 113 710 116 Ὗ
843 183 1082 282 mnu
1140 213 1148 224 ·

184 475 187 480 .
257 409 363 508 Quia
392 406 516 511 Dens,
551 408 669 520 cnjus
696 408 826 494 vicero
853 407 963 520 agii,
1002 437 1089 494 nou
1112 408 1275 518 judicat
1298 409 1523 496 secuudum
1553 440 1670 520 prue-

97 629 101 636 ,
258 541 469 622 scientiam
498 568 576 624 nec
601 541 826 624 secundum
854 538 1098 648 praeteribo,
1131 539 1202 624 sed
1230 541 1430 636 sioutesb
1456 545 1671 651 unusquis·

194 743 197 748 .
259 697 358 778 quer
400 673 444 751 eb
480 677 699 778 proptera
725 670 859 780 elegis
879 668 1031 754 dudam
1059 675 1104 754 et
1132 668 1247 758 dedit
1284 668 1346 752 ilii
1379 671 1584 770 loculum,
1621 701 1671 757 eo

200 873 207 888 ,
259 800 368 906 «pund
396 798 527 906 Judns
554 799 599 882 iu
628 800 700 884 ilio
727 791 915 910 temporo
943 801 1076 884 bonrrs
1096 802 1324 894 videbatur.
1382 805 1500 890 Unde
1527 836 1672 916 quam·

199 989 206 1004 .
258 957 381 1036 qurum
410 927 527 1010 ilium
554 931 752 1039 cognorit
780 929 980 1014 Dominus
1008 958 1095 1012 esse
1123 933 1275 1018 arulum
1304 935 1526 1018 secondum
1558 965 1673 1042 prae·

253 1059 468 1141 seientiam
497 1085 634 1162 snam,
675 1064 812 1144 temen
840 1060 1061 1143 secundum
1104 1062 1217 1171 quod
1247 1069 1358 1162 erar,
1396 1051 1671 1148 remuneravit

259 1186 372 1268 illurn
396 1185 591 1270 Dominus
622 1187 665 1269 iu
694 1179 901 1298 praesenti
923 1189 1098 1280 soeculo.
1157 1190 1212 1274 Et
1235 1200 1452 1302 propterea
1474 1221 1556 1275 uon
1573 1221 1673 1276 con·

82 1403 94 1428 ‘
180 1389 187 1405 ,
258 1317 424 1398 strinxit
442 1312 703 1401 abbatern'iu
727 1318 849 1424 (nou)
869 1321 1104 1430 recipiendo
1118 1323 1301 1420 iratrenn,
1330 1323 1401 1405 sed
1424 1322 1673 1431 oireoipiab

260 1459 307 1529 ut
344 1447 379 1532 si
418 1446 526 1529 sorte
563 1447 731 1528 fratrem
772 1475 856 1550 nou
891 1449 1075 1534 lucratus
1117 1450 1244 1533 inerit
1281 1451 1324 1534 in
1364 1451 1544 1535 munda
1573 1452 1673 1552 rice,

259 1577 441 1660 lucretur
467 1579 511 1659 in
539 1576 683 1674 bertia3
723 1585 767 1662 et
792 1578 827 1660 si
868 1608 952 1663 non
992 1581 1036 1662 iu
1076 1581 1240 1682 tertia,
1268 1581 1450 1664 lueretur
1477 1581 1601 1662 etiam
1629 1582 1673 1663 io·

150 1803 152 1808 .
258 1699 406 1816 quaeris
436 1707 546 1806 vice3
574 1713 618 1790 eb
644 1707 677 1789 si
707 1737 791 1792 non
822 1711 865 1792 io
888 1719 1052 1822 quarta,
1077 1712 1262 1795 lucretur
1289 1711 1433 1794 saliem
1458 1711 1500 1793 iu
1530 1712 1674 1819 quinta

259 1838 377 1934 vice3¹
407 1842 452 1920 ei
477 1837 512 1920 si
541 1867 625 1922 uon
655 1838 698 1923 in
726 1843 873 1948 quinia
902 1843 1002 1941 rice,
1044 1821 1352 1926 lueretur'vero
1379 1841 1424 1922 in
1452 1853 1595 1941 sexta,
1632 1848 1675 1925 et
1792 1951 1794 1956 Ι

258 1967 448 2050 similiter
470 1968 513 2051 iu
545 1970 746 2078 reliquum
768 1979 944 2080 tempus.
995 1973 1288 2056 Verumtamen
1313 1973 1421 2053 sicut
1446 1972 1576 2070 illurn,
1603 1973 1671 2082 qui

261 2127 336 2206 pro
365 2101 532 2208 proprio
554 2100 654 2184 vibio
674 2129 861 2212 egressus
882 2109 956 2202 esi,
987 2105 1235 2188 constrinxit
1252 2113 1296 2186 et
1315 2104 1353 2185 ei
1373 2105 1506 2214 legem
1526 2104 1674 2210 posuit,

260 2237 308 2310 ut
332 2234 426 2336 posi
449 2231 611 2314 tertium
629 2233 758 2317 ricem
775 2261 857 2316 noo
879 2232 1009 2343 possit
1031 2235 1234 2343 querelari
1256 2243 1300 2316 et
1314 2242 1460 2316 eontra
1482 2233 1673 2315 abbatem
1741 2239 1744 2246 '

236 2357 397 2464 agore
414 2359 465 2442 de
495 2389 578 2443 nou
606 2362 852 2470 recipiendo,
882 2367 942 2447 ita
963 2365 1086 2448 etiam
1110 2362 1503 2472 surbinteiligendnm
1533 2369 1599 2444 est
1624 2363 1675 2443 de

261 2489 364 2590 iliis,
405 2492 593 2600 quamvis
619 2493 662 2578 S.
692 2489 941 2574 Benedictus
968 2521 1051 2576 non
1089 2495 1261 2590 dixerit,
1301 2495 1372 2602 qui
1405 2493 1674 2600 egrediuntur

261 2649 336 2728 pro
366 2629 450 2702 n'ou
491 2623 657 2730 proprio
687 2621 809 2722 vitio,
852 2630 900 2706 ob
940 2632 1033 2732 post
1060 2625 1248 2734 'primam
1279 2625 1407 2708 vicem
1450 2650 1531 2703 non
1571 2622 1673 2704 reci·

83 2765 91 2778 '
260 2751 438 2857 piantur,
466 2779 542 2860 pro
570 2781 718 2852 conisa,
747 2780 870 2863 qnam
899 2755 1243 2864 supradiximus,
1271 2753 1298 2844 i,
1326 2782 1362 2840 e.
1391 2780 1466 2860 pro
1496 2751 1675 2859 periculo

156 2897 167 2914 ⁰
259 2881 431 2966 aliorum
464 2929 515 2948 ·-
548 2911 629 2967 nou
657 2911 776 2993 posse
804 2883 1005 2990 querelari
1020 2885 1053 2994 1)
1082 2891 1273 2998 cingere
1296 2890 1441 3001 eontra
1468 2883 1674 2982 abbatem,

223 3047 227 3054 ·
260 3043 330 3096 ens
367 3014 657 3100 constrinxisse
696 3020 740 3097 eb
780 3015 839 3098 eis
877 3015 1010 3124 legem
1052 3017 1248 3124 posuisse.
1318 3011 1425 3098 Nam
1469 3016 1505 3096 si
1529 3013 1674 3096 'abbas

261 3155 395 3229 innotus
408 3146 683 3230 misericordia
707 3145 813 3244 iilos,
838 3145 910 3253 qni
932 3173 1014 3228 uon
1032 3141 1199 3256 'proprio
1216 3147 1316 3231 nitio
1331 3145 1483 3256 egressi
1509 3144 1675 3242 inerint,

106 3279 108 3282 ’
143 3253 147 3262 ’
262 3279 369 3361 i'o'rte
398 3278 571 3362 soluerit
599 3285 674 3361 aut
702 3270 1140 3386 potueritssnscipere,
1170 3280 1229 3362 iba
1257 3278 1338 3360 iliis
1366 3277 1501 3359 dicere
1529 3275 1673 3359 debet:

126 3469 131 3478 ·
263 3387 356 3496 Nos
378 3439 449 3494 vos
478 3407 745 3493 voluissemus
772 3411 991 3521 suscipere,
1019 3411 1090 3492 sed
1115 3417 1253 3494 terueu
1277 3439 1361 3492 uon
1386 3409 1596 3506 audeonus,
1624 3433 1677 3488 ue

262 3573 336 3652 per
377 3570 449 3626 ros
486 3542 591 3626 alios
630 3542 859 3652 perdamus.
931 3541 1053 3626 Nunc
1092 3545 1231 3626 autem
1270 3547 1462 3651 optamus
1502 3539 1675 3621 salntem

263 3685 458 3759 vestram:
502 3701 577 3781 pro
604 3673 882 3789 misericordia
910 3701 983 3757 vos
1022 3673 1262 3782 recipimus,
1305 3682 1350 3755 ut
1380 3671 1575 3755 babibctis
1602 3675 1677 3753 unt

249 3804 353 3886 'sicis
381 3803 424 3885 in
441 3803 526 3886 *iuli
554 3803 667 3905 loco,
706 3805 748 3891 h.
776 3833 812 3888 e.
841 3813 915 3887 aut
952 3804 996 3886 in
1025 3813 1167 3886 moute
1193 3814 1268 3887 sut
1297 3807 1338 3886 iu
1365 3803 1532 3885 secretis
1561 3802 1674 3900 locis,
1843 3798 1853 3897 f

262 3936 289 4020 i.
317 3965 352 4020 e.
385 3938 540 4016 utnon
569 3936 734 4043 possitis
762 3934 865 4017 alios
893 3935 945 4019 ud
975 3934 1076 4017 iliud
1108 3943 1321 4042 peecatum
1351 3935 1514 4020 trabere
1541 3941 1584 4015 et
1607 3961 1677 4016 eos

125 4111 128 4116 ·
264 4065 489 4161 rnaoniare,
530 4064 637 4146 sicut
666 4093 776 4175 pepo
803 4063 1029 4172 Gregorius
1057 4067 1179 4150 doceb
1214 4067 1256 4149 in
1288 4066 1511 4151 moralibus
1539 4064 1676 4160 libris;
1844 4088 1849 4099 ·

76 4267 79 4274 .
218 4307 223 4318 Ι
262 4197 322 4278 uit
350 4193 479 4278 enims
524 4191 607 4275 Per
646 4195 753 4276 iram
777 4193 916 4300 praua
942 4197 1048 4279 surae
1081 4194 1246 4279 socialis
1273 4196 1533 4296 urrruniltdur,
1575 4196 1677 4276 soar

263 4327 458 4429 ser-ipone
479 4331 562 4406 est:
594 4323 719 4406 »Noli
746 4351 832 4410 esse
858 4327 1055 4409 assiduus
1081 4351 1170 4411 carn
1198 4327 1357 4412 lanariae
1383 4325 1579 4410 frumendo
1606 4348 1678 4406 uer

263 4459 401 4540 discos
428 4459 595 4538 scurriles
622 4455 709 4560 ejus
735 4461 772 4540 et
799 4473 940 4540 sauros
963 4457 1203 4542 scorrdobnu
1230 4463 1393 4542 orriruue
1420 4463 1548 4557 inrue«
1579 4457 1676 4561 quio

265 4587 335 4692 qui
361 4613 405 4668 sc
422 4612 472 4669 er
488 4586 664 4670 burrmnu
683 4591 841 4670 ratione
858 4616 936 4670 nou
954 4576 1159 4694 tenuaret,
1187 4615 1346 4673 successe
1362 4595 1433 4687 est,
1462 4597 1505 4670 nt
1531 4587 1675 4670 berrin-

263 4721 356 4803 tua·
382 4717 492 4801 seins
528 4723 647 4808 virui.
705 4721 748 4801 Si
788 4720 896 4803 enim
940 4723 997 4804 iia
1028 4721 1230 4804 volueriut
1266 4749 1412 4830 ogere,
1451 4727 1498 4803 ut
1535 4717 1708 4828 supra·⁸

263 4853 459 4953 diximus,
499 4853 748 4961 recipiantur
775 4854 955 4950 tamdiu,
993 4851 1123 4935 donec
1154 4853 1282 4961 possit
1310 4851 1402 4935 illos
1430 4877 1676 4962 cognoscere

353 5143 381 5232 ¹)
402 5137 743 5230 subintelligendum
766 5145 833 5228 est,
856 5163 926 5211 non
948 5161 1052 5230 posse
1072 5138 1249 5229 querelari
1272 5194 1281 5215 .
1306 5192 1316 5213 .
1339 5192 1350 5212 .
1373 5193 1381 5210 .
