4334 5750
454 99 534 182 128
689 145 691 150 .
1072 93 1160 186 esp
1185 93 1248 170 ur.

452 316 541 400 sine
581 313 754 400 consilio
789 341 920 425 agere.
949 311 1111 404 debent.
1178 315 1302 402 Nunc
1339 314 1749 407 animadvertendum
1785 332 1859 430 est,

453 475 582 558 quare
610 447 714 530 dixit
742 445 958 546 susianen,
986 451 1030 528 et
1056 473 1140 530 non
1169 447 1276 530 dixit
1298 449 1478 551 [rutrum
1512 439 1586 532 aot
1612 432 1862 560 ottonom,-

453 577 676 662 nonenim
717 583 835 664 ruent
871 578 914 660 in
952 605 1017 674 eo,
1059 575 1168 687 quod
1207 577 1314 661 dixit
1351 581 1576 682 sociemur,
1618 583 1688 666 sed
1727 583 1862 672 innuit
1969 681 1972 690 ,

453 711 586 812 nobis,
627 716 675 794 ut
702 709 1010 818 investigemus,
1043 709 1241 818 quisunt
1269 709 1336 792 isti
1367 711 1562 800 seniores.
1617 713 1727 798 Sunt
1754 719 1860 804 eninr

422 831 575 927 'rrurlti
603 839 800 950 praelati,
842 839 913 948 qui
941 840 1038 922 durn
1069 841 1277 924 constricti
1306 849 1405 926 snut
1440 844 1496 928 ab
1535 843 1613 927 hae
1647 847 1883 948 sententio„

455 983 503 1057 nt
532 973 631 1056 nihil
662 971 749 1053 sinc
777 971 949 1054 consilio
971 977 1114 1084 agunt,
1142 953 1236 1054 ilios
1252 971 1441 1056 subditos
1461 975 1733 1080 interrogant.
1761 1004 1862 1083 quos

276 1111 280 1118 “
391 1134 396 1146 ’
455 1107 591 1186 sciunt
634 1102 711 1183 sibi
755 1102 979 1184 secnrnluur
1024 1095 1277 1184 voluntatem
1320 1131 1436 1184 suurn
1483 1104 1581 1186 dure
1621 1105 1860 1202 consiliunrr

455 1234 568 1316 uerbi
604 1232 757 1346 guntin·
780 1259 871 1314 curn
903 1231 990 1312 uult
1017 1237 1102 1315 tres
1138 1238 1213 1314 nut
1247 1237 1425 1342 quatuor
1453 1263 1594 1318 causas
1628 1261 1776 1342 ogere,
1814 1238 1864 1318 rte

456 1393 539 1446 uun
566 1363 795 1470 interrogat
822 1361 940 1443 illurn
970 1361 1194 1462 suintitonr,
1224 1391 1346 1472 quem
1374 1367 1589 1473 cognoscit
1615 1365 1692 1446 sibi
1721 1394 1864 1449 secun·

355 1491 358 1500 ’
456 1497 552 1577 rhun
583 1495 835 1574 uoluntatem
865 1521 979 1590 snaru
1009 1493 1107 1575 dure
1135 1493 1376 1588 consiliunrz
1418 1495 1469 1576 de
1496 1495 1625 1578 olteru
1653 1521 1775 1576 causo
1802 1495 1864 1577 in·

363 1693 368 1715 ,
458 1629 640 1733 terrogat
669 1623 810 1721 niiunr,
839 1629 882 1704 et
909 1622 960 1703 rie
987 1622 1068 1704 alin
1091 1621 1323 1732 interrogat
1340 1625 1479 1724 aliurn,
1508 1629 1552 1706 et
1573 1625 1626 1706 de
1642 1624 1725 1707 elia
1742 1626 1867 1708 inter·

459 1739 754 1866 rogut'uliunu
798 1780 957 1863 semper·
986 1751 1093 1838 eninr
1125 1755 1297 1862 praelati
1327 1755 1420 1838 illos
1449 1757 1727 1866 interrogant,
1766 1785 1867 1864 quos

347 1928 354 1938 ·
455 1898 712 1996 cognoscunt
739 1887 961 1970 secundun}
994 1885 1247 1969 voluntatens
1277 1915 1392 1970 sunm
1421 1887 1499 1972 sibi
1522 1887 1620 1970 darc
1639 1887 1866 1986 consilium,

366 2117 368 2123 s
457 2029 498 2104 et
526 2049 619 2102 cunr
651 2021 869 2126 itougnnt,
898 2017 1054 2116 dicunt,
1083 2046 1127 2100 se
1150 2019 1287 2102 omnin
1317 2020 1460 2103 iecisse
1489 2048 1582 2104 cunr
1611 2019 1794 2117 consilio,
1822 2049 1867 2102 nc

458 2177 531 2261 per
554 2154 639 2236 ‘troc
669 2151 878 2247 tolluntur,
908 2151 1006 2257 quio
1036 2149 1179 2257 regulo
1206 2149 1321 2252 uicit,
1350 2151 1442 2233 illos
1470 2153 1649 2234 seniores
1675 2151 1868 2246 adhibere

456 2285 507 2367 ruri
538 2284 768 2380 cornilhon,
797 2282 865 2390 qni
899 2278 1028 2363 ltcnrn
1059 2283 1222 2368 tirnent.
1251 2282 1368 2364 sicuti
1399 2281 1550 2365 habes:
1582 2283 1681 2366 Cnru
1705 2280 1869 2364 consilio
1929 2337 1931 2342 .

333 2457 338 2466 ·
453 2418 633 2517 [rutrum
654 2413 875 2494 tirrrentiunr
891 2411 1022 2494 Deum
1046 2412 1202 2492 ordirwt
1224 2413 1312 2516 ipse
1334 2412 1415 2494 sibi
1430 2415 1722 2518 praepositum.
1763 2415 1868 2498 Con·

457 2545 591 2627 silium
623 2544 745 2646 enirn,
784 2542 891 2624 sicut
919 2541 1105 2650 superius
1134 2542 1402 2640 dictumest,
1438 2571 1464 2624 u
1491 2545 1742 2627 consulendo
1770 2543 1870 2625 ‹lici-

456 2685 546 2772 tur,
589 2703 638 2754 eo
666 2674 774 2779 quod
806 2673 984 2754 consulit
1012 2671 1132 2753 nlicni
1163 2675 1236 2757 rei.
1296 2672 1404 2754 Dicit
1441 2675 1550 2756 enim
1588 2675 1870 2758 Cassiodorus:

458 2807 677 2897 Coruuuiru
697 2807 814 2887 enirn
830 2817 904 2890 est.
935 2803 1087 2888 rnultos
1109 2803 1150 2884 in
1174 2803 1294 2885 sirnui
1319 2803 1482 2904 venirc;
1510 2805 1700 2888 sinriiiter
1721 2810 1763 2890 et
1779 2831 1871 2888 corr·

455 2963 595 3020 vocure
624 2945 698 3030 est,
727 2936 880 3052 rnultos
905 2937 944 3016 iu
966 2934 1086 3016 siuurl
1111 2963 1268 3016 vocure.
1311 2933 1386 3018 isti
1407 2934 1516 3018 eninr
1534 2938 1713 3020 seniores
1735 2937 1769 3017 si
1789 2945 1873 3018 nou

359 3049 362 3056 ⁵
456 3076 554 3150 sunt
573 3079 644 3149 out
663 3067 836 3148 inveniri
862 3095 942 3146 non
960 3069 1143 3174 possunt,
1161 3072 1297 3147 tnrncn
1312 3074 1486 3174 possunt
1498 3066 1626 3148 creari
1643 3095 1716 3174 per
1730 3067 1871 3152 aduro·

458 3199 671 3288 uitionern.
701 3205 746 3278 ut
764 3199 941 3306 sapiunt,
970 3197 1163 3304 eoquod,
1188 3198 1294 3278 sicut
1309 3195 1525 3279 'l'erentius
1548 3197 1661 3294 elicit,
1684 3196 1794 3278 isturl
1810 3203 1872 3278 est

456 3359 612 3436 supere.
633 3359 714 3411 non
735 3329 864 3411 soluru
887 3329 996 3436 ‹prrod
1013 3334 1110 3411 unte
1128 3329 1250 3438 perles
1268 3327 1390 3409 niodo
1410 3336 1473 3410 est
1494 3327 1641 3428 ridere,
1665 3327 1735 3411 sed
1750 3327 1870 3410 etirnu
1904 3417 1917 3430 ,Ι

457 3461 540 3560 illu,
569 3491 675 3569 (proc
703 3465 840 3544 t'uturn
870 3469 979 3562 snut,
1011 3462 1253 3571 prospicere.
1310 3457 1413 3542 istos
1441 3461 1550 3544 errirn
1579 3462 1761 3544 seniores
1792 3487 1871 3543 uon

458 3595 581 3678 «lebet
609 3591 791 3678 dividere
815 3595 1085 3703 inaequalitas
1114 3621 1286 3690 urorunr,
1315 3592 1385 3673 sed
1416 3593 1570 3676 debent
1585 3621 1672 3676 esse
1693 3592 1873 3674 diuersae

458 3727 617 3824 ructatis,
647 3757 696 3809 co
724 3729 831 3836 «prou
856 3728 1023 3812 dii'ticile.
1053 3729 1213 3836 possint
1240 3753 1326 3810 esse
1354 3727 1475 3808 unius
1501 3725 1661 3812 uelutis.
1708 3725 1757 3808 In
1787 3725 1873 3807 istis
1946 3809 1952 3822 ,

458 3861 566 3944 enirn
587 3859 817 3944 senioribus
834 3860 912 3943 tria
928 3861 1078 3943 ciebunt
1096 3860 1267 3970 rccpriri:
1297 3859 1408 3961 tides,
1427 3887 1532 3968 spes,
1557 3858 1717 3966 coritis.
1758 3855 1874 3941 Fides
1932 3890 1935 3896 ·

433 4049 435 4052 -
459 3992 529 4094 rei,
550 4023 633 4104 qun
651 3999 795 4101 tegunt
819 3993 1016 4092 univorsa,
1039 4023 1142 4104 qune
1157 3993 1481 4096 constituuntur,
1508 3997 1552 4074 nt
1568 3991 1652 4072 sire
1668 4017 1749 4074 unu
1769 3988 1868 4072 heb·

460 4127 636 4231 dorrrndn
665 4125 727 4206 vei
758 4133 895 4208 rnense
923 4123 996 4208 rint
1024 4101 1135 4209 nerino
1162 4131 1236 4208 unt
1258 4131 1369 4208 certe
1397 4151 1526 4229 usrpre
1546 4123 1598 4206 url
1627 4129 1812 4221 mortem,
1841 4119 1873 4200 si

390 4237 395 4245 i
462 4258 680 4340 necessitas
710 4256 846 4354 inerit,
876 4265 1016 4366 tegere
1035 4259 1223 4358 rietennt,
1252 4265 1295 4339 et
1324 4281 1535 4362 nnnquunr
1565 4255 1638 4337 ulli
1662 4255 1871 4337 hominurn

460 4390 545 4472 sivo
572 4391 755 4498 ponenti,
798 4390 882 4470 sive
910 4395 1106 4471 extruneo
1138 4417 1209 4496 per
1238 4386 1395 4470 nullutn
1424 4384 1635 4491 ingenium
1677 4383 1871 4480 iudicent,
1926 4469 1929 4476 ⁴

461 4547 546 4629 quo
575 4518 761 4600 mortuiis
789 4519 1008 4600 iniirrnitns
1037 4519 1172 4599 rotent
1200 4542 1434 4625 agnoscere.
1492 4515 1609 4622 Spes
1641 4517 1666 4601 i.
1697 4543 1733 4600 e.
1764 4539 1877 4620 [rnre
1936 4506 1943 4516 ’

464 4641 589 4732 ruiiun
622 4653 880 4732 rreternorunr
906 4648 1164 4755 gaudiorum,
1194 4675 1277 4754 quo
1307 4644 1473 4744 firmati,
1502 4647 1535 4727 si
1566 4643 1794 4751 persecutio
1824 4640 1877 4720 ob

463 4781 576 4862 illurn
606 4807 690 4861 rcnr
722 4785 813 4860 orta
842 4777 982 4876 suerit,
1012 4805 1096 4859 non
1125 4776 1320 4859 recedant
1347 4781 1422 4858 aut
1451 4777 1626 4883 fugiant,
1656 4774 1753 4884 quin
1772 4773 1875 4856 solet

392 4939 398 4950 ·
463 4910 710 5021 persecutio.
735 4915 830 5020 post
870 4936 955 4992 reru
995 4907 1218 5017 aliquando
1257 4909 1368 4994 oriri.
1426 4909 1605 5004 (inritus,
1650 4906 1678 4991 i.
1706 4935 1742 4990 e.
1784 4901 1878 4984 talis

414 5117 419 5126 .
457 5043 736 5129 'tinternit-ntis
765 5072 881 5126 ornos·
909 5041 1032 5124 rietwt.
1061 5071 1149 5123 esse
1178 5042 1217 5123 in
1251 5039 1343 5136 iilis,
1385 5041 1445 5140 nt,
1482 5039 1590 5148 «poeni
1623 5066 1728 5120 unns
1756 5036 1876 5145 sapit,
