3956 5774
295 160 392 248 aas·
926 115 1246 254 Μ’

187 493 192 498 ¹
293 376 391 462 dedi
430 377 666 482 licentiam,
704 380 862 467 tordius
900 407 1093 494 surgen,
1128 385 1270 466 tamen
1308 380 1525 469 dominicis
1561 382 1706 472 diebus

158 501 194 556 ·’
268 506 516 618 ¹temperius
543 510 752 621 praccipio
781 488 963 625 surgere,
992 515 1021 600 i.
1048 543 1085 604 e.
1112 513 1208 625 plns
1235 517 1321 600 cito
1340 519 1513 625 propter
1532 515 1707 625 prolixi·

293 646 424 726 tatem
461 639 605 730 oflicii.
658 641 771 729 Nam
808 645 919 732 istud
953 646 1172 754 domemus
1209 647 1263 731 nd
1304 645 1505 732 aestivum
1544 653 1708 761 tempus

203 782 208 790 '
294 775 485 888 respicit,
525 804 612 862 non
639 779 693 864 ad
720 776 919 882 hiemale,
956 780 1055 889 qnia
1092 778 1238 864 hiemis
1279 785 1486 890 ternpore,
1526 777 1564 862 si
1606 780 1708 867 horu

294 916 440 994 octava
454 913 679 998 surrexerit
691 913 725 1026 ¹)
753 902 903 1014 noetis,
931 910 1095 996 abunde
1108 916 1247 1022 potest
1261 912 1445 999 officinm
1467 911 1707 1026 perlicerc2)

293 1042 418 1126 etiam
456 1043 503 1127 in
541 1043 748 1132 dominico
778 1045 868 1147 die,
908 1044 1007 1155 quia
1042 1044 1124 1130 diei
1151 1046 1376 1157 incipiente
1404 1046 1495 1130 lnce
1522 1045 1708 1156 agendus

292 1179 358 1258 est
397 1178 639 1262 matutinus
694 1175 754 1261 Et
781 1179 861 1264 hoc
888 1179 1135 1263 intuendum
1172 1185 1256 1280 est,
1294 1179 1415 1289 quia,
1452 1179 1560 1264 sicut
1596 1180 1705 1265 istud

292 1307 510 1412 temperius
543 1308 713 1420 respicit
738 1309 997 1396 solummodo
1029 1309 1310 1396 adunativum
1347 1317 1510 1420 tempus
1537 1318 1709 1422 propter

296 1437 575 1546 prolixitatem
605 1441 747 1542 oflicii,
775 1443 837 1526 ita
863 1443 989 1526 etium
1018 1441 1360 1527 considerandum
1387 1449 1451 1528 est
1471 1442 1516 1526 in
1538 1443 1707 1527 hiemali

292 1576 501 1678 tempore,
539 1576 589 1655 ut
625 1574 686 1655 ita
721 1579 918 1683 surgatur
939 1574 1064 1682 juxta
1099 1572 1434 1656 numerositatem
1461 1577 1635 1658 fratrum
1664 1581 1708 1658 et

85 1713 92 1724 '
146 1765 157 1782 ..
259 1730 262 1736 ’
295 1701 575 1808 prolixitatem
603 1703 840 1806 lectionum,
869 1712 918 1788 nt
939 1706 1162 1814 incipiente
1183 1704 1276 1787 luce
1298 1712 1478 1812 agantur
1499 1707 1708 1792 matutini.

292 1831 349 1915 Et
366 1832 445 1918 hoo
458 1832 701 1919 intuendum
727 1843 802 1939 est,
830 1837 928 1945 quia
942 1837 1095 1920 debent
1117 1836 1329 1920 duodecim
1351 1835 1550 1918 lectiones
1570 1834 1709 1946 legere

204 2031 209 2040 .
297 1969 341 2048 et
360 1964 445 2048 »Te
461 1964 592 2051 Deum
614 1967 851 2052 laudamus«
872 1994 1020 2051 canere
1037 1973 1081 2050 et
1095 1966 1356 2077 evangelium
1377 1967 1517 2076 legere
1543 1970 1587 2047 et
1615 1995 1709 2049 ora·

154 2192 159 2200 ,
290 2096 447 2180 tionem
486 2096 642 2199 dicere,
677 2098 787 2183 sicul
827 2101 873 2183 in
912 2098 1128 2182 dominicis
1164 2097 1310 2182 diebus
1348 2097 1604 2181 consuetodo
1632 2103 1708 2183 cst.

292 2223 562 2338 Morrpelium
589 2228 887 2338 interpretatur
914 2230 1067 2316 bonnm
1096 2232 1306 2331 nuntium,
1334 2230 1431 2338 quia
1460 2229 1578 2311 nobis
1600 2229 1709 2313 bona

293 2361 481 2465 nuntiat,
510 2361 537 2450 i.
566 2389 602 2448 e.
632 2361 761 2448 vitam
788 2368 885 2474 post
913 2368 1108 2465 mortem,
1144 2363 1322 2472 patriam
1353 2366 1448 2472 post
1473 2361 1640 2444 exilium
1666 2366 1710 2445 ct

205 2503 222 2530 ”
292 2493 474 2602 requiem
509 2500 606 2604 post
638 2493 838 2581 laborem.
905 2494 1055 2595 Quaeri
1096 2495 1220 2578 etiam
1261 2499 1424 2605 potest,
1461 2494 1496 2576 si
1536 2494 1592 2577 ob
1629 2494 1709 2578 hoo

120 2647 131 2676 ²
292 2623 443 2708 dicitnr
478 2625 762 2736 evangelium,
802 2629 900 2737 qnia
935 2629 1045 2712 bona
1082 2627 1202 2711 uobis
1231 2629 1421 2728 nuntiat,
1454 2654 1582 2734 quare
1621 2653 1704 2710 uon

292 2756 443 2841 dicitur
469 2764 513 2841 et
541 2763 704 2842 caetera
726 2760 930 2869 scriptura
957 2761 1097 2844 divina
1125 2758 1398 2868 evangelium,
1425 2786 1520 2843 cum
1548 2761 1706 2868 etipsa

53 2925 59 2936 ·
112 2863 150 2958 ¹.
196 2883 224 2947 ⁸,
294 2888 412 2972 nobis
440 2889 551 2972 hona
577 2890 758 2998 nuntiat,
786 2895 813 2980 i.
842 2922 880 2982 o.
908 2895 1036 2977 vitam
1065 2905 1161 3008 post
1189 2897 1379 2992 mortem,
1407 2891 1584 3002 patriam
1610 2896 1706 3000 post

200 3033 203 3040 '
292 3019 473 3123 exilium,
500 3022 682 3129 requiem
709 3030 807 3132 post
832 3025 1050 3109 laborem?
1104 3022 1327 3108 Sciendum
1354 3028 1419 3105 est
1444 3022 1581 3126 eninr,
1610 3022 1707 3132 qnia

290 3150 363 3234 ille
390 3150 496 3234 dixit
522 3157 704 3237 caeteras
731 3157 956 3266 scripturas
984 3183 1059 3264 per
1084 3181 1244 3254 servos,
1284 3152 1355 3260 qni
1396 3152 1504 3236 hanc
1531 3179 1702 3261 evange

290 3283 411 3367 licam
451 3312 526 3393 per
562 3286 853 3394 semetipsum,
893 3293 937 3369 et
974 3289 1073 3394 quia
1102 3284 1303 3367 Dominus
1342 3283 1449 3368 hanc
1476 3283 1705 3367 doctrinam

292 3441 363 3498 ore
389 3413 557 3524 proprio
584 3415 748 3499 locutos
775 3427 839 3500 est
861 3445 936 3526 per
949 3418 1226 3526 praesentiam
1254 3416 1402 3516 caruis,
1429 3413 1510 3498 hoc
1527 3416 1705 3513 nomine,

289 3546 318 3628 i.
347 3573 383 3632 e.
412 3545 672 3655 evangelium
707 3547 939 3658 specialiter
975 3551 1225 3632 nominatur.
1284 3545 1340 3628 Et
1367 3547 1472 3630 bene
1500 3547 1624 3630 etiam
1653 3547 1704 3630 ad

237 3745 242 3757 .
291 3674 632 3761 manifestandam
657 3707 756 3762 sose
776 3678 995 3788 dignitatis
1016 3678 1399 3788 augmentationem
1420 3675 1705 3760 dicituretiam

1740 3457 1883 3613 ,ε

1863 3589 1882 3678 p
1967 3615 1968 3620 ψ

1868 3264 1883 3284 o

1866 3281 1883 3406 a}

1864 3402 1882 3456 li

1864 3663 1881 3742 {r

244 3812 493 3910 sanctum,
523 3810 548 3894 i.
578 3837 615 3896 e.
644 3807 817 3892 divisum
847 3835 873 3891 a
899 3810 1074 3894 caeteris
1100 3810 1316 3919 scriptoris
1344 3837 1418 3917 per
1444 3836 1584 3891 servos
1612 3837 1707 3916 pro·
1864 3787 1882 3914 ζ,

290 3940 398 4029 latis.
455 3938 628 4025 Duobus
666 3941 799 4024 modis
837 3942 991 4027 dicitnr
1035 3946 1228 4041 socrdem
1267 3969 1352 4025 uno
1382 3941 1515 4026 ‘modo
1554 3941 1706 4027 dicitnr

289 4234 350 4307 ea,
379 4233 485 4314 qnae
512 4205 721 4330 purificari
745 4206 987 4306 debuerant,
1015 4206 1217 4316 sangnine
1249 4204 1408 4289 hostiae
1434 4210 1707 4317 tangerentur

289 4344 417 4423 etex
453 4337 533 4423 hoc
571 4365 722 4422 nomen
767 4337 901 4423 suncti
936 4339 1217 4448 accipiebant;
1268 4341 1355 4422 sive
1391 4337 1516 4423 etiam
1553 4341 1705 4426 dicitur

143 4489 149 4502 ’
287 4475 454 4554 suiectus
493 4467 715 4554 secundnm
751 4468 944 4578 gracum
971 4470 1195 4572 rationem,
1224 4468 1331 4554 sicut
1359 4468 1552 4582 Origines
1580 4471 1722 4591 dicit3¹

289 4627 435 4711 graeco
460 4603 571 4684 euim
595 4605 761 4683 sanctem
782 4598 894 4706 ἅγιος
920 4601 1084 4702 dicitur,
1113 4601 1141 4690 i.
1165 4630 1202 4690 e.
1228 4609 1347 4687 extra
1368 4607 1573 4688 terremm
1590 4631 1703 4687 com·

289 4735 546 4831 munionem3
585 4761 681 4846 nom
710 4734 754 4842 gi
782 4736 865 4847 (γη)
893 4760 1039 4844 gruem
1078 4734 1231 4818 dicitur
1267 4742 1400 4836 terra,
1439 4762 1488 4817 ac
1526 4764 1599 4844 per
1626 4735 1704 4820 hoc

377 5039 405 5127 1)
427 5037 643 5110 surrexerint
664 5039 725 5130 (s).

376 5157 407 5236 ²)
429 5147 551 5238 perfici
570 5149 627 5241 (a

123 4176 126 4188 ¹
221 4164 226 4175 ,
288 4079 454 4158 sanetus
487 4061 738 4180 asonpuiuc
764 4081 920 4176 secretus,
957 4075 1055 4184 qnia
1083 4078 1201 4158 retus
1227 4072 1485 4158 consuet-ndo
1512 4083 1627 4178 erat,
1656 4080 1704 4158 ut
1811 4139 1813 4144 .
1863 4056 1878 4090 ⁹
1952 4069 1968 4076 “
