4334 5750
521 250 576 338 66
1121 246 1306 340 Prologus.

520 467 642 552 docet
674 465 791 552 Beda
819 463 991 552 uicem:
1029 463 1167 563 ,Nesseo
1194 471 1330 574 potest
1365 465 1521 550 duotrrs
1549 463 1728 580 hminis
1767 468 1929 570 seruire,

521 599 618 702 quio
646 624 724 682 riou
754 595 857 682 rotet
884 595 1008 679 siurul
1034 595 1273 680 transitorio
1301 599 1339 680 et
1360 599 1525 680 aeterua
1545 595 1742 703 miliperer
1768 597 1929 692 sienim
1998 651 2002 658 ·

518 725 792 808 ueteruitulem
833 724 1067 834 ‹liligp'mus⁹
1110 731 1250 808 correcto
1290 719 1531 830 teurporuliu
1569 724 1741 828 irruisse,
1781 749 1858 810 nou
1886 728 1927 811 iu

517 855 661 958 affectu
682 855 952 962 possidemus.
1436 946 1440 963 Ι
1756 945 1758 950 ,

630 986 845 1098 Sequitur:
873 989 1149 1074 coristitueurlu
1176 997 1247 1091 est,
1278 991 1305 1074 i.
1327 1019 1363 1074 e.
1392 989 1623 1073 ordinanda
1644 995 1722 1091 est,
1747 988 1928 1074 docenda

516 1127 592 1208 est.
650 1117 704 1201 Et
734 1119 837 1234 neue
865 1119 992 1207 dixit:
1020 1148 1047 1203 u
1071 1119 1198 1220 erotis,
1226 1118 1403 1202 sednon
1431 1149 1458 1202 a
1479 1147 1553 1222 irre,
1583 1120 1680 1230 qnia
1707 1120 1819 1204 solus
1850 1149 1927 1202 non

517 1231 625 1355 erat,
663 1251 733 1335 sed
763 1279 854 1336 curn
886 1253 973 1336 Deo
1001 1260 1091 1338 erut
1118 1263 1160 1336 et
1187 1281 1352 1336 sensnm
1381 1250 1566 1335 omnium
1596 1257 1832 1335 sauctorum
1862 1251 1928 1334 de-

471 1493 475 1500 '
515 1383 731 1466 scribebat.
826 1433 830 1442 ·
878 1485 882 1492 ¹

627 1497 847 1624 sequntur:
889 1515 1024 1601 serora
1054 1515 1245 1600 elorrrim'ei
1271 1516 1441 1603 seruitii.
1504 1515 1618 1600 Beue
1654 1514 1759 1601 dixit
1798 1515 1929 1600 ‹liriui

422 1663 431 1674 ’·
514 1645 683 1741 seruitii,
713 1647 808 1754 quia
831 1649 893 1728 est
921 1649 963 1728 et
990 1643 1233 1729 aliaselrola
1255 1645 1622 1745 luunmniserritiis
1653 1647 1925 1754 irruguaenim

514 1775 746 1862 rlitl'ereutia
774 1779 837 1860 est
870 1775 979 1858 inter
1006 1773 1186 1858 scholam
1219 1775 1347 1858 (lirini
1377 1775 1531 1859 seruitii
1571 1783 1614 1860 et
1641 1776 1822 1860 lrnruaui.
1881 1777 1925 1858 lu

413 1981 418 1992 .
514 1905 656 1991 schola
684 1906 836 1990 etenim
865 1905 1036 2004 lmruaui
1064 1905 1220 1988 servitii
1249 1905 1432 1990 militant
1455 1906 1641 1990 homiues
1660 1909 1749 2016 regi
1776 1915 1819 1989 et
1846 1909 1927 1991 ‹lis-
1959 1917 1963 1922 '

514 2038 616 2118 curat
665 2063 816 2144 genera
862 2033 1061 2118 bellorum
1108 2041 1151 2116 et
1198 2062 1352 2143 genera
1392 2037 1654 2120 venationum
1699 2041 1741 2118 et
1777 2036 1925 2131 (usurum,

459 2167 463 2175 '
516 2191 620 2273 quae
661 2165 712 2248 ml
746 2165 1008 2253 honestatem
1047 2164 1183 2248 eultns
1220 2162 1373 2246 sarmati
1407 2166 1601 2264 attinent,
1644 2173 1686 2250 et
1714 2166 1927 2249 intuentur

514 2281 801 2402 quanicumque
842 2296 962 2380 oeuulo
1004 2295 1065 2377 illi
1109 2293 1288 2401 aliquid,
1334 2295 1388 2376 olo
1431 2295 1542 2403 qnod
1584 2296 1779 2379 tolleraut
1821 2298 1926 2380 urrarla

433 2523 434 2526 p
465 2517 477 2534 .
515 2411 664 2525 annila,
703 2425 744 2508 io
784 2432 845 2509 est
881 2426 1045 2524 fanmm,
1075 2422 1385 2524 tribulationem
1414 2431 1457 2508 et
1485 2430 1647 2510 caetera
1676 2427 1739 2510 luis
1766 2426 1925 2516 similia.

512 2552 578 2638 Ita
600 2555 837 2638 econtrario
866 2557 933 2637 isti
963 2558 1005 2638 iu
1034 2553 1174 2637 schola
1203 2553 1395 2638 dominici
1425 2554 1580 2639 seruitii
1619 2558 1799 2640 militant
1837 2559 1924 2664 regi

512 2685 678 2770 coelesti
706 2694 748 2768 et
777 2685 939 2771 diseunt
967 2685 1140 2770 salutem
1169 2685 1331 2768 animae
1359 2713 1467 2786 suae,
1498 2692 1540 2768 et
1563 2687 1779 2771 intuentur
1806 2688 1924 2770 oeulo

511 2816 684 2922 spiritali
702 2816 916 2900 coelestem
946 2817 1256 2916 beatitudinem,
1286 2815 1498 2926 olr‘quam'
1522 2818 1724 2901 sustinent
1756 2819 1925 2902 tribula·

511 2947 645 3030 ti'oues
688 2953 730 3030 et
760 2948 896 3032 omnia
926 2947 1046 3032 rrrala.
1103 2946 1222 3031 Unde
1250 2949 1347 3058 qula
1376 2977 1459 3032 non
1492 2949 1635 3032 rident
1671 2950 1790 3033 multi
1819 2949 1923 3032 laarm

512 3079 821 3180 beatitudiuem,
851 3081 943 3164 irleo
965 3084 1226 3162 reuertuntur
1255 3079 1307 3161 ml
1329 3079 1549 3180 suessulam,
1578 3085 1620 3162 et
1643 3111 1724 3165 uon
1754 3088 1924 3189 possunt

511 3215 696 3318 (proptor
737 3209 887 3320 Deum)
933 3211 1135 3294 sustinere
1183 3211 1340 3318 aliquid
1383 3210 1493 3295 mali.
1561 3213 1598 3294 A
1640 3209 1774 3296 selrolo
1815 3211 1920 3292 euim

509 3340 718 3423 derivatur
745 3341 1029 3444 scholasticum
1058 3371 1155 3426 nam
1183 3343 1273 3450 quis
1293 3344 1346 3424 sit
1368 3341 1635 3426 scholasticus
1654 3341 1716 3424 rel
1736 3342 1924 3439 discolas,

509 3469 630 3554 docet
652 3469 765 3554 llorlu
795 3473 838 3554 iu
868 3471 1081 3580 epistolant
1103 3471 1152 3560 B.
1178 3473 1287 3556 l’etri
1306 3472 1498 3580 apostoli,
1515 3472 1585 3556 ubl
1606 3473 1694 3582 ipse
1716 3471 1923 3582 apostolus

510 3599 633 3684 elisit:
676 3625 754 3684 riou
792 3605 947 3684 territum
985 3599 1099 3683 torris
1140 3605 1176 3684 et
1218 3601 1432 3704 retrahatis,
1476 3591 1550 3684 sul
1588 3605 1710 3685 eruens
1748 3599 1922 3685 ‹lisrolia

510 3731 581 3816 llit
622 3730 753 3816 earinis
799 3729 986 3830 discolis,
1027 3727 1343 3840 indisciplinatis
1385 3730 1485 3815 uicit
1533 3731 1695 3834 nomino
1734 3729 1857 3814 ouem
1900 3759 1923 3812 u

509 3887 656 3968 graeco
685 3860 875 3972 eloquio,
915 3857 1012 3972 spurio
1040 3886 1186 3970 aureus
1214 3857 1354 3945 aeliota
1384 3865 1552 3946 sonatur
1580 3860 1716 3964 loeus,
1760 3859 1802 3944 iu
1842 3889 1922 3969 «luo

460 4015 465 4024 '
507 3991 786 4076 arluleseentes
837 3989 1065 4076 literalibus
1116 3991 1261 4076 stmliis
1305 4020 1471 4103 opernm
1521 3991 1619 4076 dare
1662 3999 1706 4076 et
1753 3990 1942 4100 audien-¹

401 4202 409 4221 ,
507 4124 569 4207 alis
598 4123 806 4234 nragistris
844 4123 979 4208 solent
1009 4152 1171 4224 sacure3
1213 4123 1322 4208 ululo
1359 4121 1502 4207 schola
1529 4122 1691 4207 ruratio
1719 4123 1920 4230 intorpre-

507 4263 632 4340 tatur.
687 4255 873 4366 Denique
910 4253 953 4338 iu
983 4255 1155 4365 psalmo,
1197 4256 1267 4339 ubi
1297 4255 1508 4342 canimus:
1546 4251 1694 4340 Vucute
1720 4260 1757 4338 et
1784 4255 1920 4352 sirleto,

467 4497 472 4506 Ι
505 4393 693 4496 uirorumue
722 4418 791 4497 epo
818 4419 908 4474 sruu
938 4389 1077 4492 Diuus,
1118 4419 1193 4498 pro
1222 4418 1293 4489 eo,
1331 4387 1440 4497 quml
1471 4415 1547 4472 uos
1574 4386 1747 4470 «licinius
1775 4391 1919 4482 ruente,

441 4540 467 4636 Ἰ
507 4523 548 4604 iu
568 4551 717 4632 graeco
740 4523 915 4606 lustretur
943 4517 1165 4624 σχολάζειε
1186 4511 1463 4628 (scholauete).
1507 4517 1750 4604 Selrolastiei
1778 4545 1922 4627 graece

505 4658 603 4736 sunt
649 4653 820 4754 eruditi;
866 4653 1008 4737 discoli
1059 4651 1215 4736 indocti
1258 4655 1301 4734 et
1352 4655 1549 4760 agrestes.
1617 4650 1698 4734 Sed
1742 4649 1921 4756 utrisque

507 4784 596 4867 surlt
644 4784 810 4868 obedire
861 4783 1048 4897 subditos
1092 4781 1302 4890 explicans
1346 4784 1549 4914 apertius,
1593 4781 1801 4892 quomodo
1849 4807 1921 4860 uros

504 4942 627 5022 supra
650 4915 767 4996 anmi
799 4914 1004 4997 lanruauae
1032 4921 1244 4998 creaturae
1268 4915 1436 5022 jusserit
1458 4943 1545 4998 esse
1566 4913 1784 5022 sulrieelos.
1829 4910 1921 4996 Alia

361 5098 384 5130 -,
442 5151 445 5156 Ι
505 5042 721 5125 translatio
751 5043 944 5150 (urlitiol)
985 5074 1059 5153 pru
1098 5041 1265 5128 discolis
1303 5044 1490 5128 ‹lil'lleiles
1527 5043 1665 5142 tualuet,
1706 5050 1750 5127 et
1777 5041 1820 5126 S.
1848 5071 1921 5124 au·

396 5183 400 5194 '
506 5174 621 5256 listes
653 5174 893 5282 Fulgentius
924 5177 963 5258 lu
992 5177 1199 5284 reprimentis
1225 5175 1308 5258 suis
1338 5175 1394 5258 sie
1425 5175 1561 5283 pouit:
1591 5176 1807 5258 uua-imus
1834 5199 1920 5254 euru
