3934 5762
230 312 258 398 a
323 343 327 350 ,
800 305 1025 418 *Preme

197 663 199 666 Ι
259 477 261 484 γ
310 526 463 618 XXVI.
491 527 557 616 De
570 469 662 631 luia.
689 528 763 641 qui
789 528 880 614 rinc
900 528 1090 640 juaannc
1110 531 1350 644 junguntur
1364 503 1645 618 excommuni-

490 661 609 750 catia.
631 661 660 718 ·'

295 785 469 874 XXVII.
498 789 686 889 Qualiter
712 789 862 876 debeat
882 788 1012 874 abbas
1033 815 1121 876 aare
1134 787 1336 876 sollicitus
1351 789 1462 877 eirca
1480 815 1646 876 exeom-

277 957 280 964 ·
449 927 453 935 ’
491 919 734 1046 manicatos.
776 967 783 979 ·

264 1047 461 1136 XXVIII.
492 1048 556 1135 Dc
584 1051 663 1157 his,
690 1054 763 1164 qui
790 1055 953 1166 saepius
973 1050 1154 1207 correpti
1175 1050 1395 1138 emendare
1410 1049 1706 1164 uoluerunt·

182 1227 185 1238 ·
249 1179 465 1304 XXIX.
494 1181 540 1268 Si
568 1183 745 1270 debeant
772 1185 921 1273 iterum
941 1185 1284 1296 recipiexeuutes
1308 1157 1646 1274 remunereris

338 1313 467 1402 XXX.
498 1316 560 1402 De
588 1317 727 1428 pueris
755 1318 905 1413 minori
932 1323 1070 1403 aetate
1097 1316 1277 1428 qualiter
1304 1314 1595 1428 corripiantur.

160 1473 174 1482 ·
314 1447 466 1536 XXXI.
496 1448 558 1534 De
586 1447 798 1537 cellerario
827 1448 1067 1537 monasterii
1096 1447 1229 1559 qualis
1258 1445 1407 1534 debeat
1433 1475 1535 1536 erse.

292 1579 466 1670 XXXII.
496 1581 560 1668 De
588 1564 846 1668 ferramentis
874 1583 940 1669 rel
967 1583 1092 1669 rebus
1120 1579 1371 1668 monasterii.
1585 1683 1588 1690 Ι

271 1711 467 1802 XXXIII.
497 1715 541 1799 Si
570 1716 671 1826 quid
701 1717 849 1802 debeat
877 1715 1103 1804 monachus
1130 1713 1279 1800 habere
1307 1712 1533 1826 proprium.
1663 1767 1668 1778 ·

173 1857 177 1866 '
255 1833 466 1933 XXXIV.
496 1845 541 1930 Si
568 1875 710 1933 omnes
737 1847 966 1959 aequaliter
993 1849 1173 1934 debeant
1192 1845 1420 1934 necessaria
1445 1841 1646 1954 accipere.

179 1991 185 2006 '
299 1973 471 2064 XXXV.
497 1976 559 2062 Dc
585 1979 887 2088 septimanariis
916 1979 1131 2091 coquinae.

177 2109 184 2124 '
277 2106 469 2196 XXXVI.
501 2107 562 2194 Dc
589 2111 768 2196 infirmia
795 2111 1004 2216 fratribus.

76 2215 109 2254 ·'
224 2237 563 2330 ·xxxv11.·m
591 2242 820 2327 senioribus
849 2243 915 2328 vel
942 2243 1185 2330 rasurarum.

20 2353 25 2362 ⁴
79 2404 82 2410 ·
231 2369 468 2460 XXXVIII.
499 2371 562 2457 Dc
590 2372 914 2460 hebdomadario
944 2375 1111 2465 lectore.

56 2527 68 2548 ‘
155 2513 161 2530 ‘
280 2500 470 2611 XXXIX
502 2505 560 2588 De
588 2533 778 2590 mensura
805 2505 1004 2592 ciborum.
1059 2567 1062 2572 -
1157 2577 1163 2584 .

380 2625 467 2718 XL.
498 2634 560 2721 De
589 2665 780 2722 mensura
809 2642 943 2747 potus.
1144 2693 1148 2700 ·

361 2763 472 2854 XLI.
499 2765 656 2865 Quibus
683 2765 796 2853 horis
824 2772 990 2881 oportet
1018 2768 1164 2854 lrutrer
1190 2765 1373 2857 relicere.

339 2893 470 2984 XLII.
500 2896 559 2984 Ut
586 2904 683 3012 post
710 2899 1024 3013 completorium
1053 2927 1176 2988 nemo
1203 2900 1414 3012 loquatur.
1680 2908 1684 3028 l

317 3029 470 3124 XLIII.
500 3029 564 3118 De
592 3032 669 3139 his,
709 3034 780 3147 qui
809 3034 862 3122 ad
890 3062 995 3148 opua
1023 3033 1101 3122 Dei
1129 3033 1193 3121 rel
1220 3035 1274 3122 ad
1310 3061 1494 3122 ιιιιιιιιιιιι
1531 3030 1651 3120 torale
1679 3037 1684 3050 '

499 3169 767 3262 occurrerint.

319 3300 470 3394 XLIV.
500 3301 561 3388 lle
594 3303 677 3408 his,
714 3303 787 3417 qui
826 3289 1246 3414 excommunicantur,
1285 3301 1493 3417 quomodo
1529 3301 1651 3390 satir·

360 3504 367 3514 .
497 3434 666 3526 faciant.

343 3535 471 3654 XLV.
500 3565 564 3652 De
591 3569 669 3672 his,
696 3571 768 3680 qui
796 3570 1038 3657 falluntur
1022 3601 1069 3656 ιιι
1096 3570 1360 3658 monasterio.
1371 3569 1409 3680 Ι)

215 3701 234 3780 ’,
323 3697 476 3789 XLVI.
505 3697 568 3782 De
604 3699 681 3804 luis,
723 3700 796 3808 qui
832 3701 878 3786 iu
914 3701 1123 3812 aliquibus
1150 3702 1274 3787 rebus
1302 3699 1552 3912 deliquerint
1587 3697 1652 3784 rel

247 3849 250 3856 ·
500 3829 713 3940 fregerint.

296 3957 470 4050 XLVII.
498 3959 562 4044 De
588 3961 864 4072 significando
889 3960 993 4047 hora
1020 3965 1172 4074 operis.

281 4091 474 4182 XLVIII.
504 4091 568 4178 De
596 4119 720 4203 opere
747 4122 944 4180 manuum
972 4094 1231 4207 quotidiano.
1351 4133 1357 4144 ·
1393 4130 1402 4170 ε

323 4225 473 4315 XLIX.
503 4225 567 4310 De
589 4225 929 4338 quadragesimae
955 4226 1257 4316 observatione.

104 4399 109 4408 ·
251 4466 257 4476 ι
423 4357 470 4444 L.
501 4355 563 4443 De
603 4358 824 4466 iratribus,
864 4360 937 4474 qui
975 4361 1104 4474 longe
1140 4361 1196 4447 ab
1235 4363 1418 4451 oraturio
1459 4361 1654 4448 laborant

499 4491 611 4574 aut
600 4520 643 4575 ιιι
672 4491 740 4578 viu
766 4501 876 4584 suut.

402 4621 470 4712 LI.
500 4620 564 4704 De
591 4622 905 4736 iratribus..qui
930 4625 1138 4714 nonsatis
1163 4627 1291 4739 louge
1318 4625 1654 4738 proficiscantur.

381 4753 473 4841 LII.
502 4751 565 4838 De
591 4756 773 4841 oratorio
801 4759 1054 4846 monasterii.

363 4884 473 4978 LIII.
508 4888 567 4971 De
594 4885 829 4997 hospitibus
857 4889 1141 5001 suscipiendis.
1659 4939 1663 4946 .
1843 4828 1857 5005 Ι

363 5018 474 5104 LIV.
504 5017 548 5104 Si
577 5019 757 5105 (labeant
775 5022 968 5108 monachi
991 5023 1155 5110 litteras
1170 5027 1245 5108 aul
1263 5023 1419 5134 aliquid
1434 5023 1653 5133 suscipere.

236 5213 500 5232 -ιψ--α-ι--ι-

324 5315 353 5402 ι)
373 5309 529 5380 enuere
550 5311 598 5398 ιι)
