3968 5774
793 147 877 238 cap.
902 145 1028 220 xxxi.
1461 149 1463 152 ·
1536 147 1621 238 381‘

211 400 328 484 snper
369 367 765 479 datumoptimum,
807 367 914 476 qmul
956 395 1045 452 eum
1086 367 1191 451 uiola
1234 367 1446 468 volnuhue
1483 369 1617 470 datia,
1699 377 1703 384 '

210 502 337 587 amlto
390 501 533 584 melius
577 511 638 582 est
684 499 824 582 dentum
875 499 1076 608 optimum
1123 529 1215 584 earn
1265 528 1451 598 sermone
1494 501 1640 588 boun..

213 634 262 718 ht.
300 632 394 716 tolie
438 637 501 714 est
538 629 616 712 iste
655 657 796 712 seusus
832 629 873 712 in
914 629 991 712 hoe
1029 629 1140 732 loeo,
1170 660 1261 715 eum
1291 631 1415 717 dicit:
1475 631 1617 716 Sermo

208 765 329 848 horrus
357 789 478 866 super
506 761 643 845 eloctum
671 761 885 864 optimum,
916 761 1048 871 qualis
1077 792 1217 845 sensns
1245 771 1308 845 est
1334 764 1376 846 iu
1408 764 1479 848 illo
1510 766 1613 866 loeo,

210 895 275 980 uhi
309 891 502 978 Dominus
535 893 658 975 dieitr
689 891 836 995 rlIojus
862 893 1056 998 partilium
1086 900 1143 976 est
1175 919 1297 998 super
1322 919 1400 978 urm
1414 903 1617 998 peccatore

200 1029 485 1138 poeaitentiam
527 1029 667 1132 operito
705 1052 825 1129 pererro
864 1051 985 1130 super
1031 1024 1251 1132 uonnpiota
1299 1054 1433 1110 rnorem
1476 1031 1615 1132 prelis,
1689 1033 1694 1040 ’

209 1163 275 1268 qui
303 1188 378 1243 ooo
409 1157 591 1264 iudipeut
613 1156 873 1262 poenitentia.
932 1155 1142 1268 Numquid
1185 1157 1235 1239 de
1271 1159 1461 1242 inermibus
1495 1161 1616 1267 justis

209 1295 311 1377 dixit
343 1290 562 1389 Dominus,
604 1297 651 1372 ut
681 1287 809 1398 rrrajus
837 1289 891 1371 sit
919 1291 1112 1400 gaudium
1146 1291 1378 1406 peeoutoris
1400 1291 1615 1400 poeniteu-

170 1409 174 1416 ’
210 1426 306 1508 tium
337 1421 510 1531 agentis,
541 1445 660 1529 anum
692 1420 947 1505 ‹lemnnibns
971 1422 1125 1532 justis?
1171 1420 1279 1510 Nun,
1308 1407 1380 1506 sed
1407 1425 1614 1509 sciendum

208 1574 279 1656 est,
307 1553 405 1664 quin
432 1552 513 1637 duo
542 1559 639 1634 sunu
668 1579 820 1660 gernere
844 1554 1061 1660 jumerum,
1093 1553 1118 1636 i.
1149 1582 1183 1639 e.
1216 1582 1340 1636 urinam
1370 1555 1611 1640 lerreutiam
1707 1621 1710 1632 .

206 1698 246 1772 et
283 1684 576 1769 studiosissime
617 1683 869 1798 virentium,
898 1686 1072 1769 ultermu
1116 1713 1212 1767 reru
1251 1715 1331 1768 uon
1366 1685 1636 1769 imreul-imn'

207 1849 277 1903 nee
315 1817 609 1902 studiosissime
646 1815 883 1903 viventium.
943 1815 992 1904 V.
1022 1845 1062 1926 g.
1093 1823 1189 1900 sum
1230 1817 1337 1899 euim
1372 1817 1489 1902 rrrrrlli
1519 1817 1647 1902 boni·

207 1951 408 2046 homiues,
452 1949 520 2056 qui
562 1948 716 2032 habeut
756 1973 828 2032 suu
867 1951 1032 2060 propriu
1069 1953 1153 2032 sire
1194 1947 1315 2032 etima
1362 1948 1536 2035 honores
1572 1956 1615 2032 et

207 2080 427 2191 dignitates
466 2076 639 2179 saeculi,
684 2087 726 2160 et
765 2085 900 2162 turrren
932 2080 1076 2163 vivom
1104 2087 1240 2180 reete,
1273 2080 1299 2167 i.
1329 2113 1363 2166 e.
1393 2082 1494 2163 darrt
1522 2109 1613 2164 sarrs

206 2209 393 2310 «lecimus,
426 2209 582 2292 hreiuut
601 2211 890 2318 elemosynas,
921 2193 1002 2296 nou
1025 2213 1194 2320 rapiunt
1213 2213 1358 2313 uliena,
1387 2213 1614 2320 suscipiunt
1695 2207 1699 2214 ⁴

205 2343 395 2449 hospites,
428 2341 595 2458 visitant
625 2339 819 2438 iulirmos,
849 2351 891 2424 et
906 2355 1041 2425 cetera
1060 2343 1123 2425 his
1137 2343 1298 2444 similia,
1328 2344 1434 2425 sieut
1455 2342 1610 2425 l'ueiunt
1668 2363 1672 2372 ’

206 2475 297 2556 hom
327 2473 552 2556 saeculares
582 2473 776 2557 homiues.
836 2471 992 2556 Deinde
1028 2482 1125 2556 sum
1165 2474 1233 2556 ulii
1258 2472 1387 2579 justi,
1429 2475 1497 2581 qui
1531 2502 1611 2555 nou
1687 2459 1690 2472 ¹

117 2673 122 2684 .
204 2604 466 2688 eorrrruittnnt
495 2603 686 2710 grrnviora
724 2611 901 2712 peoeala,
933 2605 1001 2686 sed
1032 2614 1170 2689 tauma
1206 2632 1344 2688 errrore
1382 2603 1454 2687 Dei
1485 2603 1612 2707 ducti,

204 2740 386 2822 vendunt
400 2735 550 2840 omnia,
579 2765 683 2846 quae
704 2736 924 2844 possident,
954 2743 996 2818 et
1013 2736 1114 2820 dans
1133 2733 1378 2846 preriperibus
1397 2743 1440 2817 et
1456 2739 1613 2818 intrent
1635 2759 1637 2762 ·

203 2873 242 2954 iu
275 2868 522 2953 renarrasteria
551 2874 593 2951 et
623 2871 881 2978 praeponant
908 2865 985 2949 sibi
1014 2867 1195 2966 abbates,
1227 2863 1392 2972 lugiunt
1422 2865 1610 2967 honores,

204 3009 322 3084 onuut
359 3009 403 3083 et
438 2998 643 3110 plangunt
679 2997 838 3082 assidue
875 3003 917 3080 et
950 2997 1142 3108 jejmmnt
1181 2985 1433 3107 et'gamleut
1461 3027 1609 3107 opprn·
1650 3055 1653 3064 ψ

205 3132 298 3214 hriis
334 3137 376 3214 et
414 3129 742 3240 despectionilms
779 3134 823 3212 et
851 3136 985 3214 cotem
1015 3129 1077 3212 his
1116 3129 1265 3212 similia
1302 3127 1410 3210 bona
1441 3127 1609 3214 urcium.

204 3263 358 3348 Deinde
397 3267 460 3346 est
500 3267 710 3370 peccator,
752 3260 822 3370 qui
865 3261 969 3344 forte
1010 3260 1214 3345 euersurisit
1253 3259 1497 3344 adnlterium
1538 3269 1612 3348 aut
1693 3241 1698 3252 ⁵

200 3392 462 3480 homicidium
494 3403 536 3476 et
563 3399 698 3476 cetera
728 3391 790 3476 his
817 3389 967 3477 similia
996 3392 1185 3502 graviora
1215 3373 1409 3502 peeeetns
1434 3391 1488 3476 ut
1516 3419 1607 3476 eum
1689 3459 1691 3464 s

202 3525 298 3610 haee
335 3554 377 3611 se
418 3526 661 3634 cogitaverit
696 3524 834 3610 onruiu
872 3525 1037 3629 fecisse,
1067 3523 1264 3634 relinquit
1301 3521 1439 3637 ‹irrruia
1469 3534 1510 3606 et
1539 3525 1610 3608 dut
1683 3610 1686 3620 ,
1766 3515 1769 3524 ’

199 3659 443 3768 puaperibus
475 3663 517 3740 et
547 3658 676 3741 intrat
703 3655 746 3740 in
788 3655 1080 3742 umunsterimu
1112 3668 1154 3736 et
1183 3654 1401 3764 praeponit
1429 3655 1507 3740 sibi
1535 3658 1640 3740 ιώ-Ι

200 3789 355 3890 batem,
394 3790 548 3898 gaudet
586 3787 836 3896 opprobrio,
868 3787 977 3896 l'ugit
1006 3787 1200 3888 honores,
1231 3795 1322 3869 orat
1350 3784 1533 3889 assidue,
1564 3798 1611 3869 ut

201 3917 364 4003 Domini
414 3917 728 4002 misericordiam
779 3917 938 4000 indultu
981 3919 1097 4002 venia
1145 3927 1402 4028 aeneatorum
1443 3947 1607 4001 suorum

198 4049 380 4134 iuvenire
420 4051 561 4160 possit.
630 4047 840 4156 Numquid
880 4051 966 4132 ,iste
1007 4057 1218 4156 peccator,
1260 4047 1343 4157 qui·
1368 4047 1466 4132 talia
1506 4051 1608 4156 ugit,
1668 4119 1669 4123 Ν
1781 4031 1796 4100 s
1876 4105 1880 4115 ·

199 4182 326 4289 rrrajus
355 4181 550 4290 gandium
583 4179 683 4262 iacit
711 4177 754 4261 iu
785 4179 900 4262 coelo
930 4179 979 4263 de
1008 4179 1089 4262 illis
1114 4178 1259 4284 justis,
1290 4210 1393 4288 qum
1422 4181 1606 4288 senterius
1684 4239 1685 4244 Ν

198 4310 391 4411 dixinms,
422 4310 610 4422 quisine
640 4310 944 4420 perpetratione
976 4309 1173 4393 insularum
1205 4310 1363 4393 intrant
1394 4311 1433 4393 in
1466 4340 1607 4394 mouu-

198 4441 380 4541 sterium,
409 4443 578 4551 lugiunt
607 4441 781 4525 honores
812 4459 854 4522 et
882 4423 1065 4550 gaudent
1085 4439 1329 4549 opprobriis,
1353 4441 1545 4550 jejunuut
1567 4449 1636 4525 et*

197 4579 352 4657 orant?
410 4571 525 4677 Nou,
555 4574 625 4659 sed
666 4572 716 4657 de
756 4574 836 4656 illis
870 4573 992 4680 justis
1022 4572 1099 4654 iste
1129 4579 1318 4682 peccator
1347 4570 1476 4674 sunjus
1505 4599 1609 4678 genir-

165 4702 306 4786 'dimu
340 4705 449 4802 loeit,
478 4733 579 4813 quos
608 4732 732 4815 snpra
754 4706 840 4813 jaun
862 4703 1050 4803 diximus,
1080 4703 1149 4811 qui
1175 4701 1330 4783 habent
1350 4727 1422 4783 sna
1443 4699 1609 4809 propria
1653 4691 1657 4697 ⁴
1702 4794 1707 4802 ‚

196 4841 238 4917 et
268 4823 467 4950 honores,
496 4837 680 4944 (perriensis
710 4863 791 4920 nou
824 4835 988 4944 rapiunt
1016 4833 1151 4917 aliena
1180 4836 1223 4914 et
1251 4817 1408 4914 faciant
1436 4831 1611 4913 eleemo-

197 4985 329 5074 syuns.
389 4966 492 5065 Quia
520 4967 552 5050 si
583 4966 661 5050 iste
691 4978 893 5078 precentor,
922 4965 992 5078 qui
1021 4963 1236 5077 poenitens
1260 4962 1425 5073 plangit
1441 4962 1607 5066 saalum,

196 5098 305 5208 quod
346 5097 461 5202 lenit,
505 5097 605 5183 lacit
639 5098 767 5208 rrrajns
807 5096 1000 5208 gerrrrlimu
1043 5098 1084 5178 iu
1117 5095 1257 5202 eaelo,
1295 5093 1436 5204 utique
1478 5093 1607 5177 resulto
