3974 5778
263 197 347 286 288
890 192 978 288 0⁸1¹·
999 192 1060 268 ¹1

261 415 391 518 sicut,
417 415 584 526 qnando
609 419 866 528 congruente
903 415 1130 526 temporius
1156 413 1359 528 surgitur,
1399 411 1558 526 quiesi
1587 412 1677 500 dies

264 575 350 634 non
378 545 513 652 inerit,
541 553 641 634 tnnc
667 546 793 632 debet
820 547 935 660 prior
961 547 1124 660 signnm
1152 527 1348 659 tangere,
1376 553 1424 631 nt
1449 544 1678 645 dormiente

263 677 429 786 quando
458 677 577 764 raldo
602 677 720 764 tarde
747 683 936 790 snrgunt,
965 684 1066 766 tnnc
1094 679 1271 766 breviari
1287 678 1442 764 debent
1462 677 1672 768 lectiones.

242 807 322 894 Ἐι
348 807 427 894 hoc
455 806 664 894 sciendum
693 813 769 912 est,
799 811 911 922 qnia,
938 810 1048 895 uiant
1075 789 1274 908 diximus,
1301 808 1348 894 in
1375 807 1583 894 dominico
1610 807 1691 890 die·

265 940 512 1022 matutinum
551 938 735 1024 cilicium
770 937 862 1025 lnce
889 941 1114 1051 incipiente
1139 939 1348 1051 agendum
1377 945 1461 1039 est,
1499 937 1606 1021 sient
1631 938 1676 1019 iu

266 1069 356 1152 aliis
379 1068 535 1170 diebus,
565 1069 665 1179 quia
687 1069 759 1153 ille
780 1071 952 1155 inferius
965 1069 1087 1158 dicit:
1124 1069 1177 1157 Ut
1190 1071 1250 1154 cit
1261 1069 1486 1176 propheta:
1518 1067 1676 1171 Septies
1813 1053 1819 1066 ’

266 1201 309 1282 in
338 1199 406 1284 dic
443 1199 603 1300 torrdun
631 1199 723 1284 disi
750 1201 824 1284 titi
836 1231 849 1298 ς
883 1203 954 1309 qni
988 1201 1241 1306 septenarius
1268 1213 1457 1286 sacroue
1483 1224 1675 1284 euremarus

249 1333 327 1416 'sic
353 1358 379 1414 a
407 1330 523 1416 notis
548 1329 794 1436 implebitur,
821 1333 862 1416 si
887 1333 1121 1437 nunninae,
1145 1333 1324 1440 primae,
1350 1332 1504 1436 tertiae,
1526 1336 1679 1433 satie,

72 1487 76 1496 ’
241 1471 418 1564 'rronuc,
459 1489 648 1569 vesperae
695 1463 1015 1573 completoriique
1062 1471 1238 1571 ternpore
1274 1464 1438 1550 adstrue
1475 1463 1680 1548 servitutis
1791 1505 1795 1512 ·

267 1595 402 1702 officia
427 1595 717 1702 persolvamus.
772 1594 894 1682 Unde
922 1605 1108 1708 oportet,
1142 1603 1190 1682 ιιι
1219 1599 1466 1685 matutinum
1496 1595 1677 1681 cilicium

36 1833 42 1848 Ι
267 1731 311 1815 in
350 1729 415 1816 dic
452 1729 657 1816 dominico
685 1729 776 1815 tuce
804 1729 1028 1840 incipiente
1060 1738 1233 1842 agatur,
1277 1736 1325 1815 nt
1351 1725 1509 1843 septeni
1537 1729 1679 1814 laudes

152 1933 155 1944 ,
269 1861 430 1946 debitas
459 1861 666 1947 dominico
694 1863 760 1946 die
786 1864 1076 1972 persolvamus.
1134 1863 1242 1948 Nam
1271 1863 1305 1948 si
1334 1865 1426 1950 tuce
1460 1861 1683 1973 incipiente

119 1979 126 1992 ’
270 2022 356 2078 uon
393 1992 554 2104 agimus
592 1997 878 2098 matutinum,
896 1997 984 2108 jam
1027 2025 1111 2081 uon
1152 1999 1195 2081 iu
1236 1997 1305 2082 die
1343 1997 1484 2084 laudes
1525 2001 1684 2106 septem

142 2185 144 2190 ι
271 2127 452 2214 Domino
480 2126 667 2216 dicimus.
706 2127 831 2214 Forte
854 2129 956 2215 dicit
982 2130 1152 2242 uliquisr
1193 2129 1242 2214 Iu
1272 2130 1523 2242 quotidianis
1551 2129 1681 2214 debeo
1727 2213 1730 2220 .

269 2261 413 2346 diebus
442 2262 691 2345 matutinum
719 2269 888 2346 cantare
914 2262 1005 2348 luce
1031 2264 1267 2374 incipiente.
1327 2262 1403 2348 Cui
1431 2259 1683 2371 responden·
1735 2269 1736 2272 ‘

133 2427 171 2446 ··
270 2394 368 2478 dum
396 2399 477 2479 est:
515 2392 647 2478 Valde
676 2392 869 2478 indecens
897 2401 984 2498 est,
1023 2397 1058 2480 si
1077 2395 1202 2478 'omni
1231 2401 1435 2506 tempore,
1472 2393 1502 2482 i.
1529 2421 1565 2481 e.
1595 2399 1681 2476 tum

94 2583 101 2628 ·.
270 2525 436 2611 aestatis
475 2553 599 2635 quam
627 2525 792 2628 hiemis,
831 2531 876 2611 et
902 2526 1094 2610 omnibns
1133 2526 1277 2612 diebus
1314 2527 1564 2612 matutinum
1592 2524 1684 2609 luce

98 2725 101 2734 ,
270 2657 494 2769 incipiente
520 2662 734 2744 mutamus
757 2664 802 2744 et
826 2661 982 2769 septem
1007 2657 1148 2761 landes
1168 2660 1258 2762 Deo
1285 2659 1493 2746 offerimus
1515 2657 1689 2761 debitas,

197 2867 202 2882 .
272 2793 385 2876 etin
415 2789 621 2874 dominico
648 2817 733 2880 sex.
789 2788 906 2875 Istud
934 2792 1173 2896 tenurerins,
1203 2793 1311 2877 sicut
1338 2790 1447 2890 dixi,
1482 2789 1534 2874 ud
1565 2790 1688 2872 aesti-

67 2921 70 2930 '
189 2947 203 2968 ··
272 2951 368 3018 vum
397 2919 551 3006 attinet
578 2931 766 3031 tempus,
794 2948 880 3005 non
908 2921 959 3006 ud
989 2921 1185 3027 hiemale,
1214 2929 1378 3034 praeter
1405 2922 1496 3006 illas
1527 2925 1687 3022 noctes,

133 3111 134 3116 κ
194 3091 196 3098 ·
272 3055 318 3139 in
346 3054 493 3164 quibus
520 3052 703 3163 officium
733 3053 853 3138 ualde
880 3053 1168 3166 prolongatur.

358 3185 502 3286 -Quoc
533 3211 626 3268 vero
661 3183 764 3269 dicit
799 3211 888 3270 cunr
921 3185 1071 3271 leonorc
1105 3193 1144 3270 et
1179 3191 1348 3270 tremore
1373 3171 1575 3270 nanticus
1601 3191 1690 3268 one-¹

273 3311 406 3422 tritus,
435 3345 529 3403 cum
559 3315 726 3424 planetu
753 3322 797 3400 et
825 3319 964 3404 orario
991 3322 1035 3402 et
1055 3317 1310 3403 candelabris
1342 3316 1502 3402 duobus
1524 3323 1568 3402 et
1591 3317 1687 3401 thu·

92 3471 95 3476 ’
274 3450 436 3552 ribato,
465 3454 509 3532 et
535 3445 621 3549 illi,
648 3448 720 3560 qui
747 3449 996 3538 candelabra
1022 3456 1066 3536 et
1091 3447 1304 3535 thuribula
1331 3453 1518 3560 gestant,
1549 3448 1690 3534 vestiti

168 3645 174 3656 ·
276 3583 430 3669 debent
456 3609 556 3669 esse.

274 3792 279 3802 .
386 3712 602 3827 ⁸Sequitur
641 3713 763 3822 dique
800 3715 896 3803 inde
932 3719 977 3800 in
1004 3693 1182 3801 crctdic
1219 3713 1453 3821 satisfaciat
1479 3715 1694 3822 Deo,1›er

217 3857 219 3864 ’
276 3849 390 3954 crq'us
417 3845 587 3932 occurerit
613 3847 844 3954 ncqtcctnm,
873 3849 935 3934 ita
964 3848 1145 3958 intelligi
1173 3847 1318 3952 debet,
1347 3847 1374 3938 i.
1405 3875 1442 3932 e.
1470 3855 1691 3958 postquam

255 3971 530 4089 'complet-nm
568 3976 695 4061 inerit
746 3975 998 4066 matutinum
1036 3983 1081 4064 et
1121 3983 1341 4089 postquem
1389 3978 1572 4062 exierint·
1607 3979 1694 4061 sira

272 4107 527 4193 intrarant
540 4105 853 4192 hebdomodarii
877 4097 1090 4220 coquinae,
1119 4108 1203 4212 ille,
1230 4111 1305 4218 per
1320 4108 1437 4216 cnjus
1455 4108 1691 4219 neglectum
1773 4219 1777 4226 1

217 4315 226 4333 ,
278 4236 472 4340 evenerit,
500 4237 660 4323 tamdiu
688 4237 811 4323 debet
838 4244 947 4326 stare
973 4239 1167 4326 incurvus
1193 4247 1292 4322 ante
1315 4237 1459 4343 altere,
1489 4236 1695 4350 quoadus-
1758 4337 1762 4343 .

272 4362 359 4482 ’qne
385 4369 534 4453 iratres
562 4374 711 4452 exeant
736 4367 863 4459 lorus.
905 4367 1215 4471 Verumtamen,
1243 4368 1341 4479 q'uia
1362 4367 1411 4454 Β.
1440 4369 1692 4454 Benedictus
1746 4365 1751 4378 '
1822 4375 1826 4382 '

279 4503 385 4586 dixit
423 4501 546 4612 dique
571 4499 668 4584 inde
694 4503 948 4608 catislac'iat,
986 4531 1148 4588 necesse
1184 4506 1266 4606 est,
1303 4508 1351 4587 ut
1378 4495 1706 4602 consideremus,¹

279 4632 379 4743 quid
406 4632 529 4741 dique
556 4631 625 4720 sit.
679 4631 749 4720 Sic
784 4635 895 4718 enim
922 4633 1136 4719 Johannes
1158 4633 1350 4744 Baptista
1384 4631 1510 4717 dixit:
1552 4629 1698 4718 Facite

11 4829 15 4838 .
130 4863 137 4876 ι
276 4767 435 4872 [ructus
453 4766 599 4876 diqrcos
612 4766 893 4873 poenitentiae.
935 4763 1045 4869 ldeo,
1076 4767 1174 4877 quia
1189 4765 1309 4874 dique
1329 4763 1432 4850 dicit
1448 4764 1694 4870 satisfacere,
1874 4788 1892 4868 ᾖ

221 4997 224 5004 ,
281 4899 576 4986 consideranda
598 4889 669 4987 ¹est
695 4901 908 5012 quantitas
936 4901 1107 5010 peccati,
1136 4899 1178 4983 h.
1207 4927 1242 4984 e.
1272 4898 1592 5009 quamgrandis
1616 4897 1698 4982 tuit
1855 4965 1858 4974 .

258 5034 371 5141 ipsa
392 5033 672 5146 negligentia3
701 5033 951 5119 considerari
978 5031 1105 5117 etiam
1133 5031 1256 5116 debet
1280 5031 1454 5116 affectus
1471 5029 1696 5142 peccantis,
1830 5053 1833 5060 ⁴

282 5165 325 5254 h.
354 5195 388 5251 e.
430 5195 512 5276 qna
556 5168 789 5252 intentione
836 5165 1045 5278 neglexit,
1086 5192 1269 5276 congrue
1304 5168 1471 5278 signnm
1511 5171 1695 5274 tangere.

1903 4882 1914 4952 ὲ

1903 4968 1914 5061 ξ

1904 5064 1914 5201 i

1905 5206 1917 5282 i

1906 5283 1917 5753 i
