<?xml version="1.0" encoding="UTF-8"?>
<!DOCTYPE html PUBLIC "-//W3C//DTD XHTML 1.0 Transitional//EN"
    "http://www.w3.org/TR/xhtml1/DTD/xhtml1-transitional.dtd">
<html xmlns="http://www.w3.org/1999/xhtml" xml:lang="en" lang="en">
 <head>
  <title>
</title>
<meta http-equiv="Content-Type" content="text/html;charset=utf-8" />
  <meta name='ocr-system' content='tesseract 3.04.00' />
  <meta name='ocr-capabilities' content='ocr_page ocr_carea ocr_par ocr_line ocrx_word'/>
</head>
<body>
  <div class='ocr_page' id='page_1' title='image "./vitaetregulassp01benegoog_0309.png"; bbox 0 0 3974 5778; ppageno 0'>
   <div class='ocr_carea' id='block_1_1' title="bbox 251 147 1040 244">
    <p class='ocr_par' dir='ltr' id='par_1_1' title="bbox 251 147 1040 244">
     <span class='ocr_line' id='line_1_1' title="bbox 251 147 1040 244; baseline 0.015 -12"><span class='ocrx_word' id='word_1_1' title='bbox 251 149 334 236; x_wconf 77' lang='lat'><strong>280</strong></span> <span class='ocrx_word' id='word_1_2' title='bbox 867 147 1040 244; x_wconf 62' lang='lat' dir='ltr'><strong>(be-m</strong></span> 
     </span>
    </p>
   </div>
   <div class='ocr_carea' id='block_1_2' title="bbox 186 319 1673 616">
    <p class='ocr_par' dir='ltr' id='par_1_2' title="bbox 186 319 1673 616">
     <span class='ocr_line' id='line_1_2' title="bbox 186 319 1673 482; baseline 0.009 -32"><span class='ocrx_word' id='word_1_3' title='bbox 186 431 196 472; x_wconf 84' lang='lat'><strong>,</strong></span> <span class='ocrx_word' id='word_1_4' title='bbox 253 369 426 452; x_wconf 75' lang='lat' dir='ltr'><strong>octavas</strong></span> <span class='ocrx_word' id='word_1_5' title='bbox 451 364 580 452; x_wconf 85' lang='lat' dir='ltr'><strong>borao</strong></span> <span class='ocrx_word' id='word_1_6' title='bbox 599 368 852 478; x_wconf 79' lang='lat' dir='ltr'><strong>surgendum</strong></span> <span class='ocrx_word' id='word_1_7' title='bbox 871 319 957 472; x_wconf 66' lang='lat' dir='ltr'><strong>asta</strong></span> <span class='ocrx_word' id='word_1_8' title='bbox 986 375 1188 482; x_wconf 84' lang='lat' dir='ltr'><strong>quantum</strong></span> <span class='ocrx_word' id='word_1_9' title='bbox 1210 377 1349 480; x_wconf 83' lang='lat' dir='ltr'><strong>autam</strong></span> <span class='ocrx_word' id='word_1_10' title='bbox 1377 373 1555 462; x_wconf 80' lang='lat' dir='ltr'><strong>minores</strong></span> <span class='ocrx_word' id='word_1_11' title='bbox 1573 381 1673 463; x_wconf 80' lang='lat' dir='ltr'><strong>aaut</strong></span> 
     </span>
     <span class='ocr_line' id='line_1_3' title="bbox 255 497 1672 616; baseline 0.01 -34"><span class='ocrx_word' id='word_1_12' title='bbox 255 502 408 601; x_wconf 83' lang='lat' dir='ltr'><strong>noctes,</strong></span> <span class='ocrx_word' id='word_1_13' title='bbox 436 499 600 584; x_wconf 85' lang='lat' dir='ltr'><strong>tautum</strong></span> <span class='ocrx_word' id='word_1_14' title='bbox 624 525 754 612; x_wconf 84' lang='lat' dir='ltr'><strong>propo</strong></span> <span class='ocrx_word' id='word_1_15' title='bbox 768 497 895 586; x_wconf 83' lang='lat' dir='ltr'><strong>tinem</strong></span> <span class='ocrx_word' id='word_1_16' title='bbox 916 502 1046 614; x_wconf 88' lang='lat' dir='ltr'><strong>ipsius</strong></span> <span class='ocrx_word' id='word_1_17' title='bbox 1068 503 1195 588; x_wconf 88' lang='lat' dir='ltr'><strong>borae</strong></span> <span class='ocrx_word' id='word_1_18' title='bbox 1212 502 1338 589; x_wconf 85' lang='lat' dir='ltr'><strong>debet</strong></span> <span class='ocrx_word' id='word_1_19' title='bbox 1353 503 1518 616; x_wconf 83' lang='lat' dir='ltr'><strong>signum</strong></span> <span class='ocrx_word' id='word_1_20' title='bbox 1539 505 1672 616; x_wconf 81' lang='lat' dir='ltr'><strong>tangi.</strong></span> 
     </span>
    </p>
   </div>
   <div class='ocr_carea' id='block_1_3' title="bbox 259 627 1685 746">
    <p class='ocr_par' dir='ltr' id='par_1_3' title="bbox 259 627 1685 746">
     <span class='ocr_line' id='line_1_4' title="bbox 259 627 1685 746; baseline 0.006 -32"><span class='ocrx_word' id='word_1_21' title='bbox 259 627 345 714; x_wconf 89' lang='lat' dir='ltr'><strong>Oro</strong></span> <span class='ocrx_word' id='word_1_22' title='bbox 372 628 517 746; x_wconf 82' lang='lat' dir='ltr'><strong>finium</strong></span> <span class='ocrx_word' id='word_1_23' title='bbox 550 657 625 742; x_wconf 85' lang='lat' dir='ltr'><strong>per</strong></span> <span class='ocrx_word' id='word_1_24' title='bbox 655 651 691 733; x_wconf 93' lang='lat' dir='ltr'><strong>o,</strong></span> <span class='ocrx_word' id='word_1_25' title='bbox 717 627 820 714; x_wconf 83' lang='lat' dir='ltr'><strong>doro</strong></span> <span class='ocrx_word' id='word_1_26' title='bbox 847 629 1005 716; x_wconf 90' lang='lat' dir='ltr'><strong>dierum</strong></span> <span class='ocrx_word' id='word_1_27' title='bbox 1032 661 1107 744; x_wconf 83' lang='lat' dir='ltr'><strong>per</strong></span> <span class='ocrx_word' id='word_1_28' title='bbox 1133 633 1161 720; x_wconf 80' lang='lat' dir='ltr'><strong>t</strong></span> <span class='ocrx_word' id='word_1_29' title='bbox 1187 634 1449 721; x_wconf 82' lang='lat' dir='ltr'><strong>scribendum</strong></span> <span class='ocrx_word' id='word_1_30' title='bbox 1477 641 1554 722; x_wconf 80' lang='lat' dir='ltr'><strong>est</strong></span> <span class='ocrx_word' id='word_1_31' title='bbox 1680 629 1685 638; x_wconf 79' lang='grc'><strong>’</strong></span> 
     </span>
    </p>
   </div>
   <div class='ocr_carea' id='block_1_4' title="bbox 860 803 1098 933">
    <p class='ocr_par' dir='ltr' id='par_1_4' title="bbox 860 803 1098 933">
     <span class='ocr_line' id='line_1_5' title="bbox 860 803 1098 933; baseline 0.008 -19"><span class='ocrx_word' id='word_1_32' title='bbox 860 829 959 933; x_wconf 76' lang='lat' dir='ltr'><strong>Con.</strong></span> <span class='ocrx_word' id='word_1_33' title='bbox 988 825 1074 918; x_wconf 88' lang='lat' dir='ltr'><strong>IX.</strong></span> <span class='ocrx_word' id='word_1_34' title='bbox 1094 803 1098 810; x_wconf 38' lang='lat'><strong>⁴</strong></span> 
     </span>
    </p>
   </div>
   <div class='ocr_carea' id='block_1_5' title="bbox 283 1005 1646 1134">
    <p class='ocr_par' dir='ltr' id='par_1_5' title="bbox 283 1005 1646 1134">
     <span class='ocr_line' id='line_1_6' title="bbox 283 1005 1646 1134; baseline 0.007 -45"><span class='ocrx_word' id='word_1_35' title='bbox 283 1007 484 1100; x_wconf 69' lang='lat' dir='ltr'><strong>Qunam</strong></span> <span class='ocrx_word' id='word_1_36' title='bbox 512 1007 706 1086; x_wconf 75' lang='lat' dir='ltr'><strong>Panum</strong></span> <span class='ocrx_word' id='word_1_37' title='bbox 739 1005 951 1088; x_wconf 75' lang='lat' dir='ltr'>DIOENDI</span> <span class='ocrx_word' id='word_1_38' title='bbox 981 1009 1118 1088; x_wconf 78' lang='lat' dir='ltr'>SUNT</span> <span class='ocrx_word' id='word_1_39' title='bbox 1147 1011 1444 1094; x_wconf 75' lang='lat' dir='ltr'><strong>nocruunls</strong></span> <span class='ocrx_word' id='word_1_40' title='bbox 1474 1015 1646 1134; x_wconf 72' lang='lat' dir='ltr'><strong>idoliis.</strong></span> 
     </span>
    </p>
   </div>
   <div class='ocr_carea' id='block_1_6' title="bbox 208 1151 1675 1394">
    <p class='ocr_par' dir='ltr' id='par_1_6' title="bbox 208 1151 1675 1394">
     <span class='ocr_line' id='line_1_7' title="bbox 300 1151 1556 1288; baseline 0.007 -50"><span class='ocrx_word' id='word_1_41' title='bbox 300 1189 323 1288; x_wconf 70' lang='lat'><strong>&#39;.</strong></span> <span class='ocrx_word' id='word_1_42' title='bbox 368 1154 417 1238; x_wconf 90' lang='lat' dir='ltr'><strong>In</strong></span> <span class='ocrx_word' id='word_1_43' title='bbox 444 1151 525 1280; x_wconf 86' lang='lat' dir='ltr'><strong>ista</strong></span> <span class='ocrx_word' id='word_1_44' title='bbox 553 1153 660 1239; x_wconf 84' lang='lat' dir='ltr'><strong>clavi</strong></span> <span class='ocrx_word' id='word_1_45' title='bbox 689 1151 834 1239; x_wconf 89' lang='lat' dir='ltr'><strong>melios</strong></span> <span class='ocrx_word' id='word_1_46' title='bbox 863 1156 927 1236; x_wconf 87' lang='lat' dir='ltr'><strong>est</strong></span> <span class='ocrx_word' id='word_1_47' title='bbox 955 1153 1094 1241; x_wconf 87' lang='lat' dir='ltr'><strong>dicere</strong></span> <span class='ocrx_word' id='word_1_48' title='bbox 1119 1165 1225 1266; x_wconf 69' lang='lat' dir='ltr'><strong>quot,</strong></span> <span class='ocrx_word' id='word_1_49' title='bbox 1252 1187 1376 1271; x_wconf 88' lang='lat' dir='ltr'><strong>quam</strong></span> <span class='ocrx_word' id='word_1_50' title='bbox 1403 1160 1556 1266; x_wconf 78' lang='lat' dir='ltr'><strong>quanti.</strong></span> 
     </span>
     <span class='ocr_line' id='line_1_8' title="bbox 208 1283 1675 1394; baseline 0.007 -26"><span class='ocrx_word' id='word_1_51' title='bbox 208 1293 212 1300; x_wconf 84' lang='lat'>&#39;</span> <span class='ocrx_word' id='word_1_52' title='bbox 369 1283 532 1384; x_wconf 75' lang='lat' dir='ltr'><strong>Hierone</strong></span> <span class='ocrx_word' id='word_1_53' title='bbox 568 1289 756 1391; x_wconf 76' lang='lat' dir='ltr'><strong>temporo</strong></span> <span class='ocrx_word' id='word_1_54' title='bbox 777 1285 1006 1390; x_wconf 61' lang='lat' dir='ltr'><strong>proconisso</strong></span> <span class='ocrx_word' id='word_1_55' title='bbox 1042 1287 1246 1394; x_wconf 77' lang='lat' dir='ltr'><strong>imprimis</strong></span> <span class='ocrx_word' id='word_1_56' title='bbox 1280 1317 1424 1376; x_wconf 81' lang='lat' dir='ltr'><strong>uersu:</strong></span> <span class='ocrx_word' id='word_1_57' title='bbox 1463 1289 1603 1377; x_wconf 80' lang='lat' dir='ltr'><strong>»Deus</strong></span> <span class='ocrx_word' id='word_1_58' title='bbox 1629 1295 1675 1378; x_wconf 82' lang='lat' dir='ltr'><strong>ira</strong></span> 
     </span>
    </p>
   </div>
   <div class='ocr_carea' id='block_1_7' title="bbox 121 1415 1740 1654">
    <p class='ocr_par' dir='ltr' id='par_1_7' title="bbox 121 1415 1740 1654">
     <span class='ocr_line' id='line_1_9' title="bbox 121 1415 1675 1544; baseline 0.005 -42"><span class='ocrx_word' id='word_1_59' title='bbox 121 1457 128 1472; x_wconf 96' lang='lat'><strong>·</strong></span> <span class='ocrx_word' id='word_1_60' title='bbox 183 1539 186 1544; x_wconf 18' lang='grc' dir='ltr'>Ι</span> <span class='ocrx_word' id='word_1_61' title='bbox 259 1415 512 1522; x_wconf 79' lang='lat' dir='ltr'><strong>adjutorium</strong></span> <span class='ocrx_word' id='word_1_62' title='bbox 539 1442 670 1500; x_wconf 76' lang='lat' dir='ltr'><strong>ornem</strong></span> <span class='ocrx_word' id='word_1_63' title='bbox 697 1416 903 1521; x_wconf 72' lang='lat' dir='ltr'><strong>intercise,</strong></span> <span class='ocrx_word' id='word_1_64' title='bbox 932 1419 974 1502; x_wconf 86' lang='lat' dir='ltr'><strong>iu</strong></span> <span class='ocrx_word' id='word_1_65' title='bbox 1004 1420 1177 1504; x_wconf 70' lang='lat' dir='ltr'><strong>merendo</strong></span> <span class='ocrx_word' id='word_1_66' title='bbox 1205 1422 1323 1506; x_wconf 81' lang='lat' dir='ltr'><strong>tertio</strong></span> <span class='ocrx_word' id='word_1_67' title='bbox 1351 1423 1564 1508; x_wconf 74' lang='lat' dir='ltr'><strong>discordum</strong></span> <span class='ocrx_word' id='word_1_68' title='bbox 1592 1431 1675 1510; x_wconf 76' lang='lat' dir='ltr'><strong>eata</strong></span> 
     </span>
     <span class='ocr_line' id='line_1_10' title="bbox 266 1545 1740 1654; baseline 0.009 -28"><span class='ocrx_word' id='word_1_69' title='bbox 266 1545 479 1650; x_wconf 64' lang='lat' dir='ltr'><strong>»Domina</strong></span> <span class='ocrx_word' id='word_1_70' title='bbox 508 1547 619 1632; x_wconf 83' lang='lat' dir='ltr'><strong>tudio</strong></span> <span class='ocrx_word' id='word_1_71' title='bbox 639 1575 728 1634; x_wconf 85' lang='lat' dir='ltr'><strong>mea</strong></span> <span class='ocrx_word' id='word_1_72' title='bbox 745 1547 920 1654; x_wconf 82' lang='lat' dir='ltr'><strong>operies,</strong></span> <span class='ocrx_word' id='word_1_73' title='bbox 948 1556 985 1634; x_wconf 85' lang='lat' dir='ltr'><strong>et</strong></span> <span class='ocrx_word' id='word_1_74' title='bbox 1002 1575 1048 1636; x_wconf 86' lang='lat' dir='ltr'><strong>os</strong></span> <span class='ocrx_word' id='word_1_75' title='bbox 1072 1577 1203 1634; x_wconf 72' lang='lat' dir='ltr'><strong>nomm</strong></span> <span class='ocrx_word' id='word_1_76' title='bbox 1232 1553 1491 1638; x_wconf 79' lang='lat' dir='ltr'><strong>onorrrntiobit</strong></span> <span class='ocrx_word' id='word_1_77' title='bbox 1516 1555 1688 1640; x_wconf 82' lang='lat' dir='ltr'><strong>ioudeor&#39;</strong></span> <span class='ocrx_word' id='word_1_78' title='bbox 1737 1645 1740 1652; x_wconf 68' lang='grc'><strong>,</strong></span> 
     </span>
    </p>
   </div>
   <div class='ocr_carea' id='block_1_8' title="bbox 174 1674 1679 2058">
    <p class='ocr_par' dir='ltr' id='par_1_8' title="bbox 174 1674 1679 2058">
     <span class='ocr_line' id='line_1_11' title="bbox 263 1674 1677 1793; baseline 0.007 -30"><span class='ocrx_word' id='word_1_79' title='bbox 263 1685 413 1765; x_wconf 67' lang='lat' dir='ltr'><strong>tuom«</strong></span> <span class='ocrx_word' id='word_1_80' title='bbox 473 1674 573 1764; x_wconf 87' lang='lat' dir='ltr'><strong>Ideo</strong></span> <span class='ocrx_word' id='word_1_81' title='bbox 601 1679 738 1784; x_wconf 91' lang='lat' dir='ltr'><strong>tertio,</strong></span> <span class='ocrx_word' id='word_1_82' title='bbox 756 1687 935 1793; x_wconf 77' lang='lat' dir='ltr'><strong>,propter</strong></span> <span class='ocrx_word' id='word_1_83' title='bbox 965 1681 1239 1767; x_wconf 82' lang='lat' dir='ltr'><strong>reverentiam</strong></span> <span class='ocrx_word' id='word_1_84' title='bbox 1267 1690 1434 1770; x_wconf 75' lang='lat' dir='ltr'><strong>mactae</strong></span> <span class='ocrx_word' id='word_1_85' title='bbox 1449 1685 1677 1792; x_wconf 75' lang='lat' dir='ltr'><strong>Trinitatis,</strong></span> 
     </span>
     <span class='ocr_line' id='line_1_12' title="bbox 174 1807 1679 1923; baseline 0.009 -28"><span class='ocrx_word' id='word_1_86' title='bbox 174 1861 178 1880; x_wconf 51' lang='lat' dir='ltr'><strong>a</strong></span> <span class='ocrx_word' id='word_1_87' title='bbox 264 1813 309 1896; x_wconf 85' lang='lat' dir='ltr'><strong>et</strong></span> <span class='ocrx_word' id='word_1_88' title='bbox 342 1810 441 1921; x_wconf 88' lang='lat' dir='ltr'><strong>quia</strong></span> <span class='ocrx_word' id='word_1_89' title='bbox 477 1811 628 1923; x_wconf 77' lang='lat' dir='ltr'><strong>triplex</strong></span> <span class='ocrx_word' id='word_1_90' title='bbox 668 1813 873 1898; x_wconf 85' lang='lat' dir='ltr'><strong>funiculus</strong></span> <span class='ocrx_word' id='word_1_91' title='bbox 914 1807 981 1898; x_wconf 84' lang='lat' dir='ltr'><strong>uir&#39;</strong></span> <span class='ocrx_word' id='word_1_92' title='bbox 1018 1814 1237 1922; x_wconf 82' lang='lat' dir='ltr'><strong>rumpitur.</strong></span> <span class='ocrx_word' id='word_1_93' title='bbox 1300 1819 1435 1918; x_wconf 87' lang='lat' dir='ltr'><strong>Quare</strong></span> <span class='ocrx_word' id='word_1_94' title='bbox 1472 1819 1579 1906; x_wconf 88' lang='lat' dir='ltr'><strong>dicit</strong></span> <span class='ocrx_word' id='word_1_95' title='bbox 1611 1820 1679 1907; x_wconf 92' lang='lat' dir='ltr'><strong>bic</strong></span> 
     </span>
     <span class='ocr_line' id='line_1_13' title="bbox 264 1941 1678 2058; baseline 0.009 -31"><span class='ocrx_word' id='word_1_96' title='bbox 264 1941 391 2028; x_wconf 92' lang='lat' dir='ltr'><strong>bomo</strong></span> <span class='ocrx_word' id='word_1_97' title='bbox 432 1944 669 2054; x_wconf 73' lang='lat' dir='ltr'><strong>supplicans</strong></span> <span class='ocrx_word' id='word_1_98' title='bbox 700 1943 809 2032; x_wconf 86' lang='lat' dir='ltr'><strong>Deo:</strong></span> <span class='ocrx_word' id='word_1_99' title='bbox 856 1944 1053 2050; x_wconf 88' lang='lat' dir='ltr'><strong>Domine,</strong></span> <span class='ocrx_word' id='word_1_100' title='bbox 1095 1945 1206 2032; x_wconf 83' lang='lat' dir='ltr'><strong>tobia</strong></span> <span class='ocrx_word' id='word_1_101' title='bbox 1234 1974 1323 2032; x_wconf 83' lang='lat' dir='ltr'><strong>mco</strong></span> <span class='ocrx_word' id='word_1_102' title='bbox 1350 1952 1532 2058; x_wconf 76' lang='lat' dir='ltr'><strong>operies,</strong></span> <span class='ocrx_word' id='word_1_103' title='bbox 1568 1961 1608 2039; x_wconf 83' lang='lat' dir='ltr'><strong>et</strong></span> <span class='ocrx_word' id='word_1_104' title='bbox 1633 1982 1678 2040; x_wconf 88' lang='lat' dir='ltr'><strong>os</strong></span> 
     </span>
    </p>
   </div>
   <div class='ocr_carea' id='block_1_9' title="bbox 157 2076 1746 2194">
    <p class='ocr_par' dir='ltr' id='par_1_9' title="bbox 157 2076 1746 2194">
     <span class='ocr_line' id='line_1_14' title="bbox 157 2076 1746 2194; baseline 0.005 -31"><span class='ocrx_word' id='word_1_105' title='bbox 157 2093 162 2104; x_wconf 85' lang='grc'><strong>’</strong></span> <span class='ocrx_word' id='word_1_106' title='bbox 200 2079 203 2086; x_wconf 74' lang='grc'>’</span> <span class='ocrx_word' id='word_1_107' title='bbox 264 2103 396 2162; x_wconf 75' lang='lat' dir='ltr'><strong>nterim</strong></span> <span class='ocrx_word' id='word_1_108' title='bbox 425 2078 686 2163; x_wconf 81' lang='lat' dir='ltr'><strong>annuntiabit</strong></span> <span class='ocrx_word' id='word_1_109' title='bbox 712 2076 874 2162; x_wconf 74' lang='lat' dir='ltr'><strong>inridere</strong></span> <span class='ocrx_word' id='word_1_110' title='bbox 902 2084 1034 2180; x_wconf 73' lang='lat' dir='ltr'><strong>tenone,</strong></span> <span class='ocrx_word' id='word_1_111' title='bbox 1073 2105 1167 2162; x_wconf 90' lang='lat' dir='ltr'><strong>cum</strong></span> <span class='ocrx_word' id='word_1_112' title='bbox 1195 2081 1240 2164; x_wconf 90' lang='lat' dir='ltr'><strong>in</strong></span> <span class='ocrx_word' id='word_1_113' title='bbox 1267 2081 1350 2166; x_wconf 90' lang='lat' dir='ltr'><strong>alio</strong></span> <span class='ocrx_word' id='word_1_114' title='bbox 1377 2083 1536 2194; x_wconf 86' lang='lat' dir='ltr'><strong>psalmo</strong></span> <span class='ocrx_word' id='word_1_115' title='bbox 1568 2085 1679 2172; x_wconf 87' lang='lat' dir='ltr'><strong>dicat</strong></span> <span class='ocrx_word' id='word_1_116' title='bbox 1742 2150 1746 2157; x_wconf 87' lang='lat'><em>-</em></span> 
     </span>
    </p>
   </div>
   <div class='ocr_carea' id='block_1_10' title="bbox 194 2209 1680 2449">
    <p class='ocr_par' dir='ltr' id='par_1_10' title="bbox 194 2209 1680 2449">
     <span class='ocr_line' id='line_1_15' title="bbox 194 2209 1679 2318; baseline 0.003 -24"><span class='ocrx_word' id='word_1_117' title='bbox 194 2219 211 2232; x_wconf 86' lang='lat'>&#39;</span> <span class='ocrx_word' id='word_1_118' title='bbox 266 2209 380 2294; x_wconf 90' lang='lat' dir='ltr'><strong>Deus</strong></span> <span class='ocrx_word' id='word_1_119' title='bbox 408 2209 588 2298; x_wconf 83' lang='lat' dir='ltr'><strong>bomini:</strong></span> <span class='ocrx_word' id='word_1_120' title='bbox 615 2209 748 2316; x_wconf 75' lang='lat' dir='ltr'><strong>Aperi</strong></span> <span class='ocrx_word' id='word_1_121' title='bbox 776 2234 822 2293; x_wconf 86' lang='lat' dir='ltr'><strong>os</strong></span> <span class='ocrx_word' id='word_1_122' title='bbox 849 2215 975 2310; x_wconf 75' lang='lat' dir='ltr'><strong>lurein,</strong></span> <span class='ocrx_word' id='word_1_123' title='bbox 1003 2217 1041 2292; x_wconf 79' lang='lat' dir='ltr'><strong>o</strong></span> <span class='ocrx_word' id='word_1_124' title='bbox 1066 2234 1137 2316; x_wconf 70' lang='lat' dir='ltr'><strong>coo</strong></span> <span class='ocrx_word' id='word_1_125' title='bbox 1164 2212 1392 2318; x_wconf 77' lang='lat' dir='ltr'><strong>adimplebo</strong></span> <span class='ocrx_word' id='word_1_126' title='bbox 1419 2211 1561 2298; x_wconf 83' lang='lat' dir='ltr'><strong>iliud?</strong></span> <span class='ocrx_word' id='word_1_127' title='bbox 1597 2213 1679 2298; x_wconf 81' lang='lat' dir='ltr'><strong>sed</strong></span> 
     </span>
     <span class='ocr_line' id='line_1_16' title="bbox 265 2338 1680 2449; baseline 0.004 -28"><span class='ocrx_word' id='word_1_128' title='bbox 265 2365 341 2449; x_wconf 89' lang='lat' dir='ltr'><strong>per</strong></span> <span class='ocrx_word' id='word_1_129' title='bbox 368 2339 460 2441; x_wconf 90' lang='lat' dir='ltr'><strong>boc,</strong></span> <span class='ocrx_word' id='word_1_130' title='bbox 488 2339 559 2422; x_wconf 89' lang='lat' dir='ltr'><strong>ubi</strong></span> <span class='ocrx_word' id='word_1_131' title='bbox 588 2340 690 2425; x_wconf 88' lang='lat' dir='ltr'><strong>dicit</strong></span> <span class='ocrx_word' id='word_1_132' title='bbox 718 2338 829 2424; x_wconf 89' lang='lat' dir='ltr'><strong>Deus</strong></span> <span class='ocrx_word' id='word_1_133' title='bbox 859 2339 1040 2423; x_wconf 88' lang='lat' dir='ltr'><strong>bomini:</strong></span> <span class='ocrx_word' id='word_1_134' title='bbox 1079 2339 1210 2444; x_wconf 81' lang='lat' dir='ltr'><strong>Aperi</strong></span> <span class='ocrx_word' id='word_1_135' title='bbox 1237 2367 1283 2424; x_wconf 89' lang='lat' dir='ltr'><strong>os</strong></span> <span class='ocrx_word' id='word_1_136' title='bbox 1310 2347 1444 2444; x_wconf 77' lang='lat' dir='ltr'><strong>torrem,</strong></span> <span class='ocrx_word' id='word_1_137' title='bbox 1484 2343 1680 2430; x_wconf 77' lang='lat' dir='ltr'><strong>manifes-</strong></span> 
     </span>
    </p>
   </div>
   <div class='ocr_carea' id='block_1_11' title="bbox 88 2469 1681 2716">
    <p class='ocr_par' dir='ltr' id='par_1_11' title="bbox 88 2469 1681 2716">
     <span class='ocr_line' id='line_1_17' title="bbox 88 2469 1681 2581; baseline 0 -25"><span class='ocrx_word' id='word_1_138' title='bbox 88 2499 93 2508; x_wconf 90' lang='lat'><strong>·</strong></span> <span class='ocrx_word' id='word_1_139' title='bbox 267 2477 402 2574; x_wconf 87' lang='lat' dir='ltr'><strong>tatur,</strong></span> <span class='ocrx_word' id='word_1_140' title='bbox 430 2471 603 2556; x_wconf 91' lang='lat' dir='ltr'><strong>liberum</strong></span> <span class='ocrx_word' id='word_1_141' title='bbox 632 2471 847 2556; x_wconf 78' lang='lat' dir='ltr'><strong>arbitrium</strong></span> <span class='ocrx_word' id='word_1_142' title='bbox 876 2469 1019 2553; x_wconf 87' lang='lat' dir='ltr'><strong>datum</strong></span> <span class='ocrx_word' id='word_1_143' title='bbox 1046 2469 1206 2554; x_wconf 88' lang='lat' dir='ltr'><strong>bomini</strong></span> <span class='ocrx_word' id='word_1_144' title='bbox 1235 2499 1340 2573; x_wconf 89' lang='lat' dir='ltr'><strong>esse,</strong></span> <span class='ocrx_word' id='word_1_145' title='bbox 1376 2479 1681 2581; x_wconf 80' lang='lat' dir='ltr'><strong>quatenusper</strong></span> 
     </span>
     <span class='ocr_line' id='line_1_18' title="bbox 140 2600 1681 2716; baseline 0.001 -29"><span class='ocrx_word' id='word_1_146' title='bbox 140 2617 144 2626; x_wconf 84' lang='lat'>&#39;</span> <span class='ocrx_word' id='word_1_147' title='bbox 267 2633 311 2687; x_wconf 90' lang='lat' dir='ltr'><strong>se</strong></span> <span class='ocrx_word' id='word_1_148' title='bbox 337 2600 542 2716; x_wconf 89' lang='lat' dir='ltr'><strong>potuisset</strong></span> <span class='ocrx_word' id='word_1_149' title='bbox 579 2601 705 2686; x_wconf 88' lang='lat' dir='ltr'><strong>bomo</strong></span> <span class='ocrx_word' id='word_1_150' title='bbox 738 2629 863 2712; x_wconf 80' lang='lat' dir='ltr'><strong>agere</strong></span> <span class='ocrx_word' id='word_1_151' title='bbox 890 2601 1069 2704; x_wconf 90' lang='lat' dir='ltr'><strong>bonum,</strong></span> <span class='ocrx_word' id='word_1_152' title='bbox 1109 2601 1143 2683; x_wconf 88' lang='lat' dir='ltr'><strong>si</strong></span> <span class='ocrx_word' id='word_1_153' title='bbox 1180 2601 1388 2692; x_wconf 80' lang='lat' dir='ltr'><strong>voluisset.</strong></span> <span class='ocrx_word' id='word_1_154' title='bbox 1443 2603 1500 2688; x_wconf 81' lang='lat' dir='ltr'><strong>Et</strong></span> <span class='ocrx_word' id='word_1_155' title='bbox 1527 2604 1572 2689; x_wconf 91' lang='lat' dir='ltr'><strong>in</strong></span> <span class='ocrx_word' id='word_1_156' title='bbox 1601 2603 1681 2689; x_wconf 92' lang='lat' dir='ltr'><strong>boc</strong></span> 
     </span>
    </p>
   </div>
   <div class='ocr_carea' id='block_1_12' title="bbox 193 2731 1684 3114">
    <p class='ocr_par' dir='ltr' id='par_1_12' title="bbox 193 2731 1684 3114">
     <span class='ocr_line' id='line_1_19' title="bbox 217 2731 1682 2847; baseline 0 -29"><span class='ocrx_word' id='word_1_157' title='bbox 217 2743 222 2754; x_wconf 84' lang='lat'>&#39;</span> <span class='ocrx_word' id='word_1_158' title='bbox 266 2735 372 2838; x_wconf 88' lang='lat' dir='ltr'><strong>loco,</strong></span> <span class='ocrx_word' id='word_1_159' title='bbox 395 2731 467 2818; x_wconf 91' lang='lat' dir='ltr'><strong>ubi</strong></span> <span class='ocrx_word' id='word_1_160' title='bbox 490 2732 592 2819; x_wconf 87' lang='lat' dir='ltr'><strong>dicit</strong></span> <span class='ocrx_word' id='word_1_161' title='bbox 609 2733 735 2819; x_wconf 91' lang='lat' dir='ltr'><strong>bomo</strong></span> <span class='ocrx_word' id='word_1_162' title='bbox 756 2734 867 2820; x_wconf 89' lang='lat' dir='ltr'><strong>Deo:</strong></span> <span class='ocrx_word' id='word_1_163' title='bbox 896 2731 1084 2847; x_wconf 80' lang='lat' dir='ltr'><strong>Domine,</strong></span> <span class='ocrx_word' id='word_1_164' title='bbox 1107 2732 1218 2818; x_wconf 85' lang='lat' dir='ltr'><strong>todia</strong></span> <span class='ocrx_word' id='word_1_165' title='bbox 1236 2760 1325 2820; x_wconf 86' lang='lat' dir='ltr'><strong>mco</strong></span> <span class='ocrx_word' id='word_1_166' title='bbox 1349 2735 1523 2842; x_wconf 81' lang='lat' dir='ltr'><strong>operies,</strong></span> <span class='ocrx_word' id='word_1_167' title='bbox 1552 2735 1682 2821; x_wconf 88' lang='lat' dir='ltr'><strong>maui-</strong></span> 
     </span>
     <span class='ocr_line' id='line_1_20' title="bbox 193 2865 1681 2983; baseline -0.001 -31"><span class='ocrx_word' id='word_1_168' title='bbox 193 2917 210 2983; x_wconf 51' lang='grc' dir='ltr'><strong><em>ς</em></strong></span> <span class='ocrx_word' id='word_1_169' title='bbox 269 2869 407 2971; x_wconf 82' lang='lat' dir='ltr'><strong>festat,</strong></span> <span class='ocrx_word' id='word_1_170' title='bbox 431 2865 686 2952; x_wconf 80' lang='lat' dir='ltr'><strong>infirmatum</strong></span> <span class='ocrx_word' id='word_1_171' title='bbox 703 2895 790 2952; x_wconf 89' lang='lat' dir='ltr'><strong>esse</strong></span> <span class='ocrx_word' id='word_1_172' title='bbox 811 2868 945 2978; x_wconf 90' lang='lat' dir='ltr'><strong>ipsum</strong></span> <span class='ocrx_word' id='word_1_173' title='bbox 965 2865 1140 2951; x_wconf 91' lang='lat' dir='ltr'><strong>liberum</strong></span> <span class='ocrx_word' id='word_1_174' title='bbox 1156 2865 1386 2970; x_wconf 82' lang='lat' dir='ltr'><strong>arbitrium,</strong></span> <span class='ocrx_word' id='word_1_175' title='bbox 1414 2870 1473 2952; x_wconf 90' lang='lat' dir='ltr'><strong>ita</strong></span> <span class='ocrx_word' id='word_1_176' title='bbox 1493 2872 1542 2952; x_wconf 88' lang='lat' dir='ltr'><strong>ot</strong></span> <span class='ocrx_word' id='word_1_177' title='bbox 1557 2868 1681 2952; x_wconf 90' lang='lat' dir='ltr'><strong>etiam</strong></span> 
     </span>
     <span class='ocr_line' id='line_1_21' title="bbox 197 2999 1684 3114; baseline -0.001 -30"><span class='ocrx_word' id='word_1_178' title='bbox 197 3061 200 3070; x_wconf 30' lang='grc' dir='ltr'><em>ι</em></span> <span class='ocrx_word' id='word_1_179' title='bbox 266 2999 392 3087; x_wconf 91' lang='lat' dir='ltr'><strong>homo</strong></span> <span class='ocrx_word' id='word_1_180' title='bbox 428 3028 504 3111; x_wconf 87' lang='lat' dir='ltr'><strong>per</strong></span> <span class='ocrx_word' id='word_1_181' title='bbox 540 3000 673 3109; x_wconf 87' lang='lat' dir='ltr'><strong>ipsum</strong></span> <span class='ocrx_word' id='word_1_182' title='bbox 710 2999 927 3085; x_wconf 82' lang='lat' dir='ltr'><strong>arbitrium</strong></span> <span class='ocrx_word' id='word_1_183' title='bbox 965 2999 1140 3082; x_wconf 85' lang='lat' dir='ltr'><strong>liberum</strong></span> <span class='ocrx_word' id='word_1_184' title='bbox 1180 2999 1240 3084; x_wconf 91' lang='lat' dir='ltr'><strong>nil</strong></span> <span class='ocrx_word' id='word_1_185' title='bbox 1273 3001 1372 3086; x_wconf 92' lang='lat' dir='ltr'><strong>boui</strong></span> <span class='ocrx_word' id='word_1_186' title='bbox 1401 3001 1532 3114; x_wconf 84' lang='lat' dir='ltr'><strong>possit</strong></span> <span class='ocrx_word' id='word_1_187' title='bbox 1558 3027 1684 3110; x_wconf 82' lang='lat' dir='ltr'><strong>agere</strong></span> 
     </span>
    </p>
   </div>
   <div class='ocr_carea' id='block_1_13' title="bbox 268 3130 1749 3246">
    <p class='ocr_par' dir='ltr' id='par_1_13' title="bbox 268 3130 1749 3246">
     <span class='ocr_line' id='line_1_22' title="bbox 268 3130 1749 3246; baseline -0.001 -30"><span class='ocrx_word' id='word_1_188' title='bbox 268 3161 341 3246; x_wconf 88' lang='lat' dir='ltr'><strong>per</strong></span> <span class='ocrx_word' id='word_1_189' title='bbox 362 3161 418 3242; x_wconf 88' lang='lat' dir='ltr'><strong>se,</strong></span> <span class='ocrx_word' id='word_1_190' title='bbox 442 3132 520 3216; x_wconf 89' lang='lat' dir='ltr'><strong>uisi</strong></span> <span class='ocrx_word' id='word_1_191' title='bbox 538 3131 705 3218; x_wconf 89' lang='lat' dir='ltr'><strong>Domini</strong></span> <span class='ocrx_word' id='word_1_192' title='bbox 723 3130 999 3218; x_wconf 82' lang='lat' dir='ltr'><strong>misericordia</strong></span> <span class='ocrx_word' id='word_1_193' title='bbox 1017 3133 1317 3242; x_wconf 83' lang='lat' dir='ltr'><strong>praeveniendo</strong></span> <span class='ocrx_word' id='word_1_194' title='bbox 1334 3140 1377 3220; x_wconf 90' lang='lat' dir='ltr'><strong>et</strong></span> <span class='ocrx_word' id='word_1_195' title='bbox 1397 3131 1684 3242; x_wconf 87' lang='lat' dir='ltr'><strong>subsequendo</strong></span> <span class='ocrx_word' id='word_1_196' title='bbox 1743 3131 1749 3140; x_wconf 86' lang='lat'>&#39;</span> 
     </span>
    </p>
   </div>
   <div class='ocr_carea' id='block_1_14' title="bbox 178 3263 1688 4429">
    <p class='ocr_par' dir='ltr' id='par_1_14' title="bbox 178 3263 1688 4429">
     <span class='ocr_line' id='line_1_23' title="bbox 270 3263 1684 3376; baseline -0.001 -25"><span class='ocrx_word' id='word_1_197' title='bbox 270 3295 362 3351; x_wconf 90' lang='lat' dir='ltr'><strong>eum</strong></span> <span class='ocrx_word' id='word_1_198' title='bbox 391 3267 609 3376; x_wconf 79' lang='lat' dir='ltr'><strong>adjuverit.</strong></span> <span class='ocrx_word' id='word_1_199' title='bbox 667 3264 722 3350; x_wconf 85' lang='lat' dir='ltr'><strong>Et</strong></span> <span class='ocrx_word' id='word_1_200' title='bbox 760 3266 865 3352; x_wconf 85' lang='lat' dir='ltr'><strong>benc</strong></span> <span class='ocrx_word' id='word_1_201' title='bbox 904 3265 1006 3350; x_wconf 93' lang='lat' dir='ltr'><strong>dicit</strong></span> <span class='ocrx_word' id='word_1_202' title='bbox 1033 3263 1209 3352; x_wconf 85' lang='lat' dir='ltr'><strong>Domino</strong></span> <span class='ocrx_word' id='word_1_203' title='bbox 1244 3265 1356 3352; x_wconf 84' lang='lat' dir='ltr'><strong>lubio</strong></span> <span class='ocrx_word' id='word_1_204' title='bbox 1391 3294 1481 3352; x_wconf 78' lang='lat' dir='ltr'><strong>orreo</strong></span> <span class='ocrx_word' id='word_1_205' title='bbox 1509 3265 1684 3371; x_wconf 85' lang='lat' dir='ltr'><strong>operies,</strong></span> 
     </span>
     <span class='ocr_line' id='line_1_24' title="bbox 270 3397 1687 3514; baseline -0.004 -30"><span class='ocrx_word' id='word_1_206' title='bbox 270 3399 380 3484; x_wconf 90' lang='lat' dir='ltr'><strong>acsi</strong></span> <span class='ocrx_word' id='word_1_207' title='bbox 409 3399 588 3483; x_wconf 86' lang='lat' dir='ltr'><strong>diceret:</strong></span> <span class='ocrx_word' id='word_1_208' title='bbox 623 3397 813 3498; x_wconf 87' lang='lat' dir='ltr'><strong>Domine,</strong></span> <span class='ocrx_word' id='word_1_209' title='bbox 846 3403 891 3482; x_wconf 87' lang='lat' dir='ltr'><strong>tu</strong></span> <span class='ocrx_word' id='word_1_210' title='bbox 924 3399 1051 3509; x_wconf 88' lang='lat' dir='ltr'><strong>aperi,</strong></span> <span class='ocrx_word' id='word_1_211' title='bbox 1080 3400 1176 3508; x_wconf 91' lang='lat' dir='ltr'><strong>quia</strong></span> <span class='ocrx_word' id='word_1_212' title='bbox 1205 3398 1239 3514; x_wconf 86' lang='lat' dir='ltr'><strong>si</strong></span> <span class='ocrx_word' id='word_1_213' title='bbox 1266 3403 1314 3482; x_wconf 88' lang='lat' dir='ltr'><strong>tu</strong></span> <span class='ocrx_word' id='word_1_214' title='bbox 1341 3397 1550 3508; x_wconf 88' lang='lat' dir='ltr'><strong>aperueris</strong></span> <span class='ocrx_word' id='word_1_215' title='bbox 1576 3397 1687 3480; x_wconf 89' lang='lat' dir='ltr'><strong>tabia</strong></span> 
     </span>
     <span class='ocr_line' id='line_1_25' title="bbox 270 3527 1686 3640; baseline -0.004 -23"><span class='ocrx_word' id='word_1_216' title='bbox 270 3561 375 3634; x_wconf 86' lang='lat' dir='ltr'><strong>mee,</strong></span> <span class='ocrx_word' id='word_1_217' title='bbox 419 3560 465 3614; x_wconf 90' lang='lat' dir='ltr'><strong>os</strong></span> <span class='ocrx_word' id='word_1_218' title='bbox 504 3558 638 3615; x_wconf 89' lang='lat' dir='ltr'><strong>meum</strong></span> <span class='ocrx_word' id='word_1_219' title='bbox 680 3530 843 3615; x_wconf 88' lang='lat' dir='ltr'><strong>taudem</strong></span> <span class='ocrx_word' id='word_1_220' title='bbox 881 3535 996 3614; x_wconf 85' lang='lat' dir='ltr'><strong>tuam</strong></span> <span class='ocrx_word' id='word_1_221' title='bbox 1036 3530 1350 3640; x_wconf 72' lang='lat' dir='ltr'><strong>pronuntiabitr</strong></span> <span class='ocrx_word' id='word_1_222' title='bbox 1394 3558 1490 3613; x_wconf 88' lang='lat' dir='ltr'><strong>narn</strong></span> <span class='ocrx_word' id='word_1_223' title='bbox 1530 3527 1565 3613; x_wconf 92' lang='lat' dir='ltr'><strong>si</strong></span> <span class='ocrx_word' id='word_1_224' title='bbox 1606 3557 1686 3640; x_wconf 83' lang='lat' dir='ltr'><strong>ego</strong></span> 
     </span>
     <span class='ocr_line' id='line_1_26' title="bbox 273 3662 1476 3774; baseline -0.004 -23"><span class='ocrx_word' id='word_1_225' title='bbox 273 3691 472 3774; x_wconf 82' lang='lat' dir='ltr'><strong>aperuero</strong></span> <span class='ocrx_word' id='word_1_226' title='bbox 501 3693 546 3749; x_wconf 87' lang='lat' dir='ltr'><strong>os</strong></span> <span class='ocrx_word' id='word_1_227' title='bbox 574 3691 724 3765; x_wconf 88' lang='lat' dir='ltr'><strong>meum,</strong></span> <span class='ocrx_word' id='word_1_228' title='bbox 753 3663 913 3748; x_wconf 90' lang='lat' dir='ltr'><strong>laudem</strong></span> <span class='ocrx_word' id='word_1_229' title='bbox 942 3669 1059 3746; x_wconf 89' lang='lat' dir='ltr'><strong>tuam</strong></span> <span class='ocrx_word' id='word_1_230' title='bbox 1086 3692 1169 3748; x_wconf 93' lang='lat' dir='ltr'><strong>nou</strong></span> <span class='ocrx_word' id='word_1_231' title='bbox 1198 3662 1476 3747; x_wconf 76' lang='lat' dir='ltr'><strong>annuuntiabit.</strong></span> 
     </span>
     <span class='ocr_line' id='line_1_27' title="bbox 178 3783 1687 3904; baseline -0.003 -23"><span class='ocrx_word' id='word_1_232' title='bbox 178 3791 182 3800; x_wconf 84' lang='grc'><strong>’</strong></span> <span class='ocrx_word' id='word_1_233' title='bbox 384 3793 601 3902; x_wconf 80' lang='lat' dir='ltr'><strong>Sequitur:</strong></span> <span class='ocrx_word' id='word_1_234' title='bbox 638 3794 704 3880; x_wconf 87' lang='lat' dir='ltr'><strong>cui</strong></span> <span class='ocrx_word' id='word_1_235' title='bbox 739 3783 1038 3904; x_wconf 71' lang='lat' dir='ltr'><strong>stubjunpeudus</strong></span> <span class='ocrx_word' id='word_1_236' title='bbox 1075 3801 1135 3880; x_wconf 81' lang='lat' dir='ltr'><strong>est</strong></span> <span class='ocrx_word' id='word_1_237' title='bbox 1161 3795 1303 3876; x_wconf 83' lang='lat' dir='ltr'><strong>tertius</strong></span> <span class='ocrx_word' id='word_1_238' title='bbox 1333 3792 1530 3898; x_wconf 72' lang='lat' dir='ltr'><strong>paulinus.</strong></span> <span class='ocrx_word' id='word_1_239' title='bbox 1587 3794 1687 3878; x_wconf 87' lang='lat' dir='ltr'><strong>Ideo</strong></span> 
     </span>
     <span class='ocr_line' id='line_1_28' title="bbox 274 3925 1426 4036; baseline 0.002 -26"><span class='ocrx_word' id='word_1_240' title='bbox 274 3926 420 4012; x_wconf 89' lang='lat' dir='ltr'><strong>tertius</strong></span> <span class='ocrx_word' id='word_1_241' title='bbox 449 3925 641 4036; x_wconf 88' lang='lat' dir='ltr'><strong>psalmus,</strong></span> <span class='ocrx_word' id='word_1_242' title='bbox 670 3925 766 4034; x_wconf 87' lang='lat' dir='ltr'><strong>quia</strong></span> <span class='ocrx_word' id='word_1_243' title='bbox 794 3925 845 4010; x_wconf 90' lang='lat' dir='ltr'><strong>de</strong></span> <span class='ocrx_word' id='word_1_244' title='bbox 872 3926 1005 4010; x_wconf 90' lang='lat' dir='ltr'><strong>somni</strong></span> <span class='ocrx_word' id='word_1_245' title='bbox 1033 3927 1286 4010; x_wconf 83' lang='lat' dir='ltr'><strong>surrectione</strong></span> <span class='ocrx_word' id='word_1_246' title='bbox 1313 3926 1426 4012; x_wconf 89' lang='lat' dir='ltr'><strong>dicit.</strong></span> 
     </span>
     <span class='ocr_line' id='line_1_29' title="bbox 385 4053 1688 4168; baseline -0.003 -26"><span class='ocrx_word' id='word_1_247' title='bbox 385 4057 605 4168; x_wconf 84' lang='lat' dir='ltr'><strong>Sequitur:</strong></span> <span class='ocrx_word' id='word_1_248' title='bbox 620 4062 717 4163; x_wconf 80' lang='lat' dir='ltr'><strong>post</strong></span> <span class='ocrx_word' id='word_1_249' title='bbox 735 4057 840 4142; x_wconf 75' lang='lat' dir='ltr'><strong>decore</strong></span> <span class='ocrx_word' id='word_1_250' title='bbox 852 4055 1046 4164; x_wconf 73' lang='lat' dir='ltr'><strong>prutenos</strong></span> <span class='ocrx_word' id='word_1_251' title='bbox 1067 4057 1351 4164; x_wconf 76' lang='lat' dir='ltr'><strong>eroreopesionus</strong></span> <span class='ocrx_word' id='word_1_252' title='bbox 1364 4063 1546 4162; x_wconf 73' lang='lat' dir='ltr'><strong>posumus.</strong></span> <span class='ocrx_word' id='word_1_253' title='bbox 1589 4053 1688 4138; x_wconf 88' lang='lat' dir='ltr'><strong>Ideo</strong></span> 
     </span>
     <span class='ocr_line' id='line_1_30' title="bbox 201 4185 1688 4303; baseline -0.005 -29"><span class='ocrx_word' id='word_1_254' title='bbox 201 4259 207 4274; x_wconf 93' lang='lat'><strong>.</strong></span> <span class='ocrx_word' id='word_1_255' title='bbox 274 4191 454 4303; x_wconf 86' lang='lat' dir='ltr'><strong>psalmus</strong></span> <span class='ocrx_word' id='word_1_256' title='bbox 482 4187 773 4296; x_wconf 79' lang='lat' dir='ltr'><strong>nonagesimus</strong></span> <span class='ocrx_word' id='word_1_257' title='bbox 795 4193 964 4298; x_wconf 88' lang='lat' dir='ltr'><strong>quartus</strong></span> <span class='ocrx_word' id='word_1_258' title='bbox 988 4191 1157 4297; x_wconf 89' lang='lat' dir='ltr'><strong>propter</strong></span> <span class='ocrx_word' id='word_1_259' title='bbox 1178 4185 1465 4269; x_wconf 81' lang='lat' dir='ltr'><strong>invitationem</strong></span> <span class='ocrx_word' id='word_1_260' title='bbox 1492 4185 1688 4282; x_wconf 74' lang='lat' dir='ltr'><strong>aliorumr</strong></span> 
     </span>
     <span class='ocr_line' id='line_1_31' title="bbox 274 4315 1687 4429; baseline -0.006 -22"><span class='ocrx_word' id='word_1_261' title='bbox 274 4351 370 4407; x_wconf 87' lang='lat' dir='ltr'><strong>uum</strong></span> <span class='ocrx_word' id='word_1_262' title='bbox 401 4321 488 4429; x_wconf 88' lang='lat' dir='ltr'><strong>ipse</strong></span> <span class='ocrx_word' id='word_1_263' title='bbox 515 4319 696 4429; x_wconf 80' lang='lat' dir='ltr'><strong>psalmus</strong></span> <span class='ocrx_word' id='word_1_264' title='bbox 726 4318 986 4402; x_wconf 83' lang='lat' dir='ltr'><strong>invitatorius</strong></span> <span class='ocrx_word' id='word_1_265' title='bbox 1013 4318 1184 4416; x_wconf 87' lang='lat' dir='ltr'><strong>dicitur,</strong></span> <span class='ocrx_word' id='word_1_266' title='bbox 1218 4317 1416 4425; x_wconf 79' lang='lat' dir='ltr'><strong>eoquod</strong></span> <span class='ocrx_word' id='word_1_267' title='bbox 1454 4315 1606 4402; x_wconf 83' lang='lat' dir='ltr'><strong>inuitat</strong></span> <span class='ocrx_word' id='word_1_268' title='bbox 1635 4315 1687 4398; x_wconf 90' lang='lat' dir='ltr'><strong>ad</strong></span> 
     </span>
    </p>
   </div>
   <div class='ocr_carea' id='block_1_15' title="bbox 275 4445 1782 4560">
    <p class='ocr_par' dir='ltr' id='par_1_15' title="bbox 275 4445 1782 4560">
     <span class='ocr_line' id='line_1_32' title="bbox 275 4445 1782 4560; baseline -0.007 -23"><span class='ocrx_word' id='word_1_269' title='bbox 275 4451 487 4537; x_wconf 87' lang='lat' dir='ltr'><strong>ecclesiam</strong></span> <span class='ocrx_word' id='word_1_270' title='bbox 504 4450 657 4536; x_wconf 80' lang='lat' dir='ltr'><strong>uenire.</strong></span> <span class='ocrx_word' id='word_1_271' title='bbox 700 4447 807 4533; x_wconf 88' lang='lat' dir='ltr'><strong>Num</strong></span> <span class='ocrx_word' id='word_1_272' title='bbox 829 4449 926 4560; x_wconf 89' lang='lat' dir='ltr'><strong>quia</strong></span> <span class='ocrx_word' id='word_1_273' title='bbox 944 4448 1196 4534; x_wconf 87' lang='lat' dir='ltr'><strong>cousuetudo</strong></span> <span class='ocrx_word' id='word_1_274' title='bbox 1215 4455 1277 4532; x_wconf 90' lang='lat' dir='ltr'><strong>cst</strong></span> <span class='ocrx_word' id='word_1_275' title='bbox 1294 4452 1463 4532; x_wconf 87' lang='lat' dir='ltr'><strong>sanctae</strong></span> <span class='ocrx_word' id='word_1_276' title='bbox 1477 4445 1689 4530; x_wconf 86' lang='lat' dir='ltr'><strong>Romanae</strong></span> <span class='ocrx_word' id='word_1_277' title='bbox 1711 4517 1716 4528; x_wconf 93' lang='lat'>.</span> <span class='ocrx_word' id='word_1_278' title='bbox 1779 4455 1782 4462; x_wconf 80' lang='grc'>’</span> 
     </span>
    </p>
   </div>
   <div class='ocr_carea' id='block_1_16' title="bbox 277 4575 1689 4825">
    <p class='ocr_par' dir='ltr' id='par_1_16' title="bbox 277 4575 1689 4825">
     <span class='ocr_line' id='line_1_33' title="bbox 277 4575 1689 4690; baseline -0.006 -23"><span class='ocrx_word' id='word_1_279' title='bbox 277 4581 483 4684; x_wconf 85' lang='lat' dir='ltr'><strong>ecciesiae,</strong></span> <span class='ocrx_word' id='word_1_280' title='bbox 510 4579 602 4664; x_wconf 86' lang='lat' dir='ltr'><strong>ideo</strong></span> <span class='ocrx_word' id='word_1_281' title='bbox 631 4580 747 4664; x_wconf 87' lang='lat' dir='ltr'><strong>illum</strong></span> <span class='ocrx_word' id='word_1_282' title='bbox 778 4579 825 4666; x_wconf 93' lang='grc' dir='ltr'><strong>Β.</strong></span> <span class='ocrx_word' id='word_1_283' title='bbox 846 4579 1095 4664; x_wconf 84' lang='lat' dir='ltr'><strong>Benedictus</strong></span> <span class='ocrx_word' id='word_1_284' title='bbox 1117 4607 1264 4663; x_wconf 88' lang='lat' dir='ltr'><strong>canere</strong></span> <span class='ocrx_word' id='word_1_285' title='bbox 1281 4577 1418 4690; x_wconf 88' lang='lat' dir='ltr'><strong>jussit.</strong></span> <span class='ocrx_word' id='word_1_286' title='bbox 1462 4575 1689 4661; x_wconf 84' lang='lat' dir='ltr'><strong>Duodecim</strong></span> 
     </span>
     <span class='ocr_line' id='line_1_34' title="bbox 277 4707 1689 4825; baseline -0.006 -27"><span class='ocrx_word' id='word_1_287' title='bbox 277 4713 456 4825; x_wconf 82' lang='lat' dir='ltr'><strong>psalmos</strong></span> <span class='ocrx_word' id='word_1_288' title='bbox 496 4712 669 4796; x_wconf 87' lang='lat' dir='ltr'><strong>cauendi</strong></span> <span class='ocrx_word' id='word_1_289' title='bbox 710 4712 765 4795; x_wconf 89' lang='lat' dir='ltr'><strong>ab</strong></span> <span class='ocrx_word' id='word_1_290' title='bbox 803 4712 955 4822; x_wconf 82' lang='lat' dir='ltr'><strong>angelo</strong></span> <span class='ocrx_word' id='word_1_291' title='bbox 995 4710 1149 4796; x_wconf 89' lang='lat' dir='ltr'><strong>tradita</strong></span> <span class='ocrx_word' id='word_1_292' title='bbox 1187 4710 1442 4796; x_wconf 89' lang='lat' dir='ltr'><strong>consuetudo</strong></span> <span class='ocrx_word' id='word_1_293' title='bbox 1483 4707 1689 4806; x_wconf 85' lang='lat' dir='ltr'><strong>obtinuit;</strong></span> 
     </span>
    </p>
   </div>
   <div class='ocr_carea' id='block_1_17' title="bbox 189 4833 1730 4958">
    <p class='ocr_par' dir='ltr' id='par_1_17' title="bbox 189 4833 1730 4958">
     <span class='ocr_line' id='line_1_35' title="bbox 189 4833 1730 4958; baseline -0.008 -25"><span class='ocrx_word' id='word_1_294' title='bbox 189 4833 191 4838; x_wconf 35' lang='lat'>⁵</span> <span class='ocrx_word' id='word_1_295' title='bbox 278 4875 375 4934; x_wconf 90' lang='lat' dir='ltr'><strong>nam</strong></span> <span class='ocrx_word' id='word_1_296' title='bbox 405 4845 548 4958; x_wconf 81' lang='lat' dir='ltr'><strong>[sicut]</strong></span> <span class='ocrx_word' id='word_1_297' title='bbox 578 4846 720 4925; x_wconf 85' lang='lat' dir='ltr'><strong>narrat</strong></span> <span class='ocrx_word' id='word_1_298' title='bbox 748 4842 987 4946; x_wconf 79' lang='lat' dir='ltr'><strong>Cassianus,</strong></span> <span class='ocrx_word' id='word_1_299' title='bbox 1032 4841 1129 4952; x_wconf 85' lang='lat' dir='ltr'><strong>quia</strong></span> <span class='ocrx_word' id='word_1_300' title='bbox 1165 4847 1267 4927; x_wconf 88' lang='lat' dir='ltr'><strong>tunc</strong></span> <span class='ocrx_word' id='word_1_301' title='bbox 1303 4847 1491 4952; x_wconf 85' lang='lat' dir='ltr'><strong>tempore</strong></span> <span class='ocrx_word' id='word_1_302' title='bbox 1519 4843 1690 4926; x_wconf 85' lang='lat' dir='ltr'><strong>Petrum</strong></span> <span class='ocrx_word' id='word_1_303' title='bbox 1727 4841 1730 4848; x_wconf 82' lang='lat'>&#39;</span> 
     </span>
    </p>
   </div>
   <div class='ocr_carea' id='block_1_18' title="bbox 159 4973 1692 5218">
    <p class='ocr_par' dir='ltr' id='par_1_18' title="bbox 159 4973 1692 5218">
     <span class='ocr_line' id='line_1_36' title="bbox 279 4973 1692 5090; baseline -0.01 -24"><span class='ocrx_word' id='word_1_304' title='bbox 279 4977 463 5090; x_wconf 80' lang='lat' dir='ltr'><strong>Aegypti</strong></span> <span class='ocrx_word' id='word_1_305' title='bbox 491 4975 602 5059; x_wconf 79' lang='lat' dir='ltr'><strong>narie</strong></span> <span class='ocrx_word' id='word_1_306' title='bbox 630 4973 775 5084; x_wconf 86' lang='lat' dir='ltr'><strong>psalmi</strong></span> <span class='ocrx_word' id='word_1_307' title='bbox 805 4973 856 5057; x_wconf 86' lang='lat' dir='ltr'><strong>ad</strong></span> <span class='ocrx_word' id='word_1_308' title='bbox 885 4976 1047 5086; x_wconf 81' lang='lat' dir='ltr'><strong>vigilias</strong></span> <span class='ocrx_word' id='word_1_309' title='bbox 1074 4975 1350 5075; x_wconf 87' lang='lat' dir='ltr'><strong>canebantur,</strong></span> <span class='ocrx_word' id='word_1_310' title='bbox 1383 4980 1427 5058; x_wconf 89' lang='lat' dir='ltr'><strong>et</strong></span> <span class='ocrx_word' id='word_1_311' title='bbox 1453 4979 1543 5057; x_wconf 90' lang='lat' dir='ltr'><strong>erat</strong></span> <span class='ocrx_word' id='word_1_312' title='bbox 1569 4999 1692 5082; x_wconf 88' lang='lat' dir='ltr'><strong>super</strong></span> 
     </span>
     <span class='ocr_line' id='line_1_37' title="bbox 159 5103 1692 5218; baseline -0.007 -22"><span class='ocrx_word' id='word_1_313' title='bbox 159 5117 161 5122; x_wconf 83' lang='grc'><strong>’</strong></span> <span class='ocrx_word' id='word_1_314' title='bbox 248 5111 356 5218; x_wconf 67' lang='grc' dir='ltr'><strong>ΙΙιειο</strong></span> <span class='ocrx_word' id='word_1_315' title='bbox 386 5107 681 5208; x_wconf 79' lang='lat' dir='ltr'><strong>consuetudine</strong></span> <span class='ocrx_word' id='word_1_316' title='bbox 712 5132 864 5216; x_wconf 84' lang='lat' dir='ltr'><strong>magna</strong></span> <span class='ocrx_word' id='word_1_317' title='bbox 889 5104 1062 5189; x_wconf 87' lang='lat' dir='ltr'><strong>varietas</strong></span> <span class='ocrx_word' id='word_1_318' title='bbox 1092 5103 1177 5212; x_wconf 88' lang='lat' dir='ltr'><strong>(alii</strong></span> <span class='ocrx_word' id='word_1_319' title='bbox 1203 5106 1311 5190; x_wconf 87' lang='lat' dir='ltr'><strong>enim</strong></span> <span class='ocrx_word' id='word_1_320' title='bbox 1341 5106 1546 5192; x_wconf 79' lang='lat' dir='ltr'><strong>cernebant</strong></span> <span class='ocrx_word' id='word_1_321' title='bbox 1570 5104 1692 5214; x_wconf 90' lang='lat' dir='ltr'><strong>quin·</strong></span> 
     </span>
    </p>
   </div>
   <div class='ocr_carea' id='block_1_19' title="bbox 0 0 2016 5778">
    <p class='ocr_par' dir='ltr' id='par_1_19' title="bbox 0 0 2016 5778">
     <span class='ocr_line' id='line_1_38' title="bbox 0 0 2016 5778; baseline 0 0"><span class='ocrx_word' id='word_1_322' title='bbox 0 0 2016 5778; x_wconf 95' lang='lat' dir='ltr'><strong> </strong></span> 
     </span>
    </p>
   </div>
   <div class='ocr_carea' id='block_1_20' title="bbox 1912 5058 1927 5523">
    <p class='ocr_par' dir='ltr' id='par_1_20' title="bbox 1912 5058 1928 5610">
     <span class='ocr_line' id='line_1_39' title="bbox 1912 5058 1927 5523; baseline 0 73"><span class='ocrx_word' id='word_1_323' title='bbox 1912 5058 1927 5523; x_wconf 73' lang='lat' dir='ltr'><strong>t</strong></span> 
     </span>
    </p>
   </div>
  </div>
 </body>
</html>
