3968 5774
203 271 287 362 440
401 329 405 338 .
775 263 863 358 Cup.
886 263 1052 340 xxm

204 431 291 577 iun
318 445 428 575 tam
455 491 557 572 mc
582 485 781 592 uonna,·‚
797 485 871 572 su
897 515 996 572 vem
1034 486 1207 604 apocr.
1264 471 1441 598 regnu
1466 487 1617 572 «enim

20 691 42 710 ,
204 623 317 724 sunt,
344 620 416 730 qui
443 618 490 704 iu
516 616 760 736 infirmitate
787 617 911 728 positi
922 619 1068 730 Jcccut
1095 617 1141 702 in
1167 617 1298 716 lecto;
1325 617 1481 704 debiles
1508 624 1620 721 sunt,

136 773 139 780 '
204 753 276 866 qni
303 751 358 838 ab
394 749 637 854 infirmitate
671 751 870 862 surgunt,
908 750 995 834 sive
1033 747 1160 833 etiem
1197 748 1354 835 debiles
1391 757 1512 854 suut,
1550 752 1622 862 qui

97 985 101 992 .
205 883 389 971 febribus
416 881 623 984 laborant,
649 880 737 992 qui,
764 882 951 992 quamvis
979 909 1062 966 nou
1090 879 1253 966 assidue
1274 881 1455 992 jaceant,
1482 887 1620 970 tamen
1667 855 1681 900 ’

81 1105 84 1113 ,
205 1019 305 1130 qnia
333 1045 384 1102 ex
412 1013 595 1100 febribus
623 1041 765 1098 eorum
798 1039 941 1094 carues
969 1008 1191 1114 deficiunt,
1232 1012 1387 1098 debiles
1415 1013 1622 1118 dicuutur,

206 1145 334 1232 veluti
363 1150 464 1229 sunt
492 1171 542 1227 ex
567 1141 748 1227 febribus
770 1141 1050 1246 tertianis-aut
1068 1143 1300 1252 quartanis3
1329 1144 1482 1229 debiles
1498 1145 1621 1229 etiarn

205 1282 305 1362 suut
323 1305 375 1362 ex
396 1279 622 1375 senectute,
652 1273 831 1360 maxime
849 1277 991 1357 tenum
1009 1269 1051 1353 in
1072 1272 1281 1384 decrepita
1298 1280 1447 1364 estate.
1504 1275 1622 1374 Quod
1681 1307 1685 1314 ·

204 1412 344 1518 ιιιιιοιιι
373 1405 476 1491 dioit
502 1412 546 1492 nt
570 1404 642 1490 ubi
667 1401 870 1490 irreliornti
891 1403 1068 1508 swod,
1108 1401 1169 1488 ite
1194 1403 1374 1518 intelligi
1402 1404 1547 1509 debet,
1574 1413 1624 1492 ut

206 1543 371 1622 tentum
400 1535 579 1644 denique
600 1534 754 1620 debent
776 1535 1037 1638 munducare,
1066 1533 1197 1620 donec
1215 1538 1376 1644 possint
1391 1565 1508 1622 snum
1527 1537 1623 1622 obe·
1662 1525 1665 1530 ¹
1718 1637 1724 1650 ι

113 1653 117 1662 ’
207 1666 403 1752 dieutiorn
423 1692 623 1767 exercere,
650 1665 773 1751 sicuti
793 1671 916 1752 curten
935 1671 1143 1775 poterant,
1172 1693 1295 1775 quarn
1319 1667 1363 1750 iu
1381 1667 1623 1752 infirmitate
1680 1769 1685 1778 ·

207 1797 460 1887 incidissent.
515 1795 672 1882 Iterum
701 1796 811 1908 quod
841 1796 1101 1880 autemdicit
1126 1798 1196 1902 qui
1224 1823 1468 1883 cxrurouou
1492 1803 1624 1904 potest

206 1927 335 2030 cdere,
364 1953 416 2011 ca·
442 1925 527 2012 olio
553 1927 781 2033 reficiatur,
808 1927 988 2012 intentio
1015 1927 1062 2012 S:
1088 1926 1304 2012 Benedicti
1333 1927 1624 2012 manifestatur
1695 2035 1700 2044 '

85 2148 90 2158 ,
207 2057 355 2158 dicere,
386 2063 547 2176 utnon
575 2056 707 2167 possit
735 2056 960 2143 monachus
989 2057 1143 2140 diceret
1173 2057 1286 2141 alind
1301 2060 1410 2143 'volo
1440 2059 1625 2170 pulmeu·
1711 2081 1715 2088 ’

209 2199 325 2306 turn,
339 2187 374 2271 si
403 2215 454 2272 ex
481 2217 565 2274 uno
593 2193 733 2298 potest
760 2189 892 2290 edere,
921 2196 965 2272 et
983 2215 1180 2296 quaerere
1207 2187 1287 2270 sibi
1314 2189 1427 2273 alind
1457 2189 1544 2272 fieri
1573 2217 1623 2272 ex

209 2317 367 2421 debito,
382 2319 466 2404 *sed
494 2347 545 2403 cx
573 2319 647 2405 illo
675 2321 897 2424 reficiatur,
924 2347 976 2406 cx
1003 2348 1087 2429 qno
1106 2321 1256 2427 potest.
1313 2317 1371 2403 Et
1388 2319 1469 2404 boc
1497 2319 1625 2404 scieu-

209 2447 307 2530 dunr
337 2454 421 2552 est,
460 2449 558 2560 quis
597 2455 735 2558 potest
761 2479 813 2534 ex
841 2450 1003 2536 duobus
1030 2449 1164 2550 refici,
1203 2449 1396 2552 sicelet,
1438 2479 1489 2534 eo
1516 2451 1625 2560 quod

210 2605 295 2661 non
323 2584 388 2662 est
414 2578 502 2686 ejus
530 2579 709 2666 intentio
738 2581 790 2666 ds
817 2581 911 2682 boc,
939 2583 988 2664 ut
1003 2581 1037 2663 si
1055 2583 1194 2690 potest
1212 2578 1264 2662 de
1285 2580 1485 2665 ambobus
1507 2582 1625 2666 edere

147 2769 151 2778 .
209 2709 454 2815 pulmentis,
493 2736 544 2793 ex
572 2737 658 2794 uuo
687 2717 850 2795 tuntum
879 2709 988 2796 edat.
1045 2707 1101 2792 Et
1138 2710 1249 2820 quod
1289 2711 1354 2795 ita
1376 2711 1454 2813 sit,
1495 2711 1627 2796 unani·
1691 2713 1696 2722 “

210 2835 405 2940 festutur,
446 2838 517 2922 ubi
546 2839 666 2926 dicit:
707 2839 884 2940 addatur
920 2843 964 2924 et
1001 2838 1192 2939 tertium,
1233 2839 1330 2949 quia
1365 2867 1622 2950 nequaquam
1755 2865 1759 2872 ’

80 2965 82 2970 ’
151 2979 161 2999 ·
210 2965 394 3069 dixisset,
420 2966 516 3054 addi
545 2971 731 3074 tertium,
759 2969 794 3055 si
822 2969 1081 3055 solummodo
1104 2968 1301 3054 voluisset
1327 2969 1514 3055 ederedo
1541 2997 1625 3057 uuo
1730 2983 1736 2990 '

211 3094 450 3206 quemlibet,
478 3097 666 3208 quamvis
695 3099 826 3212 possit
853 3127 903 3183 ex
923 3098 1085 3184 duobus
1113 3099 1245 3186 edere.
1303 3098 1360 3184 Et
1385 3099 1467 3186 boc
1493 3100 1625 3187 scien·

210 3225 308 3312 dum
336 3235 411 3332 est,
439 3227 537 3340 quia
565 3227 599 3314 si
627 3256 791 3332 sunno
819 3255 906 3314 non
935 3231 1072 3339 potest
1098 3229 1240 3332 edere,
1284 3230 1406 3314 detur
1432 3227 1494 3333 ei,
1520 3229 1628 3315 sicut
1734 3209 1771 3260 ·’

64 3373 66 3378 ·
212 3354 409 3460 diximus,
447 3358 498 3444 de
525 3357 658 3445 altero
686 3364 849 3445 tautum
879 3357 1089 3462 uidelicet,
1132 3362 1181 3442 ut
1208 3359 1320 3445 refici
1350 3359 1479 3470 possit
1506 3359 1629 3445 sicuti

71 3539 75 3546 ·
211 3517 261 3574 ex
290 3489 463 3592 duobus,
490 3491 587 3600 quia
614 3489 648 3572 si
678 3488 728 3575 dc
755 3491 852 3595 alio,
882 3491 991 3577 unde
1013 3489 1084 3576 illa
1113 3489 1364 3601 gernemlitas
1380 3490 1516 3575 adbuc
1543 3521 1627 3575 nou
1699 3481 1707 3494 ’

212 3618 444 3720 manducat,
473 3622 535 3706 illi
565 3623 734 3727 dederit,
758 3625 844 3733 jum
867 3622 1010 3706 vitium
1043 3625 1117 3728 est,
1145 3621 1333 3728 eoquod
1362 3625 1462 3706 tnnc
1490 3625 1628 3730 potest
1668 3598 1671 3618 ¹

89 3833 92 3842 .
213 3750 491 3860 uniusquisque
519 3781 595 3863 pro
618 3739 792 3863 'ingenio
816 3753 972 3836 dicere:
1002 3779 1087 3833 uon
1107 3779 1271 3858 possum
1292 3779 1342 3837 ex
1366 3751 1440 3834 illo
1463 3749 1628 3834 reficere

117 3914 122 3928 ·
212 3879 328 3983 cibo,
369 3879 441 3964 sed
469 3882 564 3966 volo
593 3911 643 3967 ex
671 3883 766 3972 alio.
824 3879 908 3965 Ubi
937 3881 1061 3965 debet
1095 3882 1222 3966 abbas
1252 3869 1372 3966 valde
1405 3878 1630 3990 prudenter

214 4009 461 4122 intelligere,
491 4018 549 4111 nt,
578 4013 612 4096 si
641 4012 736 4098 talis
763 4017 839 4114 est,
869 4013 941 4122 qui
970 4039 1055 4096 non
1084 4013 1214 4122 possit
1234 4013 1433 4098 veraciter
1460 4039 1510 4095 ex
1538 4011 1629 4118 ipso

214 4139 383 4225 reficere
410 4169 508 4242 uuo,
537 4140 660 4226 debet
687 4143 746 4225 illi
775 4143 872 4227 dare
895 4171 944 4226 ex
967 4142 1063 4246 alio,
1092 4143 1374 4228 sicut'dictnm
1402 4143 1478 4226 est.
1533 4139 1629 4226 dam

216 4298 312 4354 vero
340 4268 373 4352 si
404 4267 492 4379 ipse
516 4271 644 4354 frater
669 4278 880 4382 separatus
904 4274 1029 4358 fuerit
1049 4303 1075 4359 ιι
1096 4301 1267 4381 corpore
1282 4269 1630 4380 congregationis,
1801 4337 1808 4348 .

40 4459 44 4471 ·
83 4397 85 4404 ’
215 4403 253 4490 b.
285 4429 320 4488 e.
351 4406 398 4485 ut
426 4428 511 4486 uon
539 4401 670 4510 possit
706 4431 756 4486 ex
783 4401 881 4510 ipsis
918 4403 1079 4488 duobus
1119 4401 1364 4513 pulmentis,
1402 4397 1630 4508 dequibus

213 4529 283 4614 alii
311 4531 514 4631 reficiunt,
544 4529 629 4636 ipsc
658 4527 883 4632 comodere,
911 4536 1013 4616 tunc
1041 4531 1165 4617 debet
1191 4530 1252 4614 illi
1269 4533 1376 4615 sicut
1394 4527 1562 4612 infirmo
1587 4525 1629 4609 in

214 4639 337 4744 domo
367 4658 623 4744 inflrruorunr
666 4686 910 4770 praeparare
949 4659 1100 4746 cibum.
1156 4661 1447 4744 Verumtamen
1486 4656 1631 4738 melius
1674 4683 1678 4691 ’

134 4869 138 4878 .
215 4793 291 4887 cst,
326 4789 373 4868 ut
401 4785 438 4869 ei
467 4785 511 4868 iu
540 4786 757 4872 refectorio
785 4788 836 4873 de
865 4788 938 4872 illo
965 4789 1060 4874 cibo
1088 4787 1259 4888 tribuat,
1287 4785 1397 4868 uude
1424 4784 1466 4867 iu
1495 4782 1630 4868 altero

214 4917 281 5000 die
307 4916 558 5026 generaliter
585 4919 674 5026 ipsa
709 4917 977 5028 congregatio
1016 4921 1247 5004 corncstnrc
1274 4921 1359 5018 est,
1396 4915 1424 4999 i.
1454 4941 1491 5000 e.
1519 4910 1632 4996 nndc

215 5047 550 5134 cousuetudinem
567 5048 693 5132 habet
716 5047 803 5158 ipsa
824 5053 1093 5159 congregatio
1119 5045 1367 5156 generaliter
1379 5040 1632 5139 comedendi,

215 5208 264 5265 eo
293 5179 403 5290 quod
432 5209 516 5263 non
545 5185 610 5265 est
645 5186 824 5283 rectum,
854 5188 902 5266 ut
941 5209 1018 5290 pro
1056 5181 1129 5265 teli
1157 5207 1205 5264 nc
1244 5183 1363 5262 tacita
1390 5173 1633 5258 necessitate
1683 5225 1687 5232 ·
