3974 5778
865 271 949 366 cap.
975 273 1035 346 XI·
1492 261 1494 266 ’
1571 280 1666 366 ,285

226 447 486 618 ⁸quindecim
528 495 719 582 laborant
756 494 799 580 in
827 523 928 606 agro
968 496 1108 584 laboro
1147 497 1294 610 grandi
1304 560 1315 600 ,
1359 497 1502 610 reliqui
1544 501 1665 611 qnin-

257 635 384 752 deoim
411 636 623 718 manentes
645 628 687 712 in
712 628 960 714 monasterio
979 628 1162 740 quamvis
1184 628 1385 730 laborant,
1418 660 1500 716 nou
1525 636 1665 716 tamen
1838 707 1862 736 .,

255 763 431 878 aequalis
460 765 523 846 est
549 759 679 864 labor,
707 759 813 844 sicut
843 759 1021 861 illorum,
1055 759 1124 870 qui
1154 760 1196 844 iu
1226 790 1326 872 agro
1357 762 1561 864 laborant,
1592 765 1663 848 sed
1713 835 1716 844 .

256 898 398 1000 minor,
428 897 471 979 et
499 893 583 996 isti,
613 891 756 1004 quiin
787 893 1035 978 monasterio
1064 898 1245 995 manent,
1280 894 1663 1006 voluerintlcgere,

212 1075 216 1083 ·
255 1037 295 1114 ot
321 1025 403 1128 illi,
432 1025 574 1136 quiin
603 1022 715 1135 agris
742 1023 944 1128 laborant,
975 1023 1201 1125 noluerint,
1229 1052 1314 1107 nou
1342 1031 1405 1148 est
1431 1028 1663 1138 legendum,

255 1160 349 1272 quia
373 1159 502 1266 magis
531 1161 595 1241 est
622 1155 704 1240 illis
733 1156 1084 1262 consentiendum,
1114 1155 1183 1264 qui
1205 1155 1349 1262 majori
1377 1156 1517 1244 labore
1547 1189 1664 1269 prae·
1790 1221 1794 1234 -

254 1294 516 1400 occupantur,
543 1316 593 1372 ue
613 1287 926 1374 murmurationi
943 1285 1057 1371 locus
1080 1288 1211 1390 detur,
1240 1287 1347 1370 siout
1368 1288 1466 1377 dixi.
1511 1293 1664 1376 lterum

255 1423 286 1510 si
309 1419 374 1507 isti
394 1420 569 1531 triginta
590 1449 731 1506 omnes
754 1417 908 1506 luerint
929 1417 1067 1503 devoti
1097 1425 1139 1504 et
1157 1425 1324 1506 sarrctue
1347 1423 1663 1509 conversationis

255 1561 297 1640 et
310 1552 535 1664 aequaliter
556 1579 697 1636 omnes
719 1550 762 1635 in
776 1552 888 1663 agris
904 1550 1191 1656 laboraverint,
1212 1557 1254 1637 et
1274 1557 1410 1637 tamen
1430 1554 1663 1664 quindecim
1736 1577 1737 1582 ‘

253 1689 348 1770 suut
376 1683 495 1770 valde
517 1684 675 1769 robusti
704 1693 746 1768 et
768 1681 1001 1793 quindecim
1026 1683 1191 1791 debiles,
1221 1689 1263 1769 et
1287 1683 1346 1769 illi
1368 1685 1526 1769 robusti
1546 1686 1664 1770 volu·

254 1815 359 1900 erint
382 1815 529 1926 legere,
560 1815 629 1899 isti
651 1809 789 1900 obtem
813 1815 966 1900 debiles
986 1817 1205 1919 noluerint,
1235 1843 1318 1899 non
1345 1820 1408 1899 ost
1430 1816 1663 1928 legendum,
1734 1905 1738 1914 ,
1896 1845 1899 1852 ’

253 1948 347 2060 quia
376 1947 507 2058 magis
538 1947 618 2033 illis
647 1947 849 2034 debilibus
878 1948 1214 2032 consentiendum
1245 1951 1306 2032 est
1324 1953 1494 2058 propter
1511 1951 1662 2034 malurn
1717 1957 1720 1964 ’

253 2079 596 2164 murmurationis.
653 2079 698 2163 Si
721 2084 857 2163 erstem
881 2077 1035 2162 luerint
1055 2079 1235 2188 quinque
1256 2078 1320 2162 vel
1340 2107 1422 2187 sex,
1451 2081 1522 2190 qui
1543 2082 1662 2166 nolu·
1877 2155 1879 2160 .

252 2212 358 2297 erint
385 2211 542 2322 legere,
578 2239 662 2298 non
692 2219 755 2295 est
783 2215 951 2320 p'ropter
978 2207 1055 2298 hos
1084 2209 1329 2295 dimittenda
1356 2211 1492 2316 lectio,
1522 2242 1662 2299 verum
1765 2201 1776 2222 ⁴
1826 2303 1828 2310 Α

252 2333 497 2428 admouendi
523 2349 619 2429 sunt
650 2349 693 2428 et
712 2340 899 2442 docendi,
930 2347 976 2424 nt
1004 2347 1047 2426 et
1064 2342 1123 2426 illi
1144 2343 1415 2428 consentiant.
1459 2345 1504 2430 Si
1521 2351 1686 2478 autem
1739 2335 1747 2378 ³

251 2476 422 2586 triginta
452 2476 626 2577 fuerint,
668 2482 710 2560 et
739 2473 887 2584 viginti
918 2503 969 2558 cx
1000 2473 1064 2558 lris
1094 2472 1299 2559 voluerint
1326 2473 1484 2586 legere,
1523 2475 1659 2562 decem

250 2616 383 2690 auteur
413 2635 524 2711 non,
553 2615 597 2692 et
624 2605 692 2690 isti
720 2606 859 2690 decern
890 2605 1146 2718 negligentes
1175 2611 1217 2690 et
1244 2635 1329 2690 nou
1359 2605 1552 2711 studiosi,
1591 2611 1661 2718 qui

53 2766 60 2800 ·.
122 2799 126 2810 .
250 2736 408 2840 nolunt,
437 2736 499 2820 illi
528 2742 665 2821 auteur
697 2734 862 2846 viginti,
893 2735 964 2845 qui
993 2738 1139 2822 volunt
1166 2738 1322 2849 legere,
1352 2741 1448 2823 sunt
1476 2738 1661 2841 studiosi,
1940 2861 1944 2868 ¹

250 2866 466 2978 legendum
488 2871 562 2970 est,
598 2872 875 2952 verumtamen
900 2869 942 2950 et
964 2867 1025 2953 illi
1047 2868 1188 2953 decem
1205 2867 1394 2952 trahendi
1424 2874 1465 2952 et
1489 2867 1662 2955 docendi
1798 2908 1800 2914 v
1829 2869 1832 2876 “

250 3003 355 3104 suut,
384 3009 430 3082 ut
460 3007 502 3083 et
531 2998 594 3082 illi
623 2995 896 3101 consentiant,
927 2998 987 3082 ita
1015 3007 1153 3084 tamen
1177 3000 1397 3112 legendum
1426 3005 1500 3100 est,
1529 3001 1564 3084 si
1587 3001 1659 3100 illi,

249 3126 317 3236 qui
346 3128 517 3233 uolunt,
558 3129 740 3215 laborem
780 3157 864 3215 nou
903 3127 1058 3213 babent
1091 3130 1241 3236 talem,
1283 3134 1330 3216 ut
1359 3135 1408 3216 err
1436 3129 1516 3216 boc
1543 3129 1662 3242 gravi

249 3254 387 3342 labore
416 3287 544 3368 parva
572 3261 627 3345 sit
654 3289 749 3348 nox.
793 3259 836 3344 Si
856 3264 994 3345 autom
1016 3261 1077 3346 illi
1099 3261 1251 3363 decem,
1282 3264 1352 3374 qui
1373 3262 1536 3368 uolunt,
1566 3266 1662 3346 suut

248 3388 415 3474 studiosi
444 3396 484 3474 et
506 3389 657 3494 devoti,
688 3389 908 3501 legendum
926 3396 988 3475 cst
1007 3396 1176 3502 propter
1200 3391 1359 3500 viginti,
1391 3399 1433 3478 et
1458 3392 1502 3478 bi
1522 3391 1661 3477 dcccru

250 3542 329 3601 uon
367 3519 518 3604 debent
559 3519 726 3604 omniuo
766 3521 952 3630 resistere
990 3526 1159 3632 propter
1188 3521 1359 3633 viginti,
1402 3524 1475 3633 qni
1503 3523 1659 3624 volunt,

250 3647 343 3756 quia
372 3653 504 3760 magis
533 3650 686 3736 debent
715 3651 861 3737 timere
890 3680 1031 3736 eorum
1061 3654 1417 3743 murmurationes.

851 3851 951 3955 cop.
984 3847 1067 3936 XI.

281 4023 543 4116 QUALI'rnu
572 4029 844 4110 DOMINIOIS
875 4031 1065 4130 DIEBUS
1094 3971 1332 4112 VIGlLIAll
1363 4033 1633 4115 AGANTUR.

353 4171 582 4262 Dominicis
593 4176 732 4264 dictus
742 4178 1269 4289 tcuspeadusltsurguturod
1277 4177 1451 4290 vigilios.
1466 4177 1661 4289 Superius
1818 4175 1822 4184 ’
1916 4141 1947 4184 '⁵

246 4304 353 4390 enim
381 4305 543 4392 dixerat
567 4307 615 4397 B.
633 4309 896 4413 Benedictus,
921 4307 1137 4395 inaestivo
1154 4315 1339 4424 tempore
1366 4340 1488 4395 unam
1505 4311 1657 4396 solum·
1698 4375 1700 4384 .

247 4436 367 4523 ruodo
395 4467 481 4524 esse
508 4439 728 4528 lectionem
758 4440 991 4554 legendam.
1049 4439 1112 4527 Ne
1141 4441 1232 4553 quis
1260 4451 1396 4528 autem
1425 4443 1660 4556 ignorantia

245 4567 309 4651 vel
337 4570 473 4657 studio
503 4570 672 4678 diceret,
701 4576 799 4686 quia
820 4571 882 4658 ita
906 4572 1062 4658 tardius
1086 4574 1180 4660 volo
1203 4602 1372 4687 surgere
1393 4575 1435 4658 iu
1455 4573 1660 4658 dominico
1736 4579 1738 4582 ’
1797 4701 1802 4710 .

245 4697 322 4803 dic,
350 4702 458 4789 sicut
484 4704 527 4788 iu
557 4704 820 4815 quotidianis⁴
839 4705 997 4810 diebus,
1025 4701 1118 4788 ideo
1141 4702 1183 4793 S.
1200 4704 1447 4814 Benedictus
1471 4735 1545 4792 suo
1568 4705 1660 4791 loco

237 4856 424 4943 congrua
451 4832 553 4919 dicit
579 4833 796 4924 Dorrdaico
826 4835 893 4924 die
914 4834 1130 4941 deauratus
1152 4839 1358 4945 surgatur,
1386 4863 1434 4920 oc
1453 4835 1488 4921 si
1506 4835 1658 4921 dicaret
1778 4920 1783 4940 ,

244 4947 333 5045 aliis
360 4963 514 5050 verbis:
556 4965 814 5066 Quotidiunis
841 4967 986 5053 dicbus
1014 4945 1657 5100 propterbrevitatcmnoctium

247 5147 506 5170 ..ὑί-ιιι...-

333 5247 360 5338 ¹)
381 5248 575 5339 amman·
594 5252 650 5347 (r).
