3968 5774
803 289 885 380 Cap.
911 286 1037 360 XXIX.
1257 315 1259 320 ·
1344 237 1348 246 ἑ
1541 288 1620 374 367

217 519 447 632 recipiatur,
468 544 548 626 qna
569 512 719 621 ‹ligma
734 515 830 596 autu
847 509 985 618 surgam
1004 508 1149 594 iuerat.
1193 507 1304 592 lleue
1322 507 1512 607 diximus,
1526 505 1622 616 qaia

219 653 325 766 prins
346 643 640 758 poenitentiam
670 643 793 726 debet
810 667 946 750 agere,
975 639 1120 724 deiude
1142 640 1185 724 in
1211 637 1356 723 altimo
1374 637 1503 746 gradu
1525 663 1622 720 eon·

217 783 367 874 sistere,
398 783 445 862 ut
474 803 547 884 per
575 773 870 884 poenitentiam
900 769 1123 854 satisfaciat
1145 771 1244 870 Deo,
1272 773 1313 852 et
1342 796 1413 878 per
1434 765 1619 851 ultimum

217 909 386 1020 pradum
427 903 671 990 hamilitatis
713 901 938 988 statisfaciat
979 899 1195 1001 iratribus,
1236 909 1283 984 ut
1311 927 1360 982 ex
1391 898 1486 997 hoc,
1518 898 1623 982 sicrrt

218 1047 301 1152 ipsa
348 1038 469 1136 dicit,
495 1037 598 1148 ¹ejus
638 1033 846 1120 humilitas
887 1031 1187 1148 onrnprobctnr.
1257 1029 1323 1113 uie
1368 1030 1475 1112 euim
1524 1028 1621 1112 alibi
1689 1077 1692 1084 ·

221 1174 263 1261 ll.
294 1167 538 1252 Benedictus
567 1166 618 1248 de
646 1163 823 1274 graviori
861 1165 982 1274 culpa
1020 1173 1135 1246 extra
1173 1162 1398 1245 oratorium
1437 1169 1479 1242 ct
1507 1165 1623 1243 extra

219 1327 393 1384 rrrcnsam
437 1295 637 1406 praecipit
675 1325 775 1380 csse.
845 1294 1001 1378 lleirnlo
1041 1297 1135 1404 post
1176 1291 1469 1400 poenitentium
1505 1288 1625 1398 jnbct

217 1431 328 1515 illurn
358 1425 506 1536 sciscipi
538 1425 578 1508 in
608 1423 756 1522 obora,
797 1425 866 1508 sed
897 1433 1034 1508 birrrou
1065 1451 1147 1506 uon
1179 1424 1218 1504 in
1250 1421 1390 1504 ordine
1418 1449 1513 1512 niro,
1553 1417 1622 1501 sed

218 1561 284 1644 nbi
305 1556 493 1639 voluntas
514 1555 676 1638 abbatis
706 1554 841 1638 fuerit.
901 1555 1001 1638 Vide
1022 1555 1157 1656 modo,
1187 1553 1293 1636 sicut
1321 1551 1404 1634 illic
1423 1547 1625 1656 judicarit

218 1693 329 1774 illuni
358 1685 655 1798 poeniteutiam
686 1683 836 1768 babere
865 1673 1022 1794 etpost
1048 1686 1088 1769 in
1110 1686 1252 1769 culino
1273 1713 1347 1767 snm
1367 1711 1449 1766 non
1479 1679 1625 1764 debere

218 1831 334 1924 staro,
363 1821 420 1902 ita
450 1815 572 1898 etiam
604 1815 644 1898 in
676 1814 752 1898 boc
773 1815 863 1899 loco
884 1817 1141 1901 sentiendum
1166 1822 1239 1899 est.
1298 1813 1497 1897 Similiter
1527 1811 1622 1896 siin
1725 1861 1728 1870 ·

218 1949 391 2034 secunda
421 1947 508 2029 ricc
538 1974 611 2054 pra
642 1953 809 2054 peccato
838 1945 1002 2042 exierit,
1034 1947 1074 2029 in
1107 1946 1362 2055 poenitentia
1389 1943 1510 2026 debet
1537 1971 1625 2024 sns-

218 2079 292 2184 eipi
322 2084 365 2159 et
395 2083 534 2185 postea
568 2074 609 2156 iu
642 2073 786 2160 ultimo
816 2075 947 2184 gradu
977 2077 1114 2186 recipi.
1178 2075 1238 2158 lta
1278 2075 1398 2158 eliam
1429 2074 1471 2157 in
1503 2075 1624 2156 tertia
1777 2107 1784 2128 ·

219 2209 301 2291 rice
330 2205 556 2289 faciendum
588 2212 660 2288 cst.
719 2206 760 2288 si
791 2214 926 2289 autern
958 2236 1040 2290 non
1072 2236 1146 2316 pro
1177 2211 1344 2316 peccato
1374 2206 1415 2288 in
1445 2203 1623 2288 secanda

217 2337 278 2421 rel
308 2339 349 2420 in
379 2335 502 2420 tertia
534 2337 618 2420 ricc
648 2335 804 2450 exierit,
834 2337 904 2420 sed
924 2367 999 2448 pro
1018 2338 1260 2422 verecundia
1279 2336 1547 2440 solummodo,
1577 2365 1625 2418 co

216 2467 322 2576 qnod
352 2467 394 2549 in
425 2469 570 2552 nltirno
599 2468 729 2578 gradu
760 2475 946 2576 receptus
975 2475 1061 2570 est,
1091 2475 1190 2554 tnnc
1219 2499 1301 2554 nem
1331 2469 1455 2552 debet
1485 2467 1626 2576 poeni·
1662 2485 1664 2488 ’
1703 2563 1705 2568 Ι

218 2599 382 2682 teutimn
401 2596 562 2701 habere,
591 2597 689 2708 qaia
710 2625 791 2680 non
819 2597 897 2680 t‘uit
913 2609 1140 2707 peccatum,
1161 2627 1236 2710 pro
1253 2629 1334 2710 qno
1351 2597 1625 2704 egrederetur,

91 2781 95 2787 .
215 2727 282 2811 sed
313 2729 352 2809 in
385 2726 530 2811 ultimo
568 2726 825 2811 solnnnnodo
864 2730 997 2838 gradu
1037 2731 1267 2840 recipiatur.
1301 2775 1349 2796 —
1381 2727 1502 2812 Nunc
1534 2755 1626 2812 reru

216 2857 328 2966 qumi
359 2857 653 2968 interrogasset
681 2861 772 2968 quis
801 2861 843 2944 S.
873 2860 1143 2946 Benedictum
1173 2860 1332 2944 dicens:
1374 2860 1479 2944 Ecce
1509 2865 1625 2968 pater

218 2989 459 3074 llenedicte!
495 2989 652 3095 jussisti
682 2991 724 3074 in
756 2993 886 3100 prima
916 2995 1003 3077 rice
1034 2995 1202 3078 fratrem
1232 2999 1448 3076 exeuntem
1477 2991 1623 3100 recipi;

215 3121 246 3202 si
285 3119 419 3204 denuo
461 3121 627 3221 exierit,
667 3122 766 3229 quid
809 3123 1038 3208 laciendum
1079 3128 1171 3210 est?
1227 3121 1304 3204 Ille
1332 3123 1465 3230 [vero]
1509 3121 1624 3230 quani

214 3251 461 3360 respondens
490 3251 612 3336 dicit:
655 3253 704 3336 Si
739 3253 866 3338 deiram
895 3254 1058 3356 exierit,
1098 3278 1221 3360 ruspare
1247 3253 1361 3335 lertio
1389 3253 1621 3356 recipiatur,

208 3381 300 3486 jorn
329 3409 420 3467 vcro
445 3389 586 3488 postca
614 3384 728 3486 sciat,
766 3385 846 3468 sibi
875 3411 1026 3472 enarrem
1056 3385 1297 3470 reversionis
1317 3383 1479 3466 adilina
1506 3385 1625 3470 derac-

213 3514 321 3618 pari.
378 3513 427 3598 In
457 3514 536 3598 hoa
575 3513 666 3599 loco
707 3516 914 3602 sciendam
945 3523 1028 3620 est,
1069 3519 1166 3626 quia
1194 3516 1235 3601 S.
1266 3513 1512 3599 Benedictus
1542 3541 1623 3596 non

214 3643 352 3727 abbati
383 3645 447 3728 vel
476 3646 596 3732 alicui
627 3647 901 3758 interroganti
931 3650 1171 3760 respondet,
1212 3647 1280 3732 sed
1311 3645 1502 3758 fugienti,
1532 3675 1623 3730 cnm

215 3775 313 3860 dicit
352 3779 453 3861 scial
480 3825 537 3842 -
572 3807 618 3864 ac
656 3779 689 3863 si
729 3780 883 3865 diceret
920 3779 1009 3864 aliis
1048 3779 1204 3865 verbis:
1247 3777 1374 3890 Fugio
1395 3799 1489 3863 stem
1526 3807 1625 3862 con·

214 3907 373 4017 stringo
401 3916 445 3993 et
472 3911 532 3993 illi
563 3897 672 4021 pono
701 3911 834 4024 legem
864 3919 906 3996 et
934 3913 1176 4013 terminum,
1218 3941 1346 4022 usque
1384 3917 1487 4020 quot
1522 3910 1625 3994 vices

214 4067 255 4121 se
304 4049 529 4149 cognoseat
578 4041 724 4154 recipir
776 4041 967 4127 abbatem
1008 4069 1104 4128 vcro
1146 4069 1230 4126 non
1270 4042 1511 4186 conptringo
1552 4041 1624 4124 tali

214 4168 303 4277 lege
328 4199 401 4254 nec
422 4172 484 4256 illi
507 4174 726 4258 terminum
747 4173 968 4278 constituo,
991 4173 1062 4278 sed
1084 4171 1198 4256 illum
1214 4171 1389 4268 liberum
1410 4171 1452 4255 in
1471 4169 1625 4254 miseri-

213 4302 352 4386 cordia
380 4303 581 4412 relinqno,
614 4332 664 4388 eo
692 4303 799 4413 qood
833 4303 958 4388 ricem
979 4303 1132 4392 ,Christi
1161 4329 1284 4412 agere
1312 4301 1447 4387 debet.
1503 4299 1623 4382 Illum
1782 4369 1785 4378 .

215 4431 440 4540 fugientem
471 4433 565 4517 ideo
593 4433 848 4544 constringa,
879 4442 926 4519 nt
953 4463 1046 4518 cum
1077 4441 1171 4544 post
1198 4430 1508 4551 tertiamriccm
1542 4459 1622 4514 non

216 4561 340 4645 luerit
369 4568 567 4672 receptus,
599 4593 680 4650 non
713 4566 843 4674 possit
869 4545 1070 4674 querelari
1100 4571 1244 4650 corrtra
1266 4561 1468 4659 abbatem,
1498 4589 1624 4671 qnam

213 4697 308 4798 post
335 4694 500 4778 tertiam
530 4695 656 4780 ricem
678 4723 761 4779 nou
783 4695 1015 4806 recipiatur.
1072 4693 1171 4780 ldeo
1199 4675 1622 4803 illijubao,'11tseiat,
1662 4727 1668 4735 ·

212 4819 287 4905 sibi
318 4841 480 4910 omn'eru
510 4815 678 4912 aditum
697 4827 940 4912 reversionis
971 4825 1189 4936 denegari,
1233 4851 1283 4908 ne
1318 4806 1391 4908 sao
1419 4823 1624 4933 frequenti

212 4952 321 5038 exitu
351 4969 425 5040 aut
454 4957 640 5069 ingressu
681 4959 975 5044 monasterium
1013 4953 1229 5065 inquietet
1286 4951 1394 5040 Nam
1432 4955 1623 5040 abbatem

211 5083 254 5168 ia
282 5087 559 5176 misericordia
587 5091 793 5180 constituo
823 5091 1019 5194 libemm,
1047 5095 1106 5192 ut,
1135 5092 1238 5199 quot
1265 5085 1421 5172 uicibus
1450 5085 1626 5173 volucrit

214 5219 350 5310 venire
374 5221 443 5309 ille
466 5221 608 5329 frater,
636 5231 703 5310 tot
715 5223 873 5310 vicibus
895 5224 1074 5336 recipcre
1096 5219 1225 5334 possit
1247 5247 1322 5333 pro
1335 5221 1623 5308 misericordia.
