3994 5770
295 185 381 270 2⁴14
898 183 985 278 Gap.
1007 179 1087 260 Vll.

295 397 391 501 bile,
404 384 698 510 quiasuperius
709 397 1118 488 reddiditsollicitam
1130 386 1705 517 B.'Bcaedictormonucbam‚

294 531 343 612 ut
380 553 467 612 non
503 526 704 638 reciperet
741 525 870 614 males
910 532 1208 640 cogitationes,
1248 529 1319 614 ubi
1355 529 1485 616 dixit:
1522 530 1636 618 Num
1663 545 1707 620 ut

293 654 490 742 sollicitus
529 655 585 741 sit
612 681 710 766 erpo
738 658 994 765 capitutioacs
1020 685 1121 756 saeos
1139 683 1382 766 mersos,
1412 658 1523 745 dicat
1548 685 1707 768 acuum

14 871 16 880 ,
291 783 406 872 aetitia
440 785 591 892 [ναίον
608 786 655 870 iu
692 787 812 872 cordo
847 813 942 874 suo:
981 794 1074 874 terrra
1099 785 1384 876 irrrrnuculatns
1411 813 1479 874 cro
1516 796 1561 875 et
1587 791 1704 902 reliq.

14 943 16 1038 ξ
169 971 181 992 .
291 913 405 1000 Bene
432 916 557 1021 dixit,
594 922 642 1002 ut
670 945 757 1002 non
785 917 957 1028 recipiat
984 919 1260 1028 cogitationes
1288 917 1437 1024 malas,
1464 917 1584 1029 quia,
1611 947 1703 1004 curn

234 1123 239 1132 .
290 1043 332 1127 in
363 1045 703 1132 deliberationem
732 1076 814 1132 non
844 1053 997 1132 exeant
1025 1049 1156 1134 inulae
1184 1050 1471 1158 cogitationes,
1499 1055 1601 1135 tuac
1619 1078 1702 1162 uon

290 1176 556 1284 recipiantur.
613 1175 711 1262 Non
732 1176 917 1280 credidit,
945 1178 1073 1263 ullum
1105 1179 1349 1264 monachum
1372 1179 1476 1265 adeo
1504 1180 1703 1288 recepisse

289 1307 418 1391 malas
445 1308 742 1417 cogitationes,
772 1311 820 1392 ut
847 1337 915 1394 eas
944 1333 1159 1394 numerare
1186 1336 1272 1394 uon
1301 1308 1515 1417 potuisset.
1557 1309 1701 1395 Altero

288 1440 413 1525 rnodo
454 1440 546 1525 idco
572 1439 800 1548 'praemisit
838 1463 996 1542 orarias,
1036 1441 1133 1550 quia
1168 1469 1252 1525 non
1292 1441 1343 1525 dc
1370 1441 1561 1526 omnibus
1588 1444 1703 1552 cogi·
1805 1491 1809 1498 ·

287 1569 515 1655 tatiouibas
543 1570 668 1674 dixit,
698 1599 803 1682 quae
830 1570 987 1656 vadunt
1014 1575 1058 1655 et
1085 1574 1271 1674 veniunt,
1300 1571 1371 1655 sed
1400 1571 1451 1656 dc
1478 1571 1560 1655 illis
1583 1572 1700 1676 dixit,

212 1805 216 1814 Ι
286 1701 474 1810 quaein
511 1703 635 1788 corde
670 1702 901 1786 consistunt
941 1707 984 1788 ct
1011 1703 1226 1806 habitant,
1262 1707 1305 1788 et
1342 1710 1562 1812 propterea
1597 1705 1701 1789 dixit

285 1833 398 1918 cordi
436 1856 509 1916 suo
546 1833 813 1920 aduenientes,
879 1833 959 1918 Scd
999 1835 1078 1919 iste
1114 1832 1317 1919 secundus
1352 1861 1495 1916 seusus
1524 1834 1701 1918 nobilior
1739 1851 1741 1854 ’

285 1968 348 2045 cst
373 1964 518 2072 prirno.
561 1963 683 2049 Nunc
710 1970 849 2048 autem
866 1991 1124 2072 snnnnopere
1142 1962 1397 2072 pensandum
1416 1968 1497 2056 est.
1526 1963 1701 2071 qualiter

285 2091 601 2202 intelligendum
642 2093 697 2176 sit
735 2093 835 2190 hoc,
867 2090 978 2196 qnod
1014 2091 1082 2174 hie
1111 2091 1238 2174 dicit:
1277 2117 1414 2175 orlarios
1441 2092 1700 2199 capitatiouca

282 2246 382 2304 arecas
410 2223 523 2308 cordi
550 2248 624 2307 saco
652 2221 909 2306 uduoaicntcs
935 2221 998 2306 oct
1015 2219 1126 2304 arrato
1145 2248 1170 2304 u
1193 2245 1236 2306 sc
1264 2219 1454 2306 absconse
1481 2223 1696 2308 correruissa

275 2378 356 2456 pcc·
395 2351 586 2438 terranitcm
623 2351 911 2456 corrlcssioaim
948 2350 1086 2434 uttuti
1121 2375 1201 2433 raon
1241 2348 1428 2435 cctuuerit
1454 2375 1547 2452 sero,
1584 2365 1625 2434 et
1655 2352 1697 2435 in

281 2481 469 2567 interiori
496 2482 680 2593 capitulo
708 2483 826 2568 dicit:
867 2479 917 2568 si
944 2481 1108 2566 orcistrae
1134 2504 1226 2564 sacro
1246 2480 1407 2586 pecudi
1431 2503 1556 2565 cuaeesa
1571 2484 1698 2588 serent

280 2611 435 2713 luteas,
472 2618 626 2697 toletum
657 2611 795 2697 abbati
821 2619 892 2695 uret
918 2609 1176 2716 spiritalibus
1211 2610 1439 2694 certioribus
1458 2612 1698 2716 patefaciat,

279 2743 350 2846 qui
394 2742 525 2826 scitust
563 2768 707 2827 curare
745 2767 822 2824 scra
859 2747 895 2824 et
921 2739 1072 2856 ,altena
1111 2737 1277 2823 ulciscere
1327 2765 1405 2826 noa
1446 2741 1623 2847 dctcpcrc
1661 2751 1699 2824 ct

208 2860 217 2878 ⁹
270 2871 498 2978 publicare.
556 2872 687 2958 Valde
728 2873 891 2956 videtur
929 2871 1009 2954 sibi
1046 2872 1276 2955 contrarius
1304 2872 1347 2954 in
1377 2863 1451 2972 co,
1491 2872 1602 2981 quod
1631 2871 1713 2954 nie·

211 3001 215 3008 ’
279 3003 381 3087 dicit
408 3003 560 3106 abbati,
589 3007 632 3088 et
655 3004 826 3088 inferias
848 3004 950 3088 dicit
965 3002 1103 3088 addicti
1121 3010 1158 3086 ct
1176 3003 1405 3088 sessionibus
1426 3003 1696 3110 spiritulibus.

279 3136 387 3221 Sunt
414 3135 507 3238 atii,
548 3136 620 3246 qui
649 3135 916 3246 intelligant,
953 3129 1052 3244 {puin
1086 3134 1362 3246 cogitationes
1402 3135 1530 3220 malos
1568 3137 1697 3244 possit

142 3291 148 3302 ·
280 3268 509 3354 monachus
537 3273 612 3354 ant
638 3267 781 3352 abbati
808 3271 884 3352 aut
912 3266 1143 3352 seniori-bas
1171 3267 1424 3376 spiritalibus
1452 3267 1696 3377 patefacere,

279 3408 400 3510 prout
439 3402 550 3506 vult,
590 3429 693 3512 opus
721 3407 861 3486 arrtcrn
889 3399 1045 3484 malurn
1072 3427 1098 3482 a
1125 3429 1169 3484 se
1196 3400 1392 3484 absconse
1433 3400 1695 3485 comorissnrn

277 3534 536 3620 ssslrnnnrodo
558 3535 700 3620 abbati
719 3534 869 3619 debeat
889 3533 1092 3620 confiteri.
1134 3531 1190 3617 Et
1216 3543 1315 3617 sunt
1331 3533 1417 3639 alii,
1440 3535 1510 3643 qni
1527 3517 1699 3618 dicanti

279 3675 372 3752 Non
403 3674 466 3752 est
494 3696 650 3770 veram,
681 3667 780 3777 quia
807 3667 853 3750 in
881 3667 1067 3752 inferiori
1095 3666 1280 3776 capitulo
1308 3665 1431 3752 dicit:
1458 3673 1532 3751 arat
1552 3665 1693 3750 abbati

277 3806 352 3884 out
399 3801 627 3884 senioribus
666 3800 920 3909 spiritalibus
956 3804 1043 3906 bins
1083 3797 1358 3908 cogitationes
1397 3825 1521 3908 (paam
1557 3827 1694 3907 opera.

132 3963 137 3972 ·
278 3930 439 4015 Deinde
476 3932 726 4040 respondent
762 3932 859 4032 isti,
901 3932 971 4040 qni
1010 3930 1180 4033 dicunt,
1220 3934 1268 4012 at
1295 3958 1401 4039 opus
1436 3929 1700 4038 solummodo·

277 4063 420 4146 abbati
449 4063 697 4147 confiteatur
726 4063 841 4174 quis:
871 4061 970 4147 Non
997 4069 1253 4166 estunam,
1282 4063 1380 4169 quia
1407 4062 1453 4144 in
1481 4061 1553 4146 illo
1581 4060 1693 4172 capi·

277 4193 368 4276 tulo
397 4192 590 4278 inferiore
617 4194 874 4280 solummodo
901 4194 954 4278 de
981 4191 1302 4302 cogitationibus
1329 4191 1431 4276 dicit
1458 4195 1501 4277 et
1529 4193 1693 4275 nonde
1731 4237 1735 4245 ·

278 4353 421 4436 opere,
462 4328 571 4410 sicut
599 4333 641 4411 ct
670 4354 742 4412 vos
770 4325 919 4410 dicitis.
977 4323 1032 4407 Et
1061 4323 1210 4408 iteruin
1238 4323 1490 4432 respondent
1516 4325 1604 4410 illi:
1647 4321 1692 4406 Si

276 4460 362 4544 illic
390 4459 649 4544 solummodo
678 4459 729 4545 de
757 4441 1080 4568 cogitationibus
1108 4457 1165 4542 sit
1192 4457 1528 4570 intelligendum,
1565 4484 1692 4568 quare

276 4593 314 4678 ci
328 4593 360 4703 ¹)
385 4592 491 4677 dixit
506 4593 550 4677 in
572 4595 653 4679 isto
667 4592 816 4704 quinto
838 4590 969 4702 grado
996 4591 1301 4701 cogitationes?
1335 4589 1494 4676 Deinde
1523 4619 1692 4702 respon·

145 4815 150 4824 ,
275 4725 376 4810 dent
414 4725 499 4810 illi:
542 4724 637 4810 Non
676 4731 740 4808 est
776 4724 1043 4828 contrari1nn3
1082 4723 1179 4834 quia
1207 4724 1311 4808 istac
1346 4725 1621 4834 cogitationes
1647 4731 1690 4805 et

275 4885 397 4944 causa
426 4859 558 4942 lateas
587 4858 743 4967 pcccati
774 4858 816 4941 in
848 4885 975 4942 namn
1005 4862 1263 4966 congruunt,
1294 4885 1343 4940 co
1371 4857 1481 4967 qnod
1510 4885 1598 4942 mos
1626 4858 1689 4938 ast

363 5151 390 5238 ι)
411 5148 473 5216 ece
585 5131 588 5138 “
