3960 5774
36 249 39 256 >
135 170 291 316 'rso
697 184 1056 316 'auxum
1286 327 1290 334 ¹
1426 290 1430 299 .

21 410 24 415 ἴ
122 495 125 500 1
206 475 235 534 a
261 443 515 554 mumidorio
533 427 675 554 audo
704 442 759 530 sit
797 439 959 530 licentia
998 440 1129 528 mac
1155 373 1341 550 minuam
1369 439 1499 572 ioqui,
1530 469 1612 526 nou
1707 501 1729 574 ζ

205 581 270 664 est
303 573 620 688 intelligendum
656 573 806 681 dixisse
844 572 1098 692 completorio
1135 573 1187 662 dc
1214 573 1312 675 illo,
1351 571 1464 687 quod
1491 572 1614 658 dicit:

204 735 341 794 omrres
369 709 412 794 iu
440 735 566 794 riuum
584 707 713 818 positi
750 705 992 814 comprimat,
1021 705 1092 792 sed
1132 705 1447 818 completorium
1474 704 1615 816 appel·

19 812 20 816 Ν
103 880 106 886 ’
203 841 307 926 lavit
333 837 530 943 osticium,
558 839 670 952 quod
698 840 742 924 in
771 837 917 923 ultima
945 838 1048 923 liora'
1075 837 1157 923 diei
1185 837 1371 944 canitur,
1400 841 1444 920 et
1470 865 1615 948 quam·

203 1001 327 1084 qiiam
356 971 408 1056 dc
435 971 508 1059 illo
536 972 648 1058 dicat
674 969 956 1082 completorio;
983 968 1011 1054 i.
1039 999 1076 1059 c.
1104 969 1335 1071 (leodium,
1364 953 1612 1053 tamennon

204 1101 329 1189 debet
364 1103 563 1217 quilibet,
592 1115 809 1216 postquam
845 1101 982 1214 surgit
1007 1133 1033 1188 a
1061 1100 1264 1212 capitulo,
1292 1099 1449 1212 aliquid
1488 1099 1617 1212 loqui,
1651 1131 1655 1140 ’

204 1235 301 1346 quia
339 1236 449 1352 atiud
485 1237 695 1322 silentium
735 1265 827 1320 eum
864 1235 1128 1348 constringit.
1185 1234 1303 1333 Quod
1340 1237 1478 1316 autem
1518 1233 1617 1316 dicit

205 1369 318 1466 tortis
344 1373 515 1474 quotum
542 1373 613 1453 unt
639 1367 814 1476 ciciraque
838 1367 953 1473 loliis
979 1367 1040 1452 cei
1067 1372 1261 1474 airardum
1285 1364 1387 1452 doru
1405 1365 1616 1472 perarittit,

203 1528 288 1582 non
318 1499 421 1582 dicit
450 1529 578 1611 usque
607 1500 706 1585 dum
733 1501 872 1585 videre
902 1505 1039 1610 potest
1067 1501 1203 1610 tegere
1233 1499 1369 1608 legat,
1404 1497 1475 1582 ssd
1503 1497 1616 1600 dicit,

36 1645 40 1654 '
205 1633 368 1752 tantum
398 1630 550 1743 legere,
577 1636 779 1742 quantum
809 1631 911 1717 hora
940 1632 1165 1742 permittit,
1194 1631 1273 1714 hoc
1299 1636 1387 1728 est,
1417 1635 1615 1738 quantum

51 1840 54 1848 .
204 1786 434 1868 congruum
463 1768 626 1872 tempus
654 1767 730 1863 est,
759 1763 785 1850 i.
814 1789 849 1850 e.
880 1769 927 1844 ut
957 1763 1268 1874 completorium
1297 1791 1391 1846 cum
1421 1761 1488 1846 die
1507 1788 1619 1844 com·
1675 1817 1680 1828 -

203 1892 387 1999 pientur,
415 1893 512 2002 quia
540 1892 574 1973 si
604 1891 646 1975 in
684 1891 751 1977 die
787 1920 872 1978 non
902 1894 1131 2010 cantaveris
1166 1892 1506 2002 completorium,
1536 1921 1618 1975 uon

202 2021 338 2106 reddis
377 2021 462 2108 Deo
497 2022 647 2132 septies
685 2022 826 2107 laudes
868 2023 912 2104 iu
951 2022 1029 2110 dio.
1087 2022 1326 2107 Notandum
1368 2029 1431 2106 est
1467 2032 1618 2124 autem,

179 2147 299 2260 'quia
328 2152 387 2236 ita
414 2150 728 2263 intelligendum
757 2157 821 2238 est
848 2153 899 2238 de
922 2153 1043 2259 yreia·
1071 2154 1281 2254 eimiictuc,
1310 2153 1418 2237 sicut
1446 2152 1497 2237 de
1519 2182 1619 2262 yru-

48 2281 77 2298 '‘
199 2280 318 2380 niori,
347 2287 420 2365 aut
446 2280 686 2368 districtiori
714 2283 779 2367 vel
804 2284 1059 2392 gratiosiores,
1089 2285 1196 2368 siout
1223 2283 1411 2369 diximus.
1470 2285 1524 2370 Et
1542 2285 1619 2400 hoc
1767 2344 1769 2348 -

203 2411 413 2495 sciendum
442 2417 516 2512 cst,
538 2412 654 2521 'quiu‚
682 2442 776 2498 cum
811 2415 914 2499 dicit
937 2423 1097 2522 eccepto
1117 2415 1157 2498 si
1182 2419 1397 2500 rrccmsitus
1416 2417 1617 2524 hospitum

203 2545 560 2646 supervacaneam
578 2547 685 2649 torte
712 2545 839 2630 alitos
866 2547 991 2632 alicui
1012 2545 1169 2653 aliquid
1187 2545 1370 2650 jusserit,
1400 2577 1484 2632 mm
1507 2549 1619 2650 dicit,

84 2715 86 2720 Α
203 2677 251 2796 ut
279 2703 439 2783 semper
476 2673 602 2758 abbas
641 2675 788 2778 faciat,
816 2677 886 2760 sed
916 2679 1048 2779 forts,
1077 2679 1186 2788 qnod
1230 2685 1369 2761 tamon
1399 2684 1441 2760 et
1484 2679 1617 2788 ipsum

191 2815 299 2906 ‚oum
329 2804 533 2914 gravitate
561 2812 604 2888 et
631 2806 912 2892 moderatione
939 2807 1223 2894 honestissimo
1252 2809 1335 2895 flat.
1390 2811 1620 2894 Atteuden·
1655 2806 1671 2830 '

119 2943 122 2951 '
153 2943 162 2961 '
207 2936 304 3020 dnm
334 2943 396 3021 est
422 2942 580 3038 autem,
609 2937 712 3046 quia'
734 2937 891 3024 diurnis
918 2938 1031 3024 horis
1058 2968 1151 3024 cum
1181 2939 1384 3052 gravitate
1413 2939 1515 3024 dicit
1543 2941 1619 3024 ali·

19 3145 22 3152 .
207 3068 307 3179 quid
348 3095 491 3178 agere,
532 3071 744 3153 nocturnis
786 3099 883 3153 vero
923 3098 1017 3153 cnm
1060 3098 1219 3155 summa
1246 3071 1474 3183 gravitudo,
1503 3073 1618 3181 quusi

7 3242 9 3246 ·
44 3283 45 3286 a
207 3202 380 3287 diceret:
410 3200 530 3284 nimis
560 3207 680 3285 cauta
748 3201 866 3300 Quod
895 3203 1002 3286 euim
1034 3202 1084 3287 de
1106 3231 1342 3312 suppresssa
1373 3231 1473 3288 voce
1490 3206 1617 3314 possit
1685 3207 1689 3214 ’

206 3330 286 3416 dici
325 3330 545 3430 silentium,
578 3332 625 3417 B.
655 3334 915 3442 Augustinus
943 3335 1076 3436 docet,
1107 3333 1177 3417 nbi
1205 3335 1378 3442 exponit
1406 3335 1456 3417 do
1486 3363 1619 3418 resus-

64 3534 67 3542 .
204 3463 401 3546 citatione
431 3461 572 3548 Lazari
603 3463 682 3548 hoc
711 3465 833 3548 modo
862 3465 1024 3549 diceus:
1053 3466 1167 3548 Abiit
1196 3471 1231 3548 ct
1260 3467 1410 3550 vocam
1426 3465 1614 3550 Marium

204 3593 279 3676 eut
314 3591 471 3699 silentio
499 3594 659 3680 diceus:
699 3593 907 3702 Magister
932 3593 1047 3678 adest
1074 3601 1111 3678 et
1138 3601 1248 3678 coeat
1276 3601 1325 3678 te.
1386 3595 1616 3678 Adverteu·
1662 3655 1689 3676 v.

157 3724 167 3825 ‚²
206 3727 301 3809 dum
331 3731 395 3810 est
423 3723 545 3827 euim,
580 3725 924 3835 quemadmodum
953 3754 1220 3836 suppressam·
1238 3754 1380 3810 vocem
1408 3725 1618 3810 silentium
1667 3765 1670 3770 ·

38 3925 40 3930 .
205 3855 479 3967 nuncupavit3
512 3856 841 3967 uum'quomodo
869 3857 996 3959 siluit,
1024 3887 1131 3967 quse
1159 3858 1288 3943 dixit:
1318 3857 1617 3967 Moyislcrud·
1736 3898 1740 3904 ¹

197 3997 262 4076 'est
290 3997 328 4075 et.
355 3994 465 4074 cocart
490 3991 562 4074 ic?
616 3989 740 4073 Forte
777 3989 878 4075 dicit
916 3992 1027 4099 quis:
1070 4020 1196 4101 quare
1239 3991 1281 4074 iu
1321 3989 1400 4072 hoc
1437 3989 1620 4100 capitulo
1679 4003 1684 4014 ’

206 4123 256 4207 de
286 4122 451 4207 silentio
479 4121 592 4222 dicit,
634 4149 726 4204 cum
756 4121 941 4232 superius
970 4123 1099 4225 dixit,
1130 4131 1177 4206 ut
1206 4149 1334 4230 usqus
1361 4121 1415 4207 ad
1443 4121 1619 4206 interro·

44 4347 46 4352 .
103 4373 106 4380 .
157 4273 159 4278 ’
206 4255 416 4366 gationcm
448 4283 532 4338 non
561 4253 786 4362 loquatur?
842 4254 917 4337 uui
945 4248 1275 4366 respondendum
1306 4260 1389 4354 est,
1420 4253 1530 4361 quod
1558 4253 1623 4337 in.

142 4375 143 4378 Ὺ
203 4388 336 4472 tentio
365 4385 407 4474 S.
437 4384 651 4470 Benedicti
680 4386 867 4514 fueritin
885 4386 963 4472 hoc
981 4387 1179 4498 capitulo,
1208 4393 1366 4493 quauta
1384 4385 1623 4516 debuissent

204 4520 304 4605 tolia
332 4519 483 4629 legero,
512 4518 576 4602 vei
606 4518 814 4627 quomodo
841 4547 990 4628 agere;
1018 4527 1062 4604 et
1091 4518 1166 4601 hac
1186 4518 1424 4601 occcasione
1451 4524 1620 4626 accepta
1693 4615 1698 4622 ,

202 4653 353 4734 iterum
381 4650 489 4735 dixit
516 4651 639 4736 etiam
670 4651 720 4734 de
748 4650 913 4735 silentio
938 4650 993 4756 ad
1022 4650 1354 4761 exaggerandum
1394 4651 1618 4736 silentium.

47 4793 63 4904 Ἰ
186 4781 319 4866 ¹Istud
360 4785 468 4867 enim
511 4785 620 4894 quod
659 4784 765 4868 dixit
800 4785 928 4886 loric,
970 4782 1209 4867 adverbium
1248 4789 1311 4866 est
1337 4782 1619 4892 contingendi,
1734 4883 1740 4900 ἱ

151 4967 156 4976 ·
201 4899 422 5024 siguificat,
454 4921 513 5018 ut,
542 4945 633 5000 curn
654 4914 837 5024 loquitur
856 4913 997 5013 abbas,
1029 4941 1110 4998 uon
1132 4914 1245 4998 omui
1273 4927 1460 5024 tempore
1478 4914 1621 5022 loqua-

158 5101 164 5114 -
202 5053 270 5130 tur
300 5075 373 5158 per
403 5047 636 5156 licentium,
664 5047 735 5132 sed
764 5048 941 5147 tardius,
970 5044 1050 5128 hoc
1078 5052 1161 5145 est,
1190 5074 1265 5154 per
1292 5043 1619 5157 contingentiam
1738 5145 1744 5158 Ι

157 5217 164 5232 ·
201 5182 245 5262 et
274 5177 574 5281 necessitatem,
605 5179 712 5298 quia,
744 5179 778 5261 si
806 5171 928 5262 aliter
949 5175 1145 5296 loquitur,
1174 5176 1200 5265 i.
1221 5207 1257 5262 e.
1281 5176 1313 5260 si
1341 5203 1424 5261 uon
1451 5184 1621 5290 propter
1730 5214 1737 5228 ·
