3994 5770
879 284 1049 378 cve-1³⁷·
1508 243 1544 270 ⁹
1584 291 1659 372 ur
1728 250 1733 257 ’
1895 401 1898 409 ¹

92 517 97 526 '
241 513 410 598 sterium
434 449 681 619 mancipium
702 511 848 594 eontra
863 505 1081 614 justitiam,
1106 512 1149 590 et
1173 505 1272 591 dioit
1292 505 1388 590 tibi:
1418 503 1537 590 Talia
1551 503 1660 589 istud
1735 533 1785 558 ··

110 749 117 759 ι
170 751 173 758 Δ
243 641 410 754 pallium
442 643 484 724 et
511 637 624 722 defer
651 637 754 723 illud
783 637 857 720 tali
886 635 1058 749 principi
1088 645 1132 720 et
1153 663 1255 746 roga
1274 637 1387 721 illum
1415 667 1489 748 pro
1521 644 1662 752 nostru

242 801 381 873 eausa,
411 775 624 854 tuentem
654 768 888 879 cognoscis,
918 771 1063 854 eontra
1085 767 1288 874 justitiam
1319 772 1434 852 tuum
1467 770 1679 854 abbatem
1712 767 1714 774 ’

242 931 388 1014 rogare
412 900 616 1010 judicem,
657 900 777 985 debes
807 900 930 984 etiam
961 900 1003 984 in
1032 903 1114 986 isto
1145 910 1363 1010 praecepto
1392 900 1533 985 abbati
1565 901 1662 984 obe·
1817 893 1818 896 Ὺ

243 1037 341 1136 dire,
370 1033 466 1146 quia
496 1031 630 1118 minus
658 1021 873 1142 peceatum
907 1031 1067 1116 videtur
1098 1060 1184 1118 esse
1211 1032 1334 1136 istud,
1364 1061 1485 1144 quam
1517 1023 1661 1118 inobe-

243 1165 421 1268 dientia,
464 1169 506 1248 et
533 1163 631 1274 quia
658 1162 810 1248 malum
850 1165 1079 1274 exemplum
1122 1165 1214 1250 aliis
1249 1165 1419 1275 praebes
1447 1171 1521 1248 aut
1547 1193 1664 1248 seau-

244 1298 385 1384 dalam
418 1296 494 1382 tibi
512 1300 734 1407 generatur
752 1301 825 1379 aut
843 1293 893 1378 de
914 1298 1162 1383 monasterio
1179 1295 1404 1406 expelleris,
1434 1299 1476 1378 et
1493 1296 1661 1404 cogites,

244 1435 290 1514 ut
319 1455 403 1513 uon
433 1425 564 1538 possis
593 1425 797 1527 talem,i.
837 1454 870 1512 e.
910 1427 1083 1512 similem
1122 1430 1256 1514 loevnu
1285 1426 1488 1528 invenire,
1530 1431 1577 1508 ut
1604 1426 1664 1510 ita

243 1562 298 1648 ibi
344 1561 498 1644 servias
542 1557 647 1660 boo,
696 1559 803 1642 siout
846 1557 888 1643 iu
932 1561 1186 1646 monasterio·
1221 1558 1436 1644 serviebas.
1508 1557 1660 1642 'Pernen

224 1691 411 1804 ¹aequale
452 1687 552 1774 mibi
590 1687 752 1776 videtur
793 1698 1005 1800 peceatum
1044 1721 1129 1777 esse
1169 1695 1211 1777 iu
1250 1691 1450 1806 pondere,
1492 1699 1535 1775 et
1571 1692 1664 1774 ideo

145 1891 148 1898 .
244 1824 390 1910 melius
421 1835 495 1923 est,
520 1827 574 1906 ut
601 1823 780 1923 obedias,
811 1832 854 1906 et
881 1822 1021 1907 exilio
1043 1829 1212 1934 peceato
1236 1849 1334 1934 agas
1355 1826 1662 1934 poenitentiaea,

247 1987 369 2069 quam
398 1981 478 2040 uon
500 1954 680 2040 obedias.
738 1953 795 2038 Et
823 1959 959 2038 umen
980 1953 1014 2039 si
1042 1959 1173 2065 potes,
1202 1981 1293 2040 uum
1318 1957 1496 2064 judicem
1527 1984 1663 2066 rogus,
1814 2059 1817 2065 Ι

244 2089 355 2174 istud
397 2085 487 2173 dio:
533 2085 715 2197 Rogavit
754 2091 796 2171 te
835 2088 1008 2172 domnus
1049 2087 1195 2187 abbas,
1235 2091 1284 2171 ιιι
1318 2088 1434 2173 illum
1471 2089 1583 2198 juste
1623 2096 1665 2173 et
1720 2149 1721 2152 ι

243 2218 549 2304 rationabiliter
577 2218 756 2328 adjuves.
815 2217 968 2318 Quodsi
998 2248 1082 2305 nou
1112 2219 1265 2330 poteris
1285 2223 1396 2328 justo
1423 2226 1459 2304 et
1485 2224 1665 2306 rationu·

244 2352 378 2436 biliter
418 2351 553 2436 disere
589 2351 803 2462 adjuvare,
846 2349 911 2436 dio
944 2349 1095 2456 judici,
1136 2353 1241 2438 sieut
1282 2354 1407 2437 abbas
1447 2353 1561 2441 dixit.
1620 2357 1662 2438 Si

248 2492 386 2568 autem
417 2482 569 2568 dixerit
596 2482 671 2567 tibi
703 2481 849 2566 abbas:
879 2479 1008 2582 Vade,
1037 2511 1139 2594 roga
1155 2484 1270 2568 illum
1290 2485 1467 2592 judicem
1489 2495 1531 2569 et
1551 2487 1689 2571 deier-
1794 2587 1797 2594 .
1881 2531 1885 2540 ·

244 2613 303 2699 iili
335 2613 445 2699 istud
474 2641 635 2716 uvuuus,
664 2617 712 2698 ut
739 2612 906 2721 adjuvet
927 2642 1001 2698 uos
1027 2643 1100 2724 pro
1122 2614 1271 2699 uostris
1301 2617 1526 2726 umuoipiis,
1556 2619 1662 2700 sieut

33 2697 34 2778 ἶ
89 2789 95 2817 .-
240 2747 326 2858 jam
357 2746 533 2831 diximus
562 2743 760 2854 superius,
790 2749 831 2828 et
861 2746 1119 2855 subjunxerit
1148 2747 1224 2831 tibi
1245 2747 1393 2831 abbas:
1424 2748 1558 2834 Staio
1590 2751 1661 2834 illo
1730 2801 1732 2804 ·
1775 2807 1779 2820 -

249 2879 402 2989 placito
432 2906 524 2964 eum
551 2877 702 2987 judice,
733 2883 791 2978 ut,
821 2903 913 2961 eum
943 2878 1118 2980 sorbete
1145 2876 1289 2960 viderit
1317 2879 1466 2963 esse-in
1499 2881 1660 2991 placito,
1782 2951 1784 2956 ,

249 3010 456 3094 verebitur
484 3017 526 3094 te
554 3013 596 3093 et
624 3013 795 3118 propter
823 3015 876 3108 te,
908 3011 1003 3120 quia
1033 3008 1145 3094 videt
1173 3018 1214 3092 te
1243 3009 1298 3093 ibi
1324 3039 1422 3112 esse,
1450 3012 1663 3120 adjuvabit
1781 3019 1783 3026 ’

250 3169 322 3224 nos
351 3169 426 3250 pro
456 3146 599 3226 nostra
627 3169 770 3238 causor
800 3148 845 3226 tu
873 3149 1009 3225 amem
1040 3142 1074 3225 si
1097 3143 1350 3250 cognoveris,
1379 3151 1524 3228 eontra
1545 3145 1664 3252 justi·

249 3271 346 3355 tiam
378 3270 592 3383 imperinm
624 3270 733 3367 istud
763 3299 868 3375 esse,
911 3300 996 3355 nou
1026 3278 1089 3356 est
1117 3272 1411 3376 obediendum,
1440 3275 1510 3358 sed
1539 3273 1662 3357 debes

249 3401 457 3486 humiliter
486 3403 621 3489 dicere
646 3404 789 3489 abbati
818 3405 1022 3514 rogando:
1065 3404 1240 3491 Domine
1269 3405 1349 3507 mi,
1388 3402 1555 3513 promisi
1585 3405 1661 3488 tibi

249 3532 547 3630 obedientiarrr;
591 3534 670 3619 hoe
698 3535 807 3644 quod
837 3534 936 3620 mibi
979 3562 1090 3620 nune
1126 3533 1332 3645 injungis,
1373 3535 1535 3618 videtur
1562 3537 1662 3622 mihi
1715 3619 1716 3622 .

172 3759 175 3766 Δ
248 3689 374 3774 grave
403 3693 502 3767 esse,
531 3673 574 3750 et
601 3665 694 3752 ideo
724 3693 826 3776 rogo
845 3667 1106 3750 clausentiam
1136 3675 1263 3768 tuom,
1294 3674 1341 3750 ιιι
1367 3665 1491 3750 ulium
1524 3667 1565 3748 iu
1586 3667 1664 3750 hoe

214 3871 216 3879 .
248 3793 339 3878 loco
369 3795 538 3906 dirigas.
597 3797 640 3882 Si
671 3807 808 3882 autern
838 3799 907 3882 iile
935 3797 1061 3882 abbas
1091 3798 1259 3882 dixerit:
1292 3795 1419 3900 Volo,
1452 3803 1499 3890 ut
1527 3799 1662 3898 vadas,

157 3921 161 3930 ’
248 3925 396 4011 iterum
434 3927 495 4011 illi
534 3927 658 4012 debes
695 3929 848 4031 diuers,
886 3929 994 4011 siout
1033 3927 1218 4036 superius
1257 3925 1446 4011 diximus.
1514 3929 1663 4024 Quodsi

247 4057 566 4166 perseveraverit
594 4057 817 4145 ine-abbas
847 4057 1006 4143 dicens:
1037 4055 1158 4159 Volo,
1188 4063 1234 4141 ιιι
1256 4058 1391 4158 vadas,
1421 4068 1465 4141 ιιι
1498 4055 1562 4141 die
1590 4058 1664 4158 illi,
1820 4089 1825 4104 ·

248 4185 355 4272 sieut
385 4186 573 4300 superius
602 4188 801 4298 diximus,
844 4193 886 4274 et
912 4190 1140 4300 subjunge:
1182 4184 1356 4271 Videtur
1385 4186 1485 4272 mihi
1513 4185 1556 4271 iu
1585 4189 1665 4272 isto

246 4317 421 4430 imperio
463 4319 693 4405 obediendo
735 4320 809 4405 tibi
846 4320 976 4406 Deum
1017 4319 1182 4430 gravius
1223 4319 1450 4421 offendere,
1492 4325 1535 4404 et
1573 4321 1664 4403 ideo
1782 4367 1784 4372 ,
1913 4377 1917 4386 .
1958 4335 1963 4342 ·

247 4449 345 4535 illue
374 4454 444 4549 ire,
473 4451 591 4536 utin
620 4450 692 4536 illo
722 4448 876 4563 placito
905 4450 1088 4558 sedeam,
1117 4478 1200 4535 uon
1230 4451 1367 4556 valeo,
1396 4449 1494 4558 quia
1522 4449 1665 4534 ruelius

247 4589 332 4684 est,
375 4583 451 4666 tibi
480 4583 524 4667 in
553 4585 635 4670 isto
664 4582 838 4692 imperio
867 4609 951 4666 nou
981 4579 1146 4672 obedire
1178 4581 1340 4681 abbati,
1381 4608 1503 4692 quam
1536 4580 1666 4664 Deum

226 4713 477 4821 ¹otieudere,
517 4711 614 4824 quia
643 4705 773 4819 majus
803 4720 867 4797 est
906 4714 1116 4823 peecatum
1156 4711 1199 4796 iu
1238 4711 1431 4822 imperio,
1473 4739 1594 4820 quam
1624 4711 1666 4793 iu
1727 4781 1729 4784 .

249 4839 547 4948 inobedientia,
592 4842 782 4951 eoquod
820 4843 855 4927 si
884 4843 986 4946 iiiia,
1027 4841 1052 4926 i.
1083 4871 1119 4930 e.
1160 4844 1202 4927 in
1237 4835 1309 4927 illo
1337 4841 1489 4952 placito
1517 4841 1668 4926 sederis

247 4957 321 5056 aut
348 4973 487 5077 fueris,
518 4981 560 5060 te
588 4978 724 5060 stante
752 4979 795 5060 et
814 4961 1015 5060 ⁴audiente
1034 4971 1091 5058 ibi
1110 4970 1309 5083 judicium
1334 4971 1487 5079 injuste
1513 4971 1667 5076 elatum,

249 5129 332 5190 nou
370 5113 487 5216 poter
523 5133 609 5190 esse
648 5102 840 5190 immunis
863 5133 902 5198 ,a
941 5111 1131 5214 peceato,
1175 5102 1271 5213 quia
1307 5124 1392 5186 non
1430 5095 1568 5186 solum
1601 5104 1669 5185 ille

249 5232 393 5320 fulsum
425 5235 546 5342 dicit,
584 5235 656 5347 qui
685 5263 756 5322 ore
784 5263 859 5318 suo
889 5233 1067 5345 profert,
1103 5239 1240 5318 verum
1271 5231 1396 5317 etiam
1426 5232 1495 5316 ille
1524 5231 1669 5315 fulsum
1711 5251 1716 5266 ·
1842 5263 1844 5270 ’

315 5359 508 5445 linaearum,
524 5379 681 5448 xxpouue
698 5379 827 5445 nautae.
1425 5370 1473 5451 12
1558 5369 1561 5376 ’
