3960 5774
142 162 157 172 ⁸
239 169 343 312 430¹
721 217 725 226 ·
776 223 866 312 nup.
888 217 1121 296 xxxxvur.

241 445 354 542 erte,
391 381 519 527 veluti
559 439 698 528 tsbnu
735 439 935 526 muudure
973 447 1049 526 sut
1085 469 1260 552 monum
1303 443 1348 546 et
1386 441 1502 552 reliq.
1569 439 1652 527 luto
1714 477 1720 486 ·

48 575 52 583 ’
108 697 113 706 ¹
240 578 392 673 eutem,
420 571 492 682 qui
520 599 605 658 uou
634 567 906 682 suithgero,
934 577 1152 682 postquem
1177 571 1326 656 duetus
1343 571 1470 656 fuerit
1489 598 1564 682 por
1582 598 1652 656 sex

59 825 62 832 ⁴
241 833 313 918 ills
338 837 500 933 eutem,
527 832 600 942 qui
628 857 712 916 uon
739 836 880 940 potest
907 833 1063 943 legero,
1092 833 1335 944 intelligunt
1361 833 1484 918 mulli
1509 851 1655 916 seeun-
1720 881 1726 890 ·

59 1000 71 1014 ·
242 962 339 1047 duur
369 961 642 1047 intentionem
670 963 711 1050 S.
745 961 970 1063 Benedicti,
1000 967 1048 1047 ut
1074 965 1318 1074 injungatur
1344 963 1383 1048 ei
1410 963 1557 1048 orutio.
1609 963 1655 1048 Si

25 1203 32 1210 ι
242 1097 379 1177 autem
408 1091 559 1176 dixerit
594 1091 663 1184 illo
691 1093 839 1177 frater:
878 1093 975 1201 quie
1003 1093 1102 1179 uolo
1128 1121 1196 1177 me
1222 1093 1542 1192 circumvenire,
1569 1119 1655 1176 uon

105 1285 108 1294 .
147 1293 149 1296 .
242 1249 408 1332 possum
437 1221 588 1332 legere,
610 1221 711 1331 jube
738 1220 852 1324 milri,
881 1228 930 1306 ut
957 1221 1105 1308 troium
1133 1231 1258 1336 opus,
1286 1228 1387 1308 tuuo
1413 1223 1657 1331 injungetur

243 1353 306 1436 illi
332 1380 448 1460 opus.⁴
504 1353 589 1437 Alii
618 1369 737 1454 suut,
765 1353 838 1457 qui
872 1353 1118 1468 intelligunt
1155 1356 1360 1440 dieentes:
1401 1383 1487 1439 uon
1521 1352 1656 1438 oratio

31 1491 33 1498 ’
93 1479 108 1545 ἶ
243 1484 367 1569 debet
393 1482 455 1566 illi
482 1483 658 1596 injungi,
687 1485 758 1570 sed
786 1485 1044 1573 solummodo
1066 1516 1190 1599 opum
1218 1488 1288 1572 sed
1307 1485 1494 1597 superior
1513 1513 1657 1570 sensus

47 1627 49 1634 '
216 1621 308 1702 .est
334 1615 501 1721 melior,
540 1644 624 1725 qno
652 1616 795 1701 dieunt
822 1644 954 1703 orere.
1009 1618 1129 1718 Quod
1155 1623 1294 1704 sutem
1323 1617 1425 1703 dicit
1454 1618 1657 1714 meditare
1767 1605 1777 1614 ’

244 1747 273 1839 i.
301 1777 336 1836 e.
365 1749 548 1862 eogitere
575 1747 640 1834 vel
668 1777 798 1836 orere.

355 1879 569 1992 Sequitur:
609 1879 831 2002 Erote-ibus
869 1883 1047 1990 infimis
1080 1889 1151 1969 uret
1185 1883 1372 1968 delicatis
1408 1879 1506 1967 tulis
1532 1905 1657 1987 opero

245 2019 316 2098 out
343 2039 416 2098 urs
442 2012 702 2124 innormatum
730 2023 774 2099 ut
800 2041 873 2102 neu
899 2015 1019 2102 otiosi
1054 2017 1163 2119 siut,
1190 2039 1262 2101 neu
1288 2013 1476 2102 nolentia
1503 2011 1658 2098 luderis

245 2145 547 2252 opperirrruutur,
587 2153 630 2230 ut
666 2147 909 2256 effupeutun
948 2174 1116 2255 quorsum
1149 2144 1404 2234 inbecillitas
1420 2147 1484 2267 ,od
1516 2147 1659 2232 obtuto

50 2383 53 2390 ,
153 2319 157 2328 ·
246 2277 542 2362 eorrsideroudu
571 2288 642 2368 est.
688 2279 851 2365 lirutres
879 2280 1034 2364 infirmi
1062 2287 1161 2366 sunt
1188 2279 1297 2365 elodi
1326 2306 1400 2363 neu
1420 2305 1506 2362 uon
1528 2307 1666 2380 seusus

125 2449 128 2458 ·
246 2436 421 2518 quorum
460 2415 649 2496 senectus
683 2410 773 2526 ipsu
808 2409 1029 2496 iufirmitas
1070 2417 1155 2516 est,
1183 2419 1227 2495 et
1262 2409 1456 2495 dicuutur
1491 2408 1658 2510 infirmi,

112 2603 119 2624 .
247 2541 316 2647 qui
356 2539 596 2626 infirmitate
629 2542 722 2644 ills,
759 2569 882 2650 quum
911 2541 1091 2645 hubent,
1121 2542 1376 2645 moriuntur,
1404 2538 1531 2625 veluti
1561 2546 1660 2623 suut

247 2669 368 2756 clodi.
427 2669 601 2758 Dolionii
629 2675 836 2774 suetidi,
864 2673 934 2782 qui
963 2672 1014 2757 de
1043 2675 1174 2760 nobili
1201 2701 1353 2785 genere
1379 2679 1477 2754 suut
1503 2670 1587 2754 orti
1614 2676 1658 2754 et

95 2835 100 2845 ·
248 2803 330 2885 nou
359 2809 457 2906 suut
484 2803 543 2888 iu
557 2791 734 2906 'nutriti
762 2803 909 2888 utillo
937 2831 1061 2914 opero
1088 2807 1222 2892 funere
1249 2804 1424 2913 possint,
1451 2829 1559 2912 quse
1586 2800 1659 2886 ulii

19 3001 22 3008 .
92 2953 94 2960 “
159 2939 171 2956 ··
246 2931 418 3034 luoiuut,
448 2933 576 3021 ueluti
603 2936 678 3040 illi,
707 2936 780 3048 qui
807 2963 881 3045 per
908 2941 1112 3032 naturum.
1139 2935 1323 3046 eoquod
1350 2932 1659 3042 depoteutibus

162 3081 165 3088 ·
210 3091 214 3098 ·
246 3067 344 3146 sunt
371 3066 460 3150 nuti
489 3073 533 3152 et
561 3069 616 3152 ob
643 3067 721 3153 hoe
750 3096 835 3153 uon
864 3068 1033 3153 fuerunt
1058 3067 1184 3167 docti,
1212 3067 1339 3152 tulero
1356 3071 1487 3150 artem
1511 3063 1658 3166 iuuere,

249 3200 293 3278 et
318 3195 412 3280 ideo
441 3228 524 3287 uou
554 3207 725 3310 possunt
754 3201 930 3311 operari.
972 3199 1172 3287 Similiter
1199 3205 1243 3283 et
1271 3198 1322 3284 de
1350 3195 1659 3307 pauperioribus

76 3367 81 3377 ·
247 3325 485 3414 homiuibus
512 3331 677 3418 delicati
706 3339 880 3443 possunt
907 3361 1006 3437 esse,
1037 3333 1108 3440 qui
1138 3333 1199 3416 rel
1230 3332 1378 3417 nutriti
1403 3336 1660 3414 suntseonu·

145 3499 183 3548 .·
247 3460 344 3544 duru
375 3461 541 3548 delioins
568 3465 719 3550 soeculi
748 3464 813 3549 vel
840 3464 964 3550 stium
994 3470 1188 3573 parentes
1215 3462 1278 3548 sui
1317 3462 1541 3546 noluerunt
1567 3459 1660 3543 illos

248 3599 379 3677 ortem
409 3593 617 3682 insinuare
645 3603 815 3709 propter
843 3598 1011 3682 nimium
1042 3596 1314 3698 duldedinem,
1342 3620 1464 3705 quum
1483 3589 1661 3675 hebuer-

249 3731 328 3807 uut
355 3752 454 3836 ergo
484 3727 588 3812 illos.
632 3727 844 3815 Delicatus
872 3759 1053 3838 trusoque,
1084 3735 1132 3815 ut
1149 3727 1329 3813 Isidorus
1357 3727 1471 3828 dioit,
1499 3725 1664 3834 dieitur,

248 3861 355 3964 qnod
381 3859 437 3942 sit
463 3857 621 3944 deliciis
645 3867 803 3964 postus,
831 3863 967 3946 eduens
994 3865 1039 3946 iu
1061 3863 1196 3968 epulis
1217 3866 1256 3944 et
1273 3860 1403 3946 nitore
1421 3857 1616 3964 corporis.
1630 3855 1662 3965 ¹)

114 4047 116 4052 .
239 3987 366 4073 'Istud
394 3991 518 4093 euim,
547 3991 658 4102 quod
687 3993 806 4079 dicit:
838 3995 1077 4102 iujuupotur
1103 3993 1142 4077 ei
1169 3979 1242 4075 urs
1270 3989 1332 4074 uel
1359 4015 1495 4096 opero,
1523 3993 1569 4072 ut
1590 4011 1664 4072 nee

248 4121 365 4206 otiosi
392 4121 499 4222 siut,
528 4145 600 4205 neo
635 4121 824 4209 uiolentia
851 4124 1006 4210 tutoris
1032 4121 1343 4230 opprimantur,
1369 4127 1414 4202 ut
1441 4121 1664 4226 etinqentur

146 4357 150 4363 Ι
255 4271 298 4317 -ὲ
317 4279 384 4335 urs
410 4259 486 4350 est,
514 4251 548 4338 si
576 4254 687 4362 sepit
714 4262 895 4368 cnutum,
924 4256 1073 4339 dooeut
1094 4254 1220 4338 ulium
1239 4257 1418 4352 contum,
1448 4250 1514 4334 rel
1537 4250 1664 4335 etiurn

83 4419 87 4428 ²
250 4383 284 4465 si
313 4381 391 4465 scit
418 4384 743 4490 grammaticum,
773 4387 911 4471 trudet
939 4385 1044 4487 eliis,
1071 4392 1145 4471 sut
1172 4385 1274 4470 alius
1290 4387 1412 4480 untes,
1441 4408 1547 4490 quae
1567 4383 1667 4462 sunt
1783 4434 1786 4440 ·

59 4501 63 4510 ’
199 4551 203 4560 ’
251 4511 373 4596 utiles
412 4510 456 4593 iu
494 4517 766 4618 monasterio,
794 4515 829 4603 si
858 4519 987 4628 sepit,
1016 4517 1164 4602 dooeut
1202 4515 1319 4602 ulios.
1377 4512 1499 4598 Distu
1525 4516 1664 4594 eutem
1684 4517 1699 4618 f

60 4679 74 4761 .'
223 4633 313 4727 'est
338 4671 406 4726 urs
432 4646 486 4728 ub
513 4647 708 4752 urtuudo,
738 4677 787 4733 eo
816 4647 926 4760 quod
955 4653 1066 4731 urtut
1093 4648 1300 4733 homiuem
1327 4648 1371 4731 iu
1400 4641 1595 4729 soieutiue
1621 4669 1668 4726 re

114 4774 120 4785 ’
250 4773 696 4888 uuiustujusqueurtis.
726 4779 860 4884 Opera
875 4808 972 4864 vero
986 4781 1137 4892 uttiuet
1147 4781 1199 4864 sd
1211 4779 1402 4890 legumen
1425 4773 1668 4881 muudnro²)

189 5028 193 5036 Ι
340 5085 367 5174 ¹)
389 5083 543 5177 Etymol.
566 5085 632 5158 lib.
656 5087 709 5160 1⁰.
731 5111 766 5158 u.
789 5088 845 5158 70.

177 5201 179 5206 ’
335 5203 370 5281 ·'l
393 5196 576 5270 inundare.
623 5193 708 5273 cod.
731 5195 861 5269 Molliu-
