3974 5778
137 123 145 136 ’
226 121 313 258 ιιι
413 293 417 300 ⁸
705 127 740 184 ·’
837 123 1030 258 'next

228 325 397 474 muitum
427 383 549 510 loqui.
604 383 715 472 Sunt
754 385 862 470 enim
891 383 1038 490 multi,
1077 383 1149 496 qni
1176 388 1350 496 putant,
1379 384 1509 472 Deum
1537 389 1644 478 fleeti

199 509 350 628 'posse
378 515 520 601 multis
549 515 696 606 verbis.
735 511 871 598 Multa
898 515 1009 600 euim
1039 514 1167 600 verba
1192 516 1237 599 iu
1265 516 1453 601 oratioue
1478 517 1646 606 fundere

229 675 488 760 paganorum
525 651 614 746 sets
653 643 791 754 [quia]
830 643 942 729 Deus
982 642 1192 754 inspector
1228 651 1294 732 est
1331 646 1481 736 cordis.
1537 651 1647 736 Dioit

65 831 92 860 2
140 771 145 782 '
230 779 340 862 enim
376 777 426 865 Β.
467 776 713 862 Benedictus
751 799 831 858 raon
870 774 916 856 in
954 771 1223 882 mrebilopuio,
1266 775 1342 862 aed
1377 777 1424 860 in
1445 789 1448 796 '
1466 781 1647 884 pueritate

63 913 66 919 '
230 911 366 994 cerdis
400 913 437 992 et
476 899 773 1010 aorupuuetio'ne
808 901 1093 1008 inanitionem,
1131 904 1174 994 h.
1202 933 1239 992 e.
1267 906 1311 990 iu
1339 905 1463 1014 eorde
1491 908 1645 994 mundo

151 1045 157 1142 j
233 1044 286 1122 et·
303 1035 623 1148 compunctione
651 1033 914 1118 lacrimarum
942 1025 1018 1118 no's
1045 1063 1072 1120 a
1099 1033 1281 1122 Domino
1309 1035 1570 1159 exaudimur,
1597 1066 1647 1124 eo

233 1167 343 1279 qnod
386 1167 581 1256 vandra
622 1189 743 1249 orare
783 1171 863 1270 est,
910 1165 1017 1250 siout
1057 1195 1165 1276 papa
1203 1165 1428 1277 Gregorius
1467 1167 1601 1270 docet,
1614 1175 1647 1286 ¹)
1685 1247 1690 1258 .

42 1291 55 1304 ’
231 1327 399 1414 arrraros
417 1301 462 1382 in
477 1299 788 1418 -aonrpuuetione
811 1299 984 1406 punitus
1004 1305 1042 1382 et
1066 1322 1145 1381 non
1166 1297 1385 1402 omposita
1405 1299 1524 1384 uerba
1540 1329 1646 1388 reso·
1786 1304 1861 1318 '

233 1460 348 1518 nare.
382 1431 520 1518 Nuces
547 1435 685 1514 autern
705 1429 815 1539 apud
835 1430 1127 1516 secretissimas
1146 1456 1266 1530 aures
1285 1427 1363 1512 Dei
1388 1459 1471 1515 non
1490 1431 1648 1520 iaciunt
1694 1429 1698 1438 ’
1804 1512 1806 1516 ,
1856 1382 1860 1393 ἢ

79 1579 82 1586 “
235 1566 360 1650 verba
386 1569 541 1666 nostru,
569 1561 640 1648 sed
658 1560 870 1652 desideria.
908 1562 1018 1650 Hine
1042 1559 1231 1674 estquod
1248 1561 1292 1646 in
1312 1589 1454 1646 eremo
1473 1566 1646 1677 populus
1873 1587 1879 1594 ·

237 1696 481 1808 perstrepit,
510 1701 554 1782 et
581 1694 744 1806 Moyses
772 1723 798 1778 a
830 1695 1004 1804 strepitu
1033 1696 1250 1781 verborum
1279 1699 1410 1798 beet,
1438 1702 1483 1782 et
1510 1705 1649 1784 tomen

236 1831 360 1914 silens
399 1857 498 1913 aare
537 1828 700 1912 divinae
747 1825 913 1936 pietatis
953 1827 1146 1931 auditur,
1188 1856 1283 1913 eum
1310 1827 1498 1913 dieitur:
1544 1831 1649 1936 Quid

234 1959 390 2046 eternas
417 1957 474 2070 ad
499 1959 594 2044 rue?
628 1958 746 2042 lutus
775 1962 840 2042 est
866 1984 966 2068 ergo
994 1959 1037 2041 iu
1057 1959 1258 2044 desiderio
1283 1959 1439 2044 elamor
1457 1971 1649 2068 secretus,

236 2093 307 2201 qui
347 2091 400 2174 ud
435 2089 635 2174 humanas
673 2089 814 2174 nudes
852 2116 937 2172 non
975 2089 1163 2200 pervenit
1200 2095 1245 2173 et
1283 2095 1423 2173 tumen
1463 2093 1648 2176 auditum

192 2313 194 2320 ,
238 2219 463 2306 eorrditoris
491 2219 636 2329 replet.
1688 2209 1691 2216 ’

347 2349 561 2460 Sequitur:
599 2345 657 2431 Et
683 2345 774 2430 ideo
801 2345 933 2430 trans
959 2345 1072 2433 debet
1098 2373 1186 2434 esse
1211 2357 1249 2434 et
1267 2377 1380 2457 pura
1407 2352 1541 2436 oratio
1568 2351 1651 2434 nisi

70 2561 72 2570 .
234 2485 341 2592 [orte
376 2506 427 2564 ea
463 2480 608 2584 adadu
656 2477 942 2582 inspirationis
987 2477 1151 2564 diuinae
1182 2481 1343 2589 prutina
1368 2483 1652 2586 protendatur.

239 2611 342 2703 Mos
368 2615 433 2694 est
467 2607 718 2692 Grneoornm
759 2607 997 2715 frequenter
1033 2635 1151 2694 orare
1191 2614 1235 2693 et
1264 2639 1423 2721 parurn.
1480 2611 1653 2698 'I'anrdin
1687 2635 1691 2644 '

114 2790 117 2796 ·
238 2734 346 2825 enim
377 2739 611 2824 debemus
600 2767 641 2821 ιιι
674 2737 861 2823 oratione
888 2740 1128 2846 prostrati
1108 2767 1272 2849 Jaoere,
1313 2739 1446 2828 donee
1476 2741 1654 2828 Domino

188 2873 406 2982 juvante
446 2869 721 2980 cogitationes
759 2897 885 2980 vanas
912 2869 1245 2978 comprimamus.
1302 2869 1348 2956 Si
1376 2881 1515 2958 nutem
1545 2874 1657 2958 vide·

239 3031 342 3106 runs,
372 3029 447 3084 uos
475 3001 659 3150 superari
687 3028 714 3083 a
729 2971 1079 3110 cogitationibus,
1107 3001 1192 3084 et
1173 3029 1262 3110 Jurn
1292 3029 1377 3086 ιιοιι
1406 3003 1655 3088 delectantur
1686 3094 1689 3104 ,
1725 3028 1731 3038 ·

213 3133 283 3216 Ιἱιι
313 3131 549 3218 oratione'
532 3158 691 3240 Jaoere,
731 3129 982 3240 surgendum
1009 3133 1096 3230 est·
1139 3129 1288 3216 deinde
1324 3139 1399 3217 aut
1435 3133 1654 3244 legendnm

18 3295 19 3304 ι
186 3287 187 3292 ‘
242 3263 307 3347 rel
337 3259 696 3373 psallendnrnaut
716 3259 971 3371 operandum
992 3265 1067 3346 ost.
1110 3258 1280 3372 thuiu
1296 3264 1494 3376 coguovit
1513 3263 1560 3352 B.
1578 3261 1655 3346 Be·
1734 3323 1738 3332 -

152 3487 154 3494 ,
215 3396 443 3496 nedictus,
474 3421 558 3478 non
586 3421 705 3504 posse
733 3392 955 3477 humanam
975 3397 1153 3478 mentem
1181 3400 1353 3506 propter
1372 3395 1655 3480 infirmitatem

242 3549 359 3611 suum
387 3525 458 3608 diu
500 3528 543 3610 in
573 3523 762 3608 oratione
798 3525 888 3609 sine
924 3525 1235 3635 perturbatione
1270 3527 1471 3612 mularum
1498 3526 1658 3636 cogita·

243 3657 405 3742 tionnm
431 3657 590 3766 jueere,
629 3652 722 3738 ideo
750 3653 875 3758 dixit,
917 3656 1082 3740 brevem
1120 3682 1207 3740 esse
1242 3659 1470 3742 orationem
1499 3657 1658 3742 debere.

241 3785 352 3874 Num
370 3787 556 3896 quumvis
580 3784 671 3869 aliis
689 3786 943 3895 temporibus
960 3785 1166 3894 patiamur
1187 3787 1519 3900 perturbationes
1545 3785 1661 3895 cogi·

243 3919 461 4018 tatianum,
493 3916 668 4000 maxime
696 3922 882 4026 tempore
907 3917 1118 4022 orationis,
1147 3927 1191 4002 et
1218 3919 1316 4028 quia
1343 3918 1477 4003 oratio
1506 3913 1659 3999 munda

243 4081 270 4138 u
298 4051 414 4134 vanis
442 4045 765 4160 cogitationibus
785 4047 908 4133 debet
927 4076 1013 4166 esse
1034 4053 1187 4133 etcum
1208 4047 1527 4158 compunctione
1542 4043 1662 4129 laed·
1689 4041 1703 4130 ’.

131 4251 136 4262 .
183 4267 186 4274 ,
244 4210 403 4266 murum
432 4208 509 4294 pro
537 4179 779 4264 infirmitate
807 4169 1001 4282 humana,
1030 4179 1124 4264 ideo
1152 4180 1276 4265 debet
1303 4177 1438 4262 breuis
1461 4202 1563 4261 esse.
1607 4171 1679 4254 lit·

245 4315 352 4398 beue
381 4311 508 4394 dixit:
536 4312 622 4392 nisi
638 4309 746 4414 forte
772 4337 824 4394 ea
842 4311 987 4416 affectu
1014 4310 1302 4417 inspirationis
1326 4304 1662 4414 diuinaepratiue
1726 4309 1733 4326 ’

238 4441 506 4552 protendatur
525 4487 578 4516 -.·
596 4467 645 4524 aa
673 4439 707 4526 si
736 4442 892 4527 diceret
919 4443 1012 4526 aliis
1039 4442 1193 4526 verbis:
1224 4439 1420 4526 Humana
1446 4436 1663 4521 iufirmitas

248 4575 321 4661 diu
359 4574 403 4658 in
438 4575 626 4660 oratione
663 4601 748 4660 uon
788 4580 932 4684 potest
966 4574 1183 4684 persistere
1223 4575 1313 4658 sine
1351 4569 1663 4684 perturbatione
1727 4569 1735 4584 '

211 4771 215 4777 ·
248 4708 450 4794 mularum
479 4707 801 4818 eogitutionum,
843 4705 923 4792 nisi
959 4705 1100 4792 diviua
1126 4707 1264 4820 gratia
1297 4703 1500 4815 inspirata
1527 4698 1664 4785 inerit.

122 4864 126 4870 ’
176 4858 197 4938 ᾖ
249 4841 305 4927 nt
333 4842 411 4928 hoe
441 4841 671 4926 notandum
701 4844 777 4942 est,
806 4839 903 4948 quia
929 4839 1181 4924 eontrarium
1210 4867 1294 4924 nou
1322 4843 1398 4941 est,
1427 4834 1539 4948 quod
1563 4832 1665 4936 Gre-¹

339 5133 367 5222 ι)
389 5129 514 5201 noar.
535 5127 601 5200 ιιι.
624 5127 679 5200 ιι
701 5147 780 5218 ap.
802 5127 857 5200 ιι
879 5126 917 5196 n
940 5147 1020 5219 ap.
1042 5127 1099 5202 ro.
1122 5125 1162 5200 n
1184 5123 1265 5199 ns.
1287 5146 1321 5200 v.
1343 5123 1375 5196 ι
1398 5143 1495 5192 num.
1517 5119 1572 5192 ιι
1666 5099 1671 5110 “
