3994 5770
235 231 312 318 ns
665 203 668 212 ’
851 219 941 316 ou
963 217 1057 294 1v·'
1107 217 1111 224 '

231 444 515 532 testimonium
542 440 646 527 (licit
682 439 803 550 apud·
822 440 974 545 Dauum
1011 443 1084 570 qai
1118 441 1237 527 audit
1272 442 1422 527 ιἰΙιιιιιι
1450 447 1495 526 st
1519 443 1645 530 host.

229 575 293 662 De
319 576 395 660 toli
414 601 512 659 raro
539 571 845 676 constrictione,
872 572 945 657 abi
971 572 1097 660 homo
1117 571 1217 656 hino
1233 572 1332 657 iude
1344 571 1647 680 constringitur

76 779 80 789 .
159 787 169 800 ,
229 711 464 817 opsonatu,
492 707 553 806 ιιι,
580 701 617 784 si
644 700 809 803 iecerit,
850 706 1064 812 peecatum
1090 703 1183 804 erit,
1209 706 1284 787 aut
1311 703 1346 785 si
1375 729 1461 786 nou
1487 698 1644 803 feeerit,

228 835 650 945 similiterpeooatum
670 858 757 914 nou
777 830 919 930 deerit,
946 831 1045 940 quid
1063 831 1271 940 agendum
1288 835 1354 914 est
1369 829 1448 938 ipsi
1471 827 1644 931 homini,

210 967 276 1052 ⁴13.
306 965 530 1076 Gregorius
558 961 729 1046 mirifice
756 959 878 1044 (louet
903 957 948 1042 iu
975 959 1092 1044 libris
1120 959 1357 1063 moralium,
1395 957 1469 1043 ubi
1499 955 1644 1040 Domi·
1682 959 1686 966 '

228 1123 305 1178 nus
333 1093 436 1178 dicit
461 1093 513 1177 ad
537 1089 587 1180 B.
603 1089 709 1174 Job:
738 1087 868 1174 Nervi
895 1089 1166 1174 tertianorum
1194 1150 1454 1182 .......
1481 1089 1644 1170 minora

174 1239 177 1247 '
224 1223 485 1332 transiter.¹)
646 1317 650 1326 ,

336 1350 552 1461 Sequitur:
592 1351 687 1436 Non
720 1347 819 1434 uella
845 1348 928 1433 dici
968 1355 1172 1448 sasamon,
1210 1354 1427 1452 orrtepnom
1452 1348 1530 1450 sit,
1570 1345 1644 1429 sed

113 1481 116 1486 ’
219 1480 346 1587 prisea
373 1503 482 1579 esse,
520 1477 628 1583 qnod
653 1481 790 1560 nerim
815 1479 989 1566 dicotur.
1045 1481 1148 1560 Cum
1177 1477 1280 1560 dicit
1305 1483 1508 1579 sanctam,
1546 1477 1644 1560 sub·

224 1608 473 1696 audiendum
502 1613 586 1692 est:
627 1635 743 1716 opus,
771 1634 821 1692 ao
847 1609 882 1691 si
910 1609 1082 1692 diceret:
1124 1605 1220 1690 Non
1249 1606 1373 1692 dabat
1398 1605 1644 1706 desiderare,

124 1821 128 1832 ,
168 1833 175 1840 ,
225 1765 328 1848 opus
355 1765 473 1822 suum
501 1742 689 1821 sanetum
718 1739 771 1820 ab
797 1737 890 1820 aliis
925 1736 1023 1860 diui,
1061 1739 1089 1824 i.
1119 1765 1155 1822 a.
1193 1765 1279 1820 nou
1320 1735 1446 1820 debet
1481 1736 1537 1821 ob
1565 1737 1644 1822 hoo

223 1896 329 1978 opus
358 1867 511 1952 bonnm
542 1866 697 1972 faeere,
736 1871 785 1951 ιιι
821 1865 984 1952 ‹lioatur
1017 1872 1220 1954 sanatum.
1277 1865 1404 1950 Etin
1433 1865 1644 1968 hocloco,

224 2025 317 2082 anm
345 1998 468 2083 dicit:
499 1996 573 2082 sed
602 1999 729 2104 prisea
753 2024 860 2100 esse,
899 2001 1007 2105 puori
1032 1999 1170 2081 namara
1197 1996 1377 2098 dimtar,
1406 2025 1492 2080 nou
1520 1996 1645 2082 debet

224 2128 471 2238 intelligere,
501 2133 560 2229 nt,
590 2133 809 2237 postquam
837 2128 992 2212 facturn
1023 2131 1170 2231 fuerit,
1199 2127 1363 2237 rapiat,
1391 2156 1494 2237 opus
1522 2154 1641 2209 snum

120 2371 121 2376 Ν
223 2258 377 2342 bonnm
408 2263 450 2340 at
478 2263 666 2342 sanctum
695 2257 791 2356 diei,
818 2257 889 2341 sed
920 2256 1042 2341 debet
1068 2257 1138 2340 illa
1165 2285 1270 2366 opus
1293 2263 1482 2341 sanatam
1510 2257 1656 2342 facere
1796 2265 1801 2274 '

112 2409 116 2419 ·
223 2394 267 2471 et
294 2387 464 2487 bonum,
492 2393 536 2470 et
562 2414 657 2471 oum
687 2385 1003 2488 summiserit,
1030 2414 1115 2470 non
1138 2386 1262 2470 debet
1277 2386 1395 2488 veile,
1424 2385 1505 2470 (liri
1528 2415 1646 2470 sano·

223 2523 333 2619 tum,
370 2516 440 2600 sed
470 2515 505 2599 si
532 2516 641 2600 forts
668 2515 823 2599 dietum
851 2517 976 2600 t'uerit
1017 2516 1106 2598 sine
1135 2513 1350 2598 voluntate
1378 2543 1473 2616 suo,
1513 2517 1646 2599 varim

128 2632 133 2643 ⁸
223 2645 399 2744 dicatur.
468 2645 535 2732 Siu
576 2646 687 2730 enim
726 2647 775 2732 B.
814 2643 1039 2753 Gregorius
1080 2673 1153 2728 sua
1195 2645 1240 2727 in
1283 2644 1478 2754 epistola,
1520 2673 1644 2753 quam

223 2773 412 2860 Leandro
452 2775 646 2884 episeopo
683 2773 977 2882 Hispaniomm
1027 2774 1245 2874 direxit,²)
1290 2773 1425 2858 dicere
1465 2775 1642 2873 videtum

134 2904 143 2922 ⁸
223 2903 286 2988 ait
312 2907 443 2987 errim:
482 2901 616 2987 Vitam
652 2909 785 2986 autern
812 2929 944 2986 saraam
978 2903 1131 2987 carretis
1157 2929 1245 2988 esse
1272 2901 1530 3003 imitabilem,
1569 2901 1642 2984 iilo

113 3191 115 3196 ’
222 3164 294 3262 ιἰα,
322 3163 421 3267 puio
449 3159 619 3263 diuitum,
655 3189 706 3246 aa
732 3163 801 3268 qm·
829 3188 910 3246 non
936 3161 1036 3246 solet
1062 3161 1294 3247 naaratiatnr.
1350 3159 1504 3246 Omnes
1533 3163 1641 3247 enirn

100 3289 105 3298 ’
221 3290 343 3374 eleoti
371 3289 631 3375 Redemtoris
658 3292 791 3374 nostri
819 3291 996 3402 vestigia
1023 3291 1178 3374 (iebant
1205 3289 1334 3400 sequi,
1367 3291 1394 3376 i.
1424 3319 1459 3380 e.
1489 3293 1644 3376 bonum

222 3418 377 3502 debent
418 3418 553 3504 faeere
580 3418 812 3508 voluntarie
849 3426 894 3504 et
929 3420 1083 3504 debent
1121 3419 1375 3505 manifestari
1418 3421 1559 3524 inriti,
1597 3427 1646 3503 ιιι

108 3537 131 3572 ”
222 3547 418 3659 proximis
458 3546 691 3658 proficiant.
748 3547 817 3633 Sia
855 3549 965 3633 eninr
995 3549 1196 3633 Dominus
1232 3549 1386 3659 legitur
1421 3548 1566 3632 fecisse
1591 3549 1668 3668 uri.

92 3724 99 3741 ·
222 3676 452 3786 exemplum
488 3704 576 3760 sesa
613 3679 909 3788 quaerentium.
965 3677 1035 3763 Sia
1072 3679 1182 3762 idem
1211 3677 1434 3788 Gregorius
1477 3677 1644 3786 uicina

222 3805 442 3890 Rodemior
470 3815 614 3900 ¹noster·
645 3835 726 3914 por
752 3806 923 3892 orariola
950 3805 1097 3912 corpas
1125 3833 1263 3908 orauere,
1303 3807 1409 3915 qnod
1436 3810 1536 3916 epit,
1573 3808 1645 3891 icoo

58 3927 67 3940 '
101 3913 105 3922 ’
222 3936 339 4019 erotis
366 3937 411 4018 in
432 3939 658 4042 enormium
676 3939 848 4038 actionis
861 3937 1060 4042 praebuit,
1090 3945 1133 4022 nt
1145 3962 1228 4043 pro
1243 3944 1477 4022 nostrarum
1496 3939 1644 4021 viriam

118 4045 121 4054 ¹
177 4053 191 4127 ἶ
221 4063 382 4150 orodnlo
415 4066 505 4171 ejas
540 4069 710 4174 vestipia
746 4075 953 4173 separantes
988 4067 1184 4171 inoffenso
1217 4069 1324 4172 pede
1361 4068 1496 4172 operis
1520 4093 1669 4172 prae-1

221 4195 347 4278 sortis
380 4197 486 4279 uitae
524 4221 743 4300 carpamus
780 4199 902 4284 niara.
970 4195 1225 4282 Miracninm
1264 4223 1436 4302 nomque
1469 4196 1642 4299 luderis,

169 4312 184 4342 ⁰
221 4353 311 4410 nana
338 4329 440 4410 dnos
468 4351 607 4410 caecos
632 4325 878 4409 illuminavit
912 4331 950 4410 et
988 4327 1114 4410 terreri
1139 4327 1263 4430 juant
1289 4334 1328 4410 et
1355 4333 1487 4410 tornea
1516 4324 1643 4408 taceri
1715 4345 1718 4352 ’
1791 4387 1793 4390 -

55 4462 63 4486 “
157 4538 161 4549 ,
220 4481 311 4540 nonv
322 4457 468 4561 poturit,
510 4459 554 4537 ιιι
581 4453 760 4538 uidelicet
787 4449 825 4538 ὀι
851 4453 963 4538 eleari
990 4456 1080 4560 ejus
1107 4455 1292 4560 sumpla
1319 4457 1527 4541 doctrinae
1557 4457 1644 4562 ejas

221 4594 426 4692 sequestras
453 4586 498 4668 in
525 4587 700 4693 anamais,
727 4609 830 4692 qnae
842 4586 1014 4691 sument,
1045 4583 1169 4670 lutere
1191 4587 1352 4692 qnidam
1378 4587 1424 4667 in
1446 4581 1644 4667 amarante

164 4794 170 4804 ’
310 4809 339 4894 ¹)
359 4802 562 4892 stangno,
594 4805 680 4874 tom.
710 4802 765 4871 ro.
788 4800 855 4872 ool.
878 4801 955 4872 657.
988 4821 1083 4874 ιιιιιιι.
1114 4801 1259 4874 so-ss.
1305 4801 1428 4874 tioroi.
1450 4801 1515 4872 lib.
1537 4801 1584 4870 32
1605 4799 1643 4870 iu

171 4977 174 4982 .
220 4933 299 5002 oap.
321 4913 377 4984 ⁴0.
400 4911 442 4982 B.
461 4910 546 4983 Job.

309 5024 338 5112 ι)
358 5021 464 5112 epist
489 5021 563 5092 121.
608 5021 757 5111 (trigue,
780 5023 855 5092 tom
878 5020 934 5090 17.
956 5018 1024 5092 ool.
1049 5019 1162 5112 1051).

286 5119 336 5222 v³)
358 5131 403 5202 ot.
426 5129 550 5204 Moral.
573 5129 637 5200 lib.
662 5131 714 5200 rs.
738 5129 776 5199 in
799 5129 1115 5221 apostatos.
1141 5152 1174 5200 v.
1202 5129 1255 5202 15.
1281 5129 1334 5202 lu.
1471 5177 1475 5184 .

1655 250 1660 345 ,Ι

59 3115 65 3126 ,
220 3037 355 3138 oestro
383 3035 553 3137 epistola
581 3031 779 3140 loqrritnm·
806 3031 880 3116 sad
905 3031 1011 3138 qnod
1036 3035 1116 3114 non
1145 3039 1203 3130 est
1229 3035 1303 3134 itu,
1331 3038 1375 3114 ιιι
1400 3032 1564 3130 dicitnr,
1589 3033 1645 3114 sit
1703 3117 1706 3124 ,
