<?xml version="1.0" encoding="UTF-8"?>
<!DOCTYPE html PUBLIC "-//W3C//DTD XHTML 1.0 Transitional//EN"
    "http://www.w3.org/TR/xhtml1/DTD/xhtml1-transitional.dtd">
<html xmlns="http://www.w3.org/1999/xhtml" xml:lang="en" lang="en">
 <head>
  <title>
</title>
<meta http-equiv="Content-Type" content="text/html;charset=utf-8" />
  <meta name='ocr-system' content='tesseract 3.04.00' />
  <meta name='ocr-capabilities' content='ocr_page ocr_carea ocr_par ocr_line ocrx_word'/>
</head>
<body>
  <div class='ocr_page' id='page_1' title='image "./vitaetregulassp01benegoog_0169.png"; bbox 0 0 4334 5750; ppageno 0'>
   <div class='ocr_carea' id='block_1_1' title="bbox 463 131 1257 250">
    <p class='ocr_par' dir='ltr' id='par_1_1' title="bbox 463 131 1257 250">
     <span class='ocr_line' id='line_1_1' title="bbox 463 131 1257 250; baseline 0.006 -5"><span class='ocrx_word' id='word_1_1' title='bbox 463 161 542 246; x_wconf 83' lang='lat' dir='ltr'><strong>nn</strong></span> <span class='ocrx_word' id='word_1_2' title='bbox 667 197 674 214; x_wconf 91' lang='lat'><strong>·</strong></span> <span class='ocrx_word' id='word_1_3' title='bbox 778 131 781 136; x_wconf 82' lang='grc'>’</span> <span class='ocrx_word' id='word_1_4' title='bbox 1082 154 1257 250; x_wconf 64' lang='grc' dir='ltr'><strong>(Μ.</strong></span> 
     </span>
    </p>
   </div>
   <div class='ocr_carea' id='block_1_2' title="bbox 372 371 1883 1408">
    <p class='ocr_par' dir='ltr' id='par_1_2' title="bbox 372 371 1883 882">
     <span class='ocr_line' id='line_1_2' title="bbox 372 371 1883 488; baseline 0.004 -26"><span class='ocrx_word' id='word_1_5' title='bbox 372 371 384 379; x_wconf 76' lang='grc'><em>’</em></span> <span class='ocrx_word' id='word_1_6' title='bbox 460 377 617 462; x_wconf 83' lang='lat' dir='ltr'><strong>clarem</strong></span> <span class='ocrx_word' id='word_1_7' title='bbox 647 377 765 461; x_wconf 88' lang='lat' dir='ltr'><strong>istius</strong></span> <span class='ocrx_word' id='word_1_8' title='bbox 794 377 965 488; x_wconf 78' lang='lat' dir='ltr'><strong>capituli</strong></span> <span class='ocrx_word' id='word_1_9' title='bbox 995 376 1123 464; x_wconf 83' lang='lat' dir='ltr'><strong>dixit:</strong></span> <span class='ocrx_word' id='word_1_10' title='bbox 1153 385 1264 484; x_wconf 75' lang='lat' dir='ltr'><strong>eruc</strong></span> <span class='ocrx_word' id='word_1_11' title='bbox 1281 386 1380 464; x_wconf 80' lang='lat' dir='ltr'><strong>eunt</strong></span> <span class='ocrx_word' id='word_1_12' title='bbox 1406 379 1675 463; x_wconf 76' lang='lat' dir='ltr'><strong>instunncntn</strong></span> <span class='ocrx_word' id='word_1_13' title='bbox 1695 378 1883 468; x_wconf 71' lang='lat' dir='ltr'><strong>dorem</strong></span> 
     </span>
     <span class='ocr_line' id='line_1_3' title="bbox 460 507 1883 619; baseline 0.002 -26"><span class='ocrx_word' id='word_1_14' title='bbox 460 535 638 616; x_wconf 83' lang='lat' dir='ltr'><strong>operum,</strong></span> <span class='ocrx_word' id='word_1_15' title='bbox 667 537 761 595; x_wconf 90' lang='lat' dir='ltr'><strong>cnm</strong></span> <span class='ocrx_word' id='word_1_16' title='bbox 789 508 833 592; x_wconf 92' lang='lat' dir='ltr'><strong>in</strong></span> <span class='ocrx_word' id='word_1_17' title='bbox 863 509 943 594; x_wconf 87' lang='lat' dir='ltr'><strong>hoc</strong></span> <span class='ocrx_word' id='word_1_18' title='bbox 967 507 1150 619; x_wconf 70' lang='lat' dir='ltr'><strong>capitulo</strong></span> <span class='ocrx_word' id='word_1_19' title='bbox 1171 537 1256 593; x_wconf 89' lang='lat' dir='ltr'><strong>non</strong></span> <span class='ocrx_word' id='word_1_20' title='bbox 1276 509 1410 594; x_wconf 85' lang='lat' dir='ltr'><strong>solum</strong></span> <span class='ocrx_word' id='word_1_21' title='bbox 1429 508 1705 592; x_wconf 71' lang='lat' dir='ltr'><strong>instromenta</strong></span> <span class='ocrx_word' id='word_1_22' title='bbox 1725 509 1883 596; x_wconf 83' lang='lat' dir='ltr'><strong>inveni·</strong></span> 
     </span>
     <span class='ocr_line' id='line_1_4' title="bbox 459 637 1882 754; baseline 0.005 -32"><span class='ocrx_word' id='word_1_23' title='bbox 459 643 607 741; x_wconf 89' lang='lat' dir='ltr'><strong>untur,</strong></span> <span class='ocrx_word' id='word_1_24' title='bbox 649 639 675 724; x_wconf 92' lang='lat' dir='ltr'><strong>i.</strong></span> <span class='ocrx_word' id='word_1_25' title='bbox 705 668 740 725; x_wconf 90' lang='lat' dir='ltr'><strong>e.</strong></span> <span class='ocrx_word' id='word_1_26' title='bbox 766 639 971 750; x_wconf 86' lang='lat' dir='ltr'><strong>jejunium</strong></span> <span class='ocrx_word' id='word_1_27' title='bbox 1001 643 1045 722; x_wconf 89' lang='lat' dir='ltr'><strong>et</strong></span> <span class='ocrx_word' id='word_1_28' title='bbox 1072 639 1254 752; x_wconf 86' lang='lat' dir='ltr'><strong>reliquo,</strong></span> <span class='ocrx_word' id='word_1_29' title='bbox 1295 667 1435 740; x_wconf 77' lang='lat' dir='ltr'><strong>rernm</strong></span> <span class='ocrx_word' id='word_1_30' title='bbox 1472 637 1598 723; x_wconf 80' lang='lat' dir='ltr'><strong>etium</strong></span> <span class='ocrx_word' id='word_1_31' title='bbox 1637 639 1727 752; x_wconf 81' lang='lat' dir='ltr'><strong>ipso</strong></span> <span class='ocrx_word' id='word_1_32' title='bbox 1766 642 1882 754; x_wconf 83' lang='lat' dir='ltr'><strong>pluro</strong></span> 
     </span>
     <span class='ocr_line' id='line_1_5' title="bbox 459 769 1882 882; baseline 0.004 -29"><span class='ocrx_word' id='word_1_33' title='bbox 459 799 598 882; x_wconf 81' lang='lat' dir='ltr'><strong>opero,</strong></span> <span class='ocrx_word' id='word_1_34' title='bbox 626 771 670 856; x_wconf 89' lang='lat' dir='ltr'><strong>iu</strong></span> <span class='ocrx_word' id='word_1_35' title='bbox 699 771 850 880; x_wconf 76' lang='lat' dir='ltr'><strong>quibus</strong></span> <span class='ocrx_word' id='word_1_36' title='bbox 876 769 1053 855; x_wconf 82' lang='lat' dir='ltr'><strong>servitos</strong></span> <span class='ocrx_word' id='word_1_37' title='bbox 1079 777 1144 854; x_wconf 88' lang='lat' dir='ltr'><strong>est</strong></span> <span class='ocrx_word' id='word_1_38' title='bbox 1171 769 1262 874; x_wconf 90' lang='lat' dir='ltr'><strong>Dei,</strong></span> <span class='ocrx_word' id='word_1_39' title='bbox 1299 771 1329 858; x_wconf 87' lang='lat' dir='ltr'><strong>i.</strong></span> <span class='ocrx_word' id='word_1_40' title='bbox 1356 799 1392 858; x_wconf 90' lang='lat' dir='ltr'><strong>e.</strong></span> <span class='ocrx_word' id='word_1_41' title='bbox 1420 769 1594 874; x_wconf 78' lang='lat' dir='ltr'><strong>ueritus,</strong></span> <span class='ocrx_word' id='word_1_42' title='bbox 1634 800 1753 882; x_wconf 85' lang='lat' dir='ltr'><strong>spes,</strong></span> <span class='ocrx_word' id='word_1_43' title='bbox 1782 773 1882 859; x_wconf 85' lang='lat' dir='ltr'><strong>fides</strong></span> 
     </span>
    </p>

    <p class='ocr_par' dir='ltr' id='par_1_3' title="bbox 378 899 1883 1408">
     <span class='ocr_line' id='line_1_6' title="bbox 422 899 1880 1012; baseline 0.003 -30"><span class='ocrx_word' id='word_1_44' title='bbox 422 961 428 974; x_wconf 85' lang='lat'><strong>.</strong></span> <span class='ocrx_word' id='word_1_45' title='bbox 461 899 729 986; x_wconf 80' lang='lat' dir='ltr'><strong>inveniuntur</strong></span> <span class='ocrx_word' id='word_1_46' title='bbox 757 905 801 985; x_wconf 87' lang='lat' dir='ltr'><strong>et</strong></span> <span class='ocrx_word' id='word_1_47' title='bbox 827 901 1015 1012; x_wconf 76' lang='lat' dir='ltr'><strong>reliquo?</strong></span> <span class='ocrx_word' id='word_1_48' title='bbox 1055 901 1151 986; x_wconf 81' lang='lat' dir='ltr'><strong>ideo</strong></span> <span class='ocrx_word' id='word_1_49' title='bbox 1178 900 1285 985; x_wconf 86' lang='lat' dir='ltr'><strong>dixit</strong></span> <span class='ocrx_word' id='word_1_50' title='bbox 1306 901 1564 988; x_wconf 75' lang='lat' dir='ltr'><strong>solummodo</strong></span> <span class='ocrx_word' id='word_1_51' title='bbox 1590 901 1880 1006; x_wconf 73' lang='lat' dir='ltr'><strong>instrumento,</strong></span> 
     </span>
     <span class='ocr_line' id='line_1_7' title="bbox 378 1023 1883 1144; baseline 0.006 -32"><span class='ocrx_word' id='word_1_52' title='bbox 378 1023 393 1094; x_wconf 83' lang='grc'><strong>’-</strong></span> <span class='ocrx_word' id='word_1_53' title='bbox 463 1031 573 1140; x_wconf 84' lang='lat' dir='ltr'><strong>quin,</strong></span> <span class='ocrx_word' id='word_1_54' title='bbox 617 1032 804 1142; x_wconf 72' lang='lat' dir='ltr'><strong>quumvis</strong></span> <span class='ocrx_word' id='word_1_55' title='bbox 833 1031 952 1133; x_wconf 85' lang='lat' dir='ltr'><strong>fides,</strong></span> <span class='ocrx_word' id='word_1_56' title='bbox 993 1059 1106 1141; x_wconf 84' lang='lat' dir='ltr'><strong>spes„</strong></span> <span class='ocrx_word' id='word_1_57' title='bbox 1146 1034 1297 1118; x_wconf 76' lang='lat' dir='ltr'><strong>carius</strong></span> <span class='ocrx_word' id='word_1_58' title='bbox 1335 1033 1564 1144; x_wconf 79' lang='lat' dir='ltr'><strong>etreliqua</strong></span> <span class='ocrx_word' id='word_1_59' title='bbox 1591 1031 1773 1142; x_wconf 80' lang='lat' dir='ltr'><strong>perfecta</strong></span> <span class='ocrx_word' id='word_1_60' title='bbox 1798 1035 1883 1121; x_wconf 85' lang='lat' dir='ltr'><strong>sint</strong></span> 
     </span>
     <span class='ocr_line' id='line_1_8' title="bbox 399 1159 1880 1272; baseline 0.003 -26"><span class='ocrx_word' id='word_1_61' title='bbox 399 1211 403 1220; x_wconf 89' lang='lat'>.</span> <span class='ocrx_word' id='word_1_62' title='bbox 461 1191 604 1272; x_wconf 83' lang='lat' dir='ltr'><strong>opere,</strong></span> <span class='ocrx_word' id='word_1_63' title='bbox 643 1191 727 1248; x_wconf 90' lang='lat' dir='ltr'><strong>non</strong></span> <span class='ocrx_word' id='word_1_64' title='bbox 756 1163 841 1248; x_wconf 85' lang='lat' dir='ltr'><strong>sint</strong></span> <span class='ocrx_word' id='word_1_65' title='bbox 867 1159 1163 1265; x_wconf 80' lang='lat' dir='ltr'><strong>instmn&#39;reritn,</strong></span> <span class='ocrx_word' id='word_1_66' title='bbox 1199 1169 1339 1249; x_wconf 84' lang='lat' dir='ltr'><strong>tamen</strong></span> <span class='ocrx_word' id='word_1_67' title='bbox 1367 1165 1457 1262; x_wconf 87' lang='lat' dir='ltr'><strong>sine</strong></span> <span class='ocrx_word' id='word_1_68' title='bbox 1474 1165 1769 1249; x_wconf 65' lang='lat' dir='ltr'><strong>instrumentis</strong></span> <span class='ocrx_word' id='word_1_69' title='bbox 1797 1193 1880 1251; x_wconf 92' lang='lat' dir='ltr'><strong>non</strong></span> 
     </span>
     <span class='ocr_line' id='line_1_9' title="bbox 461 1293 1878 1408; baseline 0.001 -30"><span class='ocrx_word' id='word_1_70' title='bbox 461 1300 636 1402; x_wconf 77' lang='lat' dir='ltr'><strong>possunt</strong></span> <span class='ocrx_word' id='word_1_71' title='bbox 663 1323 766 1386; x_wconf 84' lang='lat' dir='ltr'><strong>esse.-</strong></span> <span class='ocrx_word' id='word_1_72' title='bbox 821 1293 944 1378; x_wconf 85' lang='lat' dir='ltr'><strong>Nnnc</strong></span> <span class='ocrx_word' id='word_1_73' title='bbox 959 1296 1179 1380; x_wconf 85' lang='lat' dir='ltr'><strong>ridendum</strong></span> <span class='ocrx_word' id='word_1_74' title='bbox 1203 1303 1278 1400; x_wconf 86' lang='lat' dir='ltr'><strong>est,</strong></span> <span class='ocrx_word' id='word_1_75' title='bbox 1306 1296 1406 1408; x_wconf 84' lang='lat' dir='ltr'><strong>qnid</strong></span> <span class='ocrx_word' id='word_1_76' title='bbox 1435 1296 1633 1406; x_wconf 86' lang='lat' dir='ltr'><strong>sequitur,</strong></span> <span class='ocrx_word' id='word_1_77' title='bbox 1663 1301 1878 1405; x_wconf 79' lang='lat' dir='ltr'><strong>postquam</strong></span> 
     </span>
    </p>
   </div>
   <div class='ocr_carea' id='block_1_3' title="bbox 228 1423 1879 1558">
    <p class='ocr_par' dir='ltr' id='par_1_4' title="bbox 228 1423 1879 1558">
     <span class='ocr_line' id='line_1_10' title="bbox 228 1423 1879 1558; baseline 0.001 -49"><span class='ocrx_word' id='word_1_78' title='bbox 228 1549 233 1558; x_wconf 21' lang='grc' dir='ltr'>ι</span> <span class='ocrx_word' id='word_1_79' title='bbox 282 1459 284 1464; x_wconf 68' lang='grc'><strong>’</strong></span> <span class='ocrx_word' id='word_1_80' title='bbox 459 1425 736 1510; x_wconf 85' lang='lat' dir='ltr'><strong>instrumento</strong></span> <span class='ocrx_word' id='word_1_81' title='bbox 774 1423 892 1514; x_wconf 89' lang='lat' dir='ltr'><strong>dixit.</strong></span> <span class='ocrx_word' id='word_1_82' title='bbox 959 1426 1036 1511; x_wconf 85' lang='lat' dir='ltr'><strong>Ait</strong></span> <span class='ocrx_word' id='word_1_83' title='bbox 1073 1427 1205 1516; x_wconf 84' lang='lat' dir='ltr'><strong>euim:</strong></span> <span class='ocrx_word' id='word_1_84' title='bbox 1246 1427 1451 1532; x_wconf 81' lang='lat' dir='ltr'><strong>Inprimis</strong></span> <span class='ocrx_word' id='word_1_85' title='bbox 1491 1427 1711 1512; x_wconf 84' lang='lat' dir='ltr'><strong>Dourinrnn</strong></span> <span class='ocrx_word' id='word_1_86' title='bbox 1750 1425 1879 1511; x_wconf 83' lang='lat' dir='ltr'><strong>Deum</strong></span> 
     </span>
    </p>
   </div>
   <div class='ocr_carea' id='block_1_4' title="bbox 461 1537 1880 1665">
    <p class='ocr_par' dir='ltr' id='par_1_5' title="bbox 461 1537 1880 1665">
     <span class='ocr_line' id='line_1_11' title="bbox 461 1537 1880 1665; baseline 0.001 -23"><span class='ocrx_word' id='word_1_87' title='bbox 461 1537 630 1665; x_wconf 73' lang='lat' dir='ltr'><strong>diliperc</strong></span> <span class='ocrx_word' id='word_1_88' title='bbox 643 1583 694 1642; x_wconf 73' lang='lat' dir='ltr'><strong>cx</strong></span> <span class='ocrx_word' id='word_1_89' title='bbox 707 1563 787 1642; x_wconf 78' lang='lat' dir='ltr'><strong>toto</strong></span> <span class='ocrx_word' id='word_1_90' title='bbox 808 1557 940 1662; x_wconf 85' lang='lat' dir='ltr'><strong>corde,</strong></span> <span class='ocrx_word' id='word_1_91' title='bbox 962 1563 1045 1643; x_wconf 81' lang='lat' dir='ltr'><strong>toto</strong></span> <span class='ocrx_word' id='word_1_92' title='bbox 1067 1559 1221 1660; x_wconf 85' lang='lat' dir='ltr'><strong>unimn,</strong></span> <span class='ocrx_word' id='word_1_93' title='bbox 1237 1565 1320 1642; x_wconf 77' lang='lat' dir='ltr'><strong>nea</strong></span> <span class='ocrx_word' id='word_1_94' title='bbox 1346 1557 1502 1642; x_wconf 73' lang='lat' dir='ltr'><strong>nirt&#39;rde.</strong></span> <span class='ocrx_word' id='word_1_95' title='bbox 1556 1556 1669 1643; x_wconf 88' lang='lat' dir='ltr'><strong>Bene</strong></span> <span class='ocrx_word' id='word_1_96' title='bbox 1683 1558 1732 1646; x_wconf 80' lang='grc' dir='ltr'><strong>Β.</strong></span> <span class='ocrx_word' id='word_1_97' title='bbox 1748 1559 1880 1642; x_wconf 87' lang='lat' dir='ltr'><strong>Bene·</strong></span> 
     </span>
    </p>
   </div>
   <div class='ocr_carea' id='block_1_5' title="bbox 314 1685 1880 1800">
    <p class='ocr_par' dir='ltr' id='par_1_6' title="bbox 314 1685 1880 1800">
     <span class='ocr_line' id='line_1_12' title="bbox 314 1685 1880 1800; baseline 0.004 -32"><span class='ocrx_word' id='word_1_98' title='bbox 314 1762 317 1768; x_wconf 85' lang='lat'><em>.</em></span> <span class='ocrx_word' id='word_1_99' title='bbox 458 1685 591 1774; x_wconf 85' lang='lat' dir='ltr'><strong>dictus</strong></span> <span class='ocrx_word' id='word_1_100' title='bbox 620 1687 795 1796; x_wconf 88' lang='lat' dir='ltr'><strong>primum</strong></span> <span class='ocrx_word' id='word_1_101' title='bbox 825 1694 1100 1798; x_wconf 78' lang='lat' dir='ltr'><strong>praeceptum</strong></span> <span class='ocrx_word' id='word_1_102' title='bbox 1129 1719 1216 1776; x_wconf 87' lang='lat' dir='ltr'><strong>esse</strong></span> <span class='ocrx_word' id='word_1_103' title='bbox 1244 1690 1350 1775; x_wconf 86' lang='lat' dir='ltr'><strong>dixit</strong></span> <span class='ocrx_word' id='word_1_104' title='bbox 1377 1689 1638 1774; x_wconf 86' lang='lat' dir='ltr'><strong>dilectionem</strong></span> <span class='ocrx_word' id='word_1_105' title='bbox 1669 1688 1758 1792; x_wconf 88' lang='lat' dir='ltr'><strong>Dei,</strong></span> <span class='ocrx_word' id='word_1_106' title='bbox 1786 1689 1880 1800; x_wconf 85' lang='lat' dir='ltr'><strong>quin</strong></span> 
     </span>
    </p>
   </div>
   <div class='ocr_carea' id='block_1_6' title="bbox 444 1813 1907 2308">
    <p class='ocr_par' dir='ltr' id='par_1_7' title="bbox 444 1813 1907 2308">
     <span class='ocr_line' id='line_1_13' title="bbox 458 1813 1907 1933; baseline 0.001 -31"><span class='ocrx_word' id='word_1_107' title='bbox 458 1819 517 1902; x_wconf 82' lang='lat' dir='ltr'><strong>sic</strong></span> <span class='ocrx_word' id='word_1_108' title='bbox 536 1817 734 1904; x_wconf 85' lang='lat' dir='ltr'><strong>Dourinns</strong></span> <span class='ocrx_word' id='word_1_109' title='bbox 757 1820 864 1906; x_wconf 84' lang='lat' dir='ltr'><strong>dixit</strong></span> <span class='ocrx_word' id='word_1_110' title='bbox 890 1822 1077 1933; x_wconf 82' lang='lat' dir='ltr'><strong>inprimis</strong></span> <span class='ocrx_word' id='word_1_111' title='bbox 1093 1851 1139 1908; x_wconf 89' lang='lat' dir='ltr'><strong>en</strong></span> <span class='ocrx_word' id='word_1_112' title='bbox 1164 1827 1395 1933; x_wconf 70' lang='lat' dir='ltr'><strong>praecepto,</strong></span> <span class='ocrx_word' id='word_1_113' title='bbox 1423 1848 1528 1932; x_wconf 81' lang='lat' dir='ltr'><strong>quse</strong></span> <span class='ocrx_word' id='word_1_114' title='bbox 1547 1821 1600 1905; x_wconf 83' lang='lat' dir='ltr'><strong>sd</strong></span> <span class='ocrx_word' id='word_1_115' title='bbox 1619 1819 1877 1906; x_wconf 83' lang='lat' dir='ltr'><strong>dilectionem</strong></span> <span class='ocrx_word' id='word_1_116' title='bbox 1904 1813 1907 1820; x_wconf 73' lang='grc'><strong>’</strong></span> 
     </span>
     <span class='ocr_line' id='line_1_14' title="bbox 444 1947 1880 2068; baseline 0.001 -33"><span class='ocrx_word' id='word_1_117' title='bbox 444 1947 536 2036; x_wconf 47' lang='lat' dir='ltr'><strong>*Dei</strong></span> <span class='ocrx_word' id='word_1_118' title='bbox 575 1953 782 2056; x_wconf 81' lang='lat' dir='ltr'><strong>attinent,</strong></span> <span class='ocrx_word' id='word_1_119' title='bbox 822 1983 915 2040; x_wconf 87' lang='lat' dir='ltr'><strong>cum</strong></span> <span class='ocrx_word' id='word_1_120' title='bbox 958 1956 1200 2068; x_wconf 82' lang='lat' dir='ltr'><strong>deeulognm</strong></span> <span class='ocrx_word' id='word_1_121' title='bbox 1239 1954 1414 2065; x_wconf 76' lang='lat' dir='ltr'><strong>antiqno</strong></span> <span class='ocrx_word' id='word_1_122' title='bbox 1451 1953 1607 2064; x_wconf 85' lang='lat' dir='ltr'><strong>popolo</strong></span> <span class='ocrx_word' id='word_1_123' title='bbox 1645 1951 1782 2046; x_wconf 72' lang='lat' dir='ltr'><strong>staret:</strong></span> <span class='ocrx_word' id='word_1_124' title='bbox 1820 1953 1880 2039; x_wconf 83' lang='lat' dir='ltr'><strong>nit</strong></span> 
     </span>
     <span class='ocr_line' id='line_1_15' title="bbox 458 2085 1879 2176; baseline 0.001 -8"><span class='ocrx_word' id='word_1_125' title='bbox 458 2086 587 2170; x_wconf 82' lang='lat' dir='ltr'><strong>enim:</strong></span> <span class='ocrx_word' id='word_1_126' title='bbox 623 2085 738 2170; x_wconf 75' lang='lat' dir='ltr'><strong>Arrcti</strong></span> <span class='ocrx_word' id='word_1_127' title='bbox 771 2087 935 2175; x_wconf 64' lang='lat' dir='ltr'><strong>Inruit!</strong></span> <span class='ocrx_word' id='word_1_128' title='bbox 986 2089 1193 2176; x_wconf 80' lang='lat' dir='ltr'><strong>Dominus</strong></span> <span class='ocrx_word' id='word_1_129' title='bbox 1229 2087 1347 2174; x_wconf 82' lang='lat' dir='ltr'><strong>Dum</strong></span> <span class='ocrx_word' id='word_1_130' title='bbox 1383 2093 1476 2170; x_wconf 77' lang='lat' dir='ltr'><strong>turm</strong></span> <span class='ocrx_word' id='word_1_131' title='bbox 1512 2085 1629 2172; x_wconf 82' lang='lat' dir='ltr'><strong>Dens</strong></span> <span class='ocrx_word' id='word_1_132' title='bbox 1663 2111 1769 2168; x_wconf 80' lang='lat' dir='ltr'><strong>unm</strong></span> <span class='ocrx_word' id='word_1_133' title='bbox 1806 2094 1879 2170; x_wconf 78' lang='lat' dir='ltr'><strong>est.</strong></span> 
     </span>
     <span class='ocr_line' id='line_1_16' title="bbox 459 2215 1878 2308; baseline 0.001 -5"><span class='ocrx_word' id='word_1_134' title='bbox 459 2217 514 2303; x_wconf 71' lang='lat' dir='ltr'><strong>Et</strong></span> <span class='ocrx_word' id='word_1_135' title='bbox 538 2218 708 2304; x_wconf 85' lang='lat' dir='ltr'><strong>iterum:</strong></span> <span class='ocrx_word' id='word_1_136' title='bbox 737 2218 806 2306; x_wconf 84' lang='lat' dir='ltr'><strong>Ne</strong></span> <span class='ocrx_word' id='word_1_137' title='bbox 824 2247 1016 2306; x_wconf 82' lang='lat' dir='ltr'><strong>assumus</strong></span> <span class='ocrx_word' id='word_1_138' title='bbox 1033 2247 1176 2308; x_wconf 83' lang='lat' dir='ltr'><strong>nomen</strong></span> <span class='ocrx_word' id='word_1_139' title='bbox 1196 2219 1278 2306; x_wconf 86' lang='lat' dir='ltr'><strong>Dei</strong></span> <span class='ocrx_word' id='word_1_140' title='bbox 1292 2221 1352 2304; x_wconf 79' lang='lat' dir='ltr'><strong>tui</strong></span> <span class='ocrx_word' id='word_1_141' title='bbox 1371 2223 1412 2304; x_wconf 89' lang='lat' dir='ltr'><strong>in</strong></span> <span class='ocrx_word' id='word_1_142' title='bbox 1433 2245 1594 2305; x_wconf 79' lang='lat' dir='ltr'><strong>unrnnn.</strong></span> <span class='ocrx_word' id='word_1_143' title='bbox 1634 2215 1687 2302; x_wconf 78' lang='lat' dir='ltr'><strong>Et</strong></span> <span class='ocrx_word' id='word_1_144' title='bbox 1706 2217 1878 2305; x_wconf 86' lang='lat' dir='ltr'><strong>iterum:</strong></span> 
     </span>
    </p>
   </div>
   <div class='ocr_carea' id='block_1_7' title="bbox 318 2349 1877 2464">
    <p class='ocr_par' dir='ltr' id='par_1_8' title="bbox 318 2349 1877 2464">
     <span class='ocr_line' id='line_1_17' title="bbox 318 2349 1877 2464; baseline -0.001 -27"><span class='ocrx_word' id='word_1_145' title='bbox 318 2411 323 2420; x_wconf 85' lang='lat'>·</span> <span class='ocrx_word' id='word_1_146' title='bbox 461 2351 680 2454; x_wconf 79' lang='lat' dir='ltr'><strong>Murrento,</strong></span> <span class='ocrx_word' id='word_1_147' title='bbox 710 2359 752 2437; x_wconf 81' lang='lat' dir='ltr'><strong>nt</strong></span> <span class='ocrx_word' id='word_1_148' title='bbox 779 2355 888 2439; x_wconf 82' lang='lat' dir='ltr'><strong>diem</strong></span> <span class='ocrx_word' id='word_1_149' title='bbox 917 2355 1116 2440; x_wconf 69' lang='lat' dir='ltr'><strong>Saturni</strong></span> <span class='ocrx_word' id='word_1_150' title='bbox 1143 2355 1361 2440; x_wconf 74' lang='lat' dir='ltr'><strong>crestodius.</strong></span> <span class='ocrx_word' id='word_1_151' title='bbox 1408 2349 1515 2434; x_wconf 82' lang='lat' dir='ltr'><strong>Vide</strong></span> <span class='ocrx_word' id='word_1_152' title='bbox 1545 2351 1682 2454; x_wconf 90' lang='lat' dir='ltr'><strong>modo,</strong></span> <span class='ocrx_word' id='word_1_153' title='bbox 1710 2351 1808 2463; x_wconf 87' lang='lat' dir='ltr'><strong>quin</strong></span> <span class='ocrx_word' id='word_1_154' title='bbox 1827 2353 1877 2464; x_wconf 18' lang='lat' dir='ltr'><strong>,iu</strong></span> 
     </span>
    </p>
   </div>
   <div class='ocr_carea' id='block_1_8' title="bbox 458 2481 1953 2856">
    <p class='ocr_par' dir='ltr' id='par_1_9' title="bbox 458 2481 1953 2856">
     <span class='ocr_line' id='line_1_18' title="bbox 459 2481 1879 2600; baseline -0.003 -30"><span class='ocrx_word' id='word_1_155' title='bbox 459 2485 537 2570; x_wconf 84' lang='lat' dir='ltr'><strong>lroc</strong></span> <span class='ocrx_word' id='word_1_156' title='bbox 577 2487 667 2570; x_wconf 79' lang='lat' dir='ltr'><strong>loco</strong></span> <span class='ocrx_word' id='word_1_157' title='bbox 706 2487 929 2572; x_wconf 89' lang='lat' dir='ltr'><strong>Dominum</strong></span> <span class='ocrx_word' id='word_1_158' title='bbox 970 2489 1157 2573; x_wconf 79' lang='lat' dir='ltr'><strong>imitatus</strong></span> <span class='ocrx_word' id='word_1_159' title='bbox 1196 2493 1272 2585; x_wconf 86' lang='lat' dir='ltr'><strong>est,</strong></span> <span class='ocrx_word' id='word_1_160' title='bbox 1312 2490 1355 2569; x_wconf 84' lang='lat' dir='ltr'><strong>et</strong></span> <span class='ocrx_word' id='word_1_161' title='bbox 1381 2485 1500 2568; x_wconf 86' lang='lat' dir='ltr'><strong>&#39;sicut</strong></span> <span class='ocrx_word' id='word_1_162' title='bbox 1543 2481 1746 2600; x_wconf 87' lang='lat' dir='ltr'><strong>Dominus</strong></span> <span class='ocrx_word' id='word_1_163' title='bbox 1785 2489 1879 2594; x_wconf 84' lang='lat' dir='ltr'><strong>post</strong></span> 
     </span>
     <span class='ocr_line' id='line_1_19' title="bbox 460 2613 1953 2728; baseline -0.001 -29"><span class='ocrx_word' id='word_1_164' title='bbox 460 2617 726 2701; x_wconf 83' lang='lat' dir='ltr'><strong>ditectionem</strong></span> <span class='ocrx_word' id='word_1_165' title='bbox 748 2617 825 2700; x_wconf 93' lang='lat' dir='ltr'><strong>Dei</strong></span> <span class='ocrx_word' id='word_1_166' title='bbox 843 2618 1057 2728; x_wconf 75' lang='lat' dir='ltr'><strong>sulrjunxit</strong></span> <span class='ocrx_word' id='word_1_167' title='bbox 1074 2619 1115 2702; x_wconf 91' lang='lat' dir='ltr'><strong>in</strong></span> <span class='ocrx_word' id='word_1_168' title='bbox 1135 2616 1315 2704; x_wconf 83' lang='lat' dir='ltr'><strong>seeundo</strong></span> <span class='ocrx_word' id='word_1_169' title='bbox 1334 2615 1500 2699; x_wconf 77' lang='lat' dir='ltr'><strong>tctrnlu:</strong></span> <span class='ocrx_word' id='word_1_170' title='bbox 1537 2613 1709 2700; x_wconf 75' lang='lat' dir='ltr'><strong>Honora</strong></span> <span class='ocrx_word' id='word_1_171' title='bbox 1718 2621 1879 2720; x_wconf 71' lang='lat' dir='ltr'><strong>putrent</strong></span> <span class='ocrx_word' id='word_1_172' title='bbox 1950 2713 1953 2719; x_wconf 22' lang='lat'><em>¹</em></span> 
     </span>
     <span class='ocr_line' id='line_1_20' title="bbox 458 2743 1878 2856; baseline -0.003 -26"><span class='ocrx_word' id='word_1_173' title='bbox 458 2755 584 2849; x_wconf 71' lang='lat' dir='ltr'><strong>terrent,</strong></span> <span class='ocrx_word' id='word_1_174' title='bbox 620 2754 664 2831; x_wconf 80' lang='lat' dir='ltr'><strong>nt</strong></span> <span class='ocrx_word' id='word_1_175' title='bbox 692 2747 754 2832; x_wconf 75' lang='lat' dir='ltr'><strong>siu</strong></span> <span class='ocrx_word' id='word_1_176' title='bbox 781 2747 996 2856; x_wconf 77' lang='lat' dir='ltr'><strong>lorrprrcnns</strong></span> <span class='ocrx_word' id='word_1_177' title='bbox 1023 2775 1148 2855; x_wconf 80' lang='lat' dir='ltr'><strong>super</strong></span> <span class='ocrx_word' id='word_1_178' title='bbox 1174 2755 1339 2848; x_wconf 83' lang='lat' dir='ltr'><strong>terrum,</strong></span> <span class='ocrx_word' id='word_1_179' title='bbox 1377 2743 1474 2854; x_wconf 77' lang='lat' dir='ltr'><strong>quiin</strong></span> <span class='ocrx_word' id='word_1_180' title='bbox 1502 2745 1546 2828; x_wconf 90' lang='lat' dir='ltr'><strong>in</strong></span> <span class='ocrx_word' id='word_1_181' title='bbox 1576 2743 1707 2852; x_wconf 83' lang='lat' dir='ltr'><strong>prims</strong></span> <span class='ocrx_word' id='word_1_182' title='bbox 1736 2745 1878 2829; x_wconf 79' lang='lat' dir='ltr'><strong>tabula</strong></span> 
     </span>
    </p>
   </div>
   <div class='ocr_carea' id='block_1_9' title="bbox 46 2873 1880 3001">
    <p class='ocr_par' dir='ltr' id='par_1_10' title="bbox 46 2849 1880 3001">
     <span class='ocr_line' id='line_1_21' title="bbox 46 2873 1880 3001; baseline -0.023 0"><span class='ocrx_word' id='word_1_183' title='bbox 46 2988 52 3001; x_wconf 94' lang='lat'><em>.</em></span> <span class='ocrx_word' id='word_1_184' title='bbox 225 2989 226 2994; x_wconf 12' lang='lat' dir='ltr'><strong>r</strong></span> <span class='ocrx_word' id='word_1_185' title='bbox 459 2878 532 2963; x_wconf 66' lang='lat' dir='ltr'><strong>iila</strong></span> <span class='ocrx_word' id='word_1_186' title='bbox 574 2879 656 2962; x_wconf 70' lang='lat' dir='ltr'><strong>tria</strong></span> <span class='ocrx_word' id='word_1_187' title='bbox 692 2885 913 2990; x_wconf 70' lang='lat' dir='ltr'><strong>praecepta</strong></span> <span class='ocrx_word' id='word_1_188' title='bbox 953 2879 1130 2990; x_wconf 78' lang='lat' dir='ltr'><strong>scripsit,</strong></span> <span class='ocrx_word' id='word_1_189' title='bbox 1173 2905 1280 2990; x_wconf 84' lang='lat' dir='ltr'><strong>quoe</strong></span> <span class='ocrx_word' id='word_1_190' title='bbox 1306 2875 1359 2960; x_wconf 84' lang='lat' dir='ltr'><strong>ml</strong></span> <span class='ocrx_word' id='word_1_191' title='bbox 1387 2876 1650 2962; x_wconf 85' lang='lat' dir='ltr'><strong>dilectionem</strong></span> <span class='ocrx_word' id='word_1_192' title='bbox 1684 2873 1759 2959; x_wconf 85' lang='lat' dir='ltr'><strong>Dei</strong></span> <span class='ocrx_word' id='word_1_193' title='bbox 1782 2879 1880 2960; x_wconf 84' lang='lat' dir='ltr'><strong>utti-</strong></span> 
     </span>
    </p>
   </div>
   <div class='ocr_carea' id='block_1_10' title="bbox 460 3007 1875 3122">
    <p class='ocr_par' dir='ltr' id='par_1_11' title="bbox 460 3007 1875 3122">
     <span class='ocr_line' id='line_1_22' title="bbox 460 3007 1875 3122; baseline -0.004 -26"><span class='ocrx_word' id='word_1_194' title='bbox 460 3017 573 3097; x_wconf 90' lang='lat' dir='ltr'><strong>nent.</strong></span> <span class='ocrx_word' id='word_1_195' title='bbox 587 3012 620 3120; x_wconf 87' lang='lat'><strong>¹)</strong></span> <span class='ocrx_word' id='word_1_196' title='bbox 668 3011 790 3095; x_wconf 70' lang='lat' dir='ltr'><strong>Forte</strong></span> <span class='ocrx_word' id='word_1_197' title='bbox 830 3012 932 3096; x_wconf 87' lang='lat' dir='ltr'><strong>dicit</strong></span> <span class='ocrx_word' id='word_1_198' title='bbox 972 3011 1135 3122; x_wconf 84' lang='lat' dir='ltr'><strong>aliquis,</strong></span> <span class='ocrx_word' id='word_1_199' title='bbox 1175 3037 1303 3118; x_wconf 85' lang='lat' dir='ltr'><strong>quare</strong></span> <span class='ocrx_word' id='word_1_200' title='bbox 1334 3007 1384 3094; x_wconf 88' lang='lat' dir='ltr'><strong>B.</strong></span> <span class='ocrx_word' id='word_1_201' title='bbox 1413 3007 1662 3092; x_wconf 82' lang='lat' dir='ltr'><strong>Benedictus</strong></span> <span class='ocrx_word' id='word_1_202' title='bbox 1699 3009 1875 3116; x_wconf 84' lang='lat' dir='ltr'><strong>primunr</strong></span> 
     </span>
    </p>
   </div>
   <div class='ocr_carea' id='block_1_11' title="bbox 309 3139 1878 3254">
    <p class='ocr_par' dir='ltr' id='par_1_12' title="bbox 309 3139 1878 3254">
     <span class='ocr_line' id='line_1_23' title="bbox 309 3139 1878 3254; baseline -0.001 -26"><span class='ocrx_word' id='word_1_203' title='bbox 309 3185 313 3194; x_wconf 93' lang='lat'><strong>·</strong></span> <span class='ocrx_word' id='word_1_204' title='bbox 461 3150 726 3254; x_wconf 76' lang='lat' dir='ltr'><strong>praeceptum</strong></span> <span class='ocrx_word' id='word_1_205' title='bbox 747 3171 836 3226; x_wconf 81' lang='lat' dir='ltr'><strong>esse</strong></span> <span class='ocrx_word' id='word_1_206' title='bbox 856 3143 964 3227; x_wconf 84' lang='lat' dir='ltr'><strong>dixit</strong></span> <span class='ocrx_word' id='word_1_207' title='bbox 984 3142 1248 3226; x_wconf 87' lang='lat' dir='ltr'><strong>dilectionem</strong></span> <span class='ocrx_word' id='word_1_208' title='bbox 1272 3139 1359 3240; x_wconf 84' lang='lat' dir='ltr'><strong>Dei,</strong></span> <span class='ocrx_word' id='word_1_209' title='bbox 1378 3170 1472 3226; x_wconf 90' lang='lat' dir='ltr'><strong>cum</strong></span> <span class='ocrx_word' id='word_1_210' title='bbox 1491 3140 1641 3226; x_wconf 88' lang='lat' dir='ltr'><strong>Puulus</strong></span> <span class='ocrx_word' id='word_1_211' title='bbox 1667 3142 1878 3250; x_wconf 81' lang='lat' dir='ltr'><strong>apostolus</strong></span> 
     </span>
    </p>
   </div>
   <div class='ocr_carea' id='block_1_12' title="bbox 459 3271 1878 3518">
    <p class='ocr_par' dir='ltr' id='par_1_13' title="bbox 459 3271 1878 3518">
     <span class='ocr_line' id='line_1_24' title="bbox 459 3271 1878 3380; baseline 0.001 -24"><span class='ocrx_word' id='word_1_212' title='bbox 459 3273 592 3358; x_wconf 84' lang='lat' dir='ltr'><strong>dicut:</strong></span> <span class='ocrx_word' id='word_1_213' title='bbox 635 3273 810 3358; x_wconf 82' lang='lat' dir='ltr'><strong>Honora</strong></span> <span class='ocrx_word' id='word_1_214' title='bbox 846 3279 1007 3379; x_wconf 73' lang='lat' dir='ltr'><strong>putrem</strong></span> <span class='ocrx_word' id='word_1_215' title='bbox 1041 3280 1167 3378; x_wconf 78' lang='lat' dir='ltr'><strong>terrens,</strong></span> <span class='ocrx_word' id='word_1_216' title='bbox 1202 3271 1309 3380; x_wconf 80' lang='lat' dir='ltr'><strong>pund</strong></span> <span class='ocrx_word' id='word_1_217' title='bbox 1348 3279 1408 3358; x_wconf 81' lang='lat' dir='ltr'><strong>cst</strong></span> <span class='ocrx_word' id='word_1_218' title='bbox 1430 3272 1612 3378; x_wconf 79' lang='lat' dir='ltr'><strong>primunr</strong></span> <span class='ocrx_word' id='word_1_219' title='bbox 1643 3272 1878 3358; x_wconf 83' lang='lat' dir='ltr'><strong>nrnndntnrn</strong></span> 
     </span>
     <span class='ocr_line' id='line_1_25' title="bbox 461 3405 1875 3518; baseline -0.001 -28"><span class='ocrx_word' id='word_1_220' title='bbox 461 3407 504 3490; x_wconf 83' lang='lat' dir='ltr'><strong>iu</strong></span> <span class='ocrx_word' id='word_1_221' title='bbox 543 3407 663 3514; x_wconf 71' lang='lat' dir='ltr'><strong>lupe?</strong></span> <span class='ocrx_word' id='word_1_222' title='bbox 714 3405 790 3490; x_wconf 78' lang='lat' dir='ltr'><strong>cni</strong></span> <span class='ocrx_word' id='word_1_223' title='bbox 832 3406 1158 3518; x_wconf 86' lang='lat' dir='ltr'><strong>respondendnm</strong></span> <span class='ocrx_word' id='word_1_224' title='bbox 1202 3411 1278 3508; x_wconf 87' lang='lat' dir='ltr'><strong>est,</strong></span> <span class='ocrx_word' id='word_1_225' title='bbox 1323 3405 1421 3516; x_wconf 87' lang='lat' dir='ltr'><strong>quin</strong></span> <span class='ocrx_word' id='word_1_226' title='bbox 1464 3433 1604 3489; x_wconf 85' lang='lat' dir='ltr'><strong>rerum</strong></span> <span class='ocrx_word' id='word_1_227' title='bbox 1642 3410 1727 3507; x_wconf 87' lang='lat' dir='ltr'><strong>est,</strong></span> <span class='ocrx_word' id='word_1_228' title='bbox 1766 3405 1875 3516; x_wconf 90' lang='lat' dir='ltr'><strong>quod</strong></span> 
     </span>
    </p>
   </div>
   <div class='ocr_carea' id='block_1_13' title="bbox 338 3536 1878 3780">
    <p class='ocr_par' dir='ltr' id='par_1_14' title="bbox 338 3536 1878 3780">
     <span class='ocr_line' id='line_1_26' title="bbox 338 3536 1878 3650; baseline -0.003 -26"><span class='ocrx_word' id='word_1_229' title='bbox 338 3637 341 3644; x_wconf 42' lang='grc'>,</span> <span class='ocrx_word' id='word_1_230' title='bbox 393 3601 396 3608; x_wconf 43' lang='lat'><em>1</em></span> <span class='ocrx_word' id='word_1_231' title='bbox 463 3541 512 3626; x_wconf 83' lang='lat' dir='ltr'><strong>n.</strong></span> <span class='ocrx_word' id='word_1_232' title='bbox 529 3537 781 3624; x_wconf 86' lang='lat' dir='ltr'><strong>Benedictus</strong></span> <span class='ocrx_word' id='word_1_233' title='bbox 801 3539 918 3641; x_wconf 87' lang='lat' dir='ltr'><strong>dicit,</strong></span> <span class='ocrx_word' id='word_1_234' title='bbox 946 3539 1123 3650; x_wconf 89' lang='lat' dir='ltr'><strong>primum</strong></span> <span class='ocrx_word' id='word_1_235' title='bbox 1143 3541 1383 3624; x_wconf 82' lang='lat' dir='ltr'><strong>urnudntum</strong></span> <span class='ocrx_word' id='word_1_236' title='bbox 1403 3566 1513 3624; x_wconf 85' lang='lat' dir='ltr'><strong>esse:</strong></span> <span class='ocrx_word' id='word_1_237' title='bbox 1543 3536 1707 3646; x_wconf 80' lang='lat' dir='ltr'><strong>Dilipes</strong></span> <span class='ocrx_word' id='word_1_238' title='bbox 1733 3536 1878 3624; x_wconf 84' lang='lat' dir='ltr'><strong>Durni-</strong></span> 
     </span>
     <span class='ocr_line' id='line_1_27' title="bbox 343 3669 1877 3780; baseline -0.003 -25"><span class='ocrx_word' id='word_1_239' title='bbox 343 3737 346 3744; x_wconf 90' lang='lat'><em>.</em></span> <span class='ocrx_word' id='word_1_240' title='bbox 416 3689 429 3737; x_wconf 83' lang='lat'><strong>’-</strong></span> <span class='ocrx_word' id='word_1_241' title='bbox 459 3697 557 3755; x_wconf 72' lang='lat' dir='ltr'><strong>noenu</strong></span> <span class='ocrx_word' id='word_1_242' title='bbox 596 3670 730 3756; x_wconf 78' lang='lat' dir='ltr'><strong>Deum</strong></span> <span class='ocrx_word' id='word_1_243' title='bbox 767 3681 899 3772; x_wconf 81' lang='lat' dir='ltr'><strong>tunm,</strong></span> <span class='ocrx_word' id='word_1_244' title='bbox 944 3677 987 3755; x_wconf 90' lang='lat' dir='ltr'><strong>et</strong></span> <span class='ocrx_word' id='word_1_245' title='bbox 1027 3698 1167 3756; x_wconf 87' lang='lat' dir='ltr'><strong>verum</strong></span> <span class='ocrx_word' id='word_1_246' title='bbox 1205 3672 1431 3780; x_wconf 70' lang='lat' dir='ltr'><strong>estquod</strong></span> <span class='ocrx_word' id='word_1_247' title='bbox 1480 3669 1631 3754; x_wconf 82' lang='lat' dir='ltr'><strong>Paulus</strong></span> <span class='ocrx_word' id='word_1_248' title='bbox 1667 3669 1877 3780; x_wconf 82' lang='lat' dir='ltr'><strong>spostolus</strong></span> 
     </span>
    </p>
   </div>
   <div class='ocr_carea' id='block_1_14' title="bbox 459 3795 1876 4050">
    <p class='ocr_par' dir='ltr' id='par_1_15' title="bbox 459 3795 1876 4050">
     <span class='ocr_line' id='line_1_28' title="bbox 459 3795 1876 3914; baseline 0 -28"><span class='ocrx_word' id='word_1_249' title='bbox 459 3805 573 3904; x_wconf 84' lang='lat' dir='ltr'><strong>dicit,</strong></span> <span class='ocrx_word' id='word_1_250' title='bbox 613 3804 789 3914; x_wconf 86' lang='lat' dir='ltr'><strong>primum</strong></span> <span class='ocrx_word' id='word_1_251' title='bbox 821 3803 1059 3888; x_wconf 77' lang='lat' dir='ltr'><strong>mundatum</strong></span> <span class='ocrx_word' id='word_1_252' title='bbox 1095 3831 1206 3890; x_wconf 83' lang='lat' dir='ltr'><strong>esso:</strong></span> <span class='ocrx_word' id='word_1_253' title='bbox 1263 3803 1434 3908; x_wconf 80' lang='lat' dir='ltr'><strong>Iloncru</strong></span> <span class='ocrx_word' id='word_1_254' title='bbox 1460 3809 1620 3908; x_wconf 77' lang='lat' dir='ltr'><strong>purtrcrn</strong></span> <span class='ocrx_word' id='word_1_255' title='bbox 1646 3809 1770 3888; x_wconf 86' lang='lat' dir='ltr'><strong>trnnn.</strong></span> <span class='ocrx_word' id='word_1_256' title='bbox 1816 3795 1876 3886; x_wconf 77' lang='lat' dir='ltr'><strong>&#39;Ac</strong></span> 
     </span>
     <span class='ocr_line' id='line_1_29' title="bbox 461 3934 1875 4050; baseline -0.001 -30"><span class='ocrx_word' id='word_1_257' title='bbox 461 3965 533 4050; x_wconf 86' lang='lat' dir='ltr'><strong>pur</strong></span> <span class='ocrx_word' id='word_1_258' title='bbox 572 3936 650 4022; x_wconf 85' lang='lat' dir='ltr'><strong>hnc</strong></span> <span class='ocrx_word' id='word_1_259' title='bbox 691 3940 892 4046; x_wconf 80' lang='lat' dir='ltr'><strong>quantum</strong></span> <span class='ocrx_word' id='word_1_260' title='bbox 935 3939 986 4022; x_wconf 87' lang='lat' dir='ltr'><strong>nd</strong></span> <span class='ocrx_word' id='word_1_261' title='bbox 1033 3936 1171 4022; x_wconf 86' lang='lat' dir='ltr'><strong>decem</strong></span> <span class='ocrx_word' id='word_1_262' title='bbox 1224 3942 1443 4048; x_wconf 81' lang='lat' dir='ltr'><strong>praecepta</strong></span> <span class='ocrx_word' id='word_1_263' title='bbox 1485 3934 1661 4040; x_wconf 88' lang='lat' dir='ltr'><strong>nttiuet,</strong></span> <span class='ocrx_word' id='word_1_264' title='bbox 1699 3935 1875 4046; x_wconf 89' lang='lat' dir='ltr'><strong>primum</strong></span> 
     </span>
    </p>
   </div>
   <div class='ocr_carea' id='block_1_15' title="bbox 254 4067 1972 4444">
    <p class='ocr_par' dir='ltr' id='par_1_16' title="bbox 254 4067 1972 4444">
     <span class='ocr_line' id='line_1_30' title="bbox 254 4067 1878 4178; baseline -0.001 -26"><span class='ocrx_word' id='word_1_265' title='bbox 254 4069 257 4076; x_wconf 76' lang='grc'><em>’</em></span> <span class='ocrx_word' id='word_1_266' title='bbox 361 4135 371 4152; x_wconf 65' lang='grc'><strong>.,</strong></span> <span class='ocrx_word' id='word_1_267' title='bbox 462 4067 703 4152; x_wconf 80' lang='lat' dir='ltr'><strong>rnmrdntum</strong></span> <span class='ocrx_word' id='word_1_268' title='bbox 754 4072 841 4155; x_wconf 82' lang='lat' dir='ltr'><strong>est:</strong></span> <span class='ocrx_word' id='word_1_269' title='bbox 897 4069 1059 4178; x_wconf 79' lang='lat' dir='ltr'><strong>Dilipes</strong></span> <span class='ocrx_word' id='word_1_270' title='bbox 1112 4067 1333 4156; x_wconf 86' lang='lat' dir='ltr'><strong>Dominum</strong></span> <span class='ocrx_word' id='word_1_271' title='bbox 1387 4067 1711 4174; x_wconf 68' lang='lat' dir='ltr'><strong>morannum,</strong></span> <span class='ocrx_word' id='word_1_272' title='bbox 1771 4070 1878 4153; x_wconf 86' lang='lat' dir='ltr'><strong>sicut</strong></span> 
     </span>
     <span class='ocr_line' id='line_1_31' title="bbox 299 4199 1877 4312; baseline -0.003 -25"><span class='ocrx_word' id='word_1_273' title='bbox 299 4294 302 4302; x_wconf 59' lang='grc'><strong><em>,</em></strong></span> <span class='ocrx_word' id='word_1_274' title='bbox 460 4205 502 4290; x_wconf 72' lang='grc' dir='ltr'><strong>ὃ.</strong></span> <span class='ocrx_word' id='word_1_275' title='bbox 533 4199 781 4286; x_wconf 80' lang='lat' dir='ltr'><strong>Benedictus</strong></span> <span class='ocrx_word' id='word_1_276' title='bbox 818 4201 931 4288; x_wconf 88' lang='lat' dir='ltr'><strong>dicit.</strong></span> <span class='ocrx_word' id='word_1_277' title='bbox 988 4200 1043 4284; x_wconf 84' lang='lat' dir='ltr'><strong>Et</strong></span> <span class='ocrx_word' id='word_1_278' title='bbox 1071 4201 1218 4284; x_wconf 87' lang='lat' dir='ltr'><strong>iternm</strong></span> <span class='ocrx_word' id='word_1_279' title='bbox 1249 4202 1454 4312; x_wconf 76' lang='lat' dir='ltr'><strong>qnantum</strong></span> <span class='ocrx_word' id='word_1_280' title='bbox 1480 4200 1534 4284; x_wconf 86' lang='lat' dir='ltr'><strong>nd</strong></span> <span class='ocrx_word' id='word_1_281' title='bbox 1562 4206 1719 4310; x_wconf 79' lang='lat' dir='ltr'><strong>septem</strong></span> <span class='ocrx_word' id='word_1_282' title='bbox 1757 4229 1877 4310; x_wconf 81' lang='lat' dir='ltr'><strong>prue-</strong></span> 
     </span>
     <span class='ocr_line' id='line_1_32' title="bbox 314 4330 1972 4444; baseline -0.004 -25"><span class='ocrx_word' id='word_1_283' title='bbox 314 4355 318 4362; x_wconf 74' lang='grc'><em>’</em></span> <span class='ocrx_word' id='word_1_284' title='bbox 361 4359 365 4368; x_wconf 89' lang='grc'><em>·</em></span> <span class='ocrx_word' id='word_1_285' title='bbox 460 4341 581 4444; x_wconf 87' lang='lat' dir='ltr'><strong>cepto</strong></span> <span class='ocrx_word' id='word_1_286' title='bbox 634 4335 813 4434; x_wconf 81' lang='lat' dir='ltr'><strong>attinet,</strong></span> <span class='ocrx_word' id='word_1_287' title='bbox 875 4362 980 4442; x_wconf 85' lang='lat' dir='ltr'><strong>qnae</strong></span> <span class='ocrx_word' id='word_1_288' title='bbox 1028 4332 1194 4440; x_wconf 80' lang='lat' dir='ltr'><strong>scriptu¹</strong></span> <span class='ocrx_word' id='word_1_289' title='bbox 1233 4340 1333 4436; x_wconf 88' lang='lat' dir='ltr'><strong>suut</strong></span> <span class='ocrx_word' id='word_1_290' title='bbox 1390 4330 1436 4413; x_wconf 91' lang='lat' dir='ltr'><strong>in</strong></span> <span class='ocrx_word' id='word_1_291' title='bbox 1493 4331 1672 4416; x_wconf 78' lang='lat' dir='ltr'><strong>secundo</strong></span> <span class='ocrx_word' id='word_1_292' title='bbox 1721 4332 1874 4426; x_wconf 73' lang='lat' dir='ltr'><strong>tabule,</strong></span> <span class='ocrx_word' id='word_1_293' title='bbox 1966 4341 1972 4352; x_wconf 86' lang='lat'>&#39;</span> 
     </span>
    </p>
   </div>
   <div class='ocr_carea' id='block_1_16' title="bbox 461 4453 1940 4574">
    <p class='ocr_par' dir='ltr' id='par_1_17' title="bbox 461 4453 1940 4574">
     <span class='ocr_line' id='line_1_33' title="bbox 461 4453 1940 4574; baseline 0 -30"><span class='ocrx_word' id='word_1_294' title='bbox 461 4465 638 4574; x_wconf 88' lang='lat' dir='ltr'><strong>primum</strong></span> <span class='ocrx_word' id='word_1_295' title='bbox 677 4464 918 4547; x_wconf 83' lang='lat' dir='ltr'><strong>ruundntmu</strong></span> <span class='ocrx_word' id='word_1_296' title='bbox 948 4467 1032 4548; x_wconf 83' lang='lat' dir='ltr'><strong>ost:</strong></span> <span class='ocrx_word' id='word_1_297' title='bbox 1081 4453 1252 4550; x_wconf 81' lang='lat' dir='ltr'><strong>Honora</strong></span> <span class='ocrx_word' id='word_1_298' title='bbox 1273 4471 1436 4568; x_wconf 83' lang='lat' dir='ltr'><strong>putrem</strong></span> <span class='ocrx_word' id='word_1_299' title='bbox 1469 4471 1592 4549; x_wconf 79' lang='lat' dir='ltr'><strong>trrrrnr.</strong></span> <span class='ocrx_word' id='word_1_300' title='bbox 1651 4461 1758 4546; x_wconf 87' lang='lat' dir='ltr'><strong>Nam</strong></span> <span class='ocrx_word' id='word_1_301' title='bbox 1787 4463 1876 4572; x_wconf 86' lang='lat' dir='ltr'><strong>ipsu</strong></span> <span class='ocrx_word' id='word_1_302' title='bbox 1933 4488 1940 4500; x_wconf 93' lang='lat'><em>·</em></span> 
     </span>
    </p>
   </div>
   <div class='ocr_carea' id='block_1_17' title="bbox 283 4587 1886 4833">
    <p class='ocr_par' dir='ltr' id='par_1_18' title="bbox 283 4587 1886 4833">
     <span class='ocr_line' id='line_1_34' title="bbox 283 4587 1876 4705; baseline -0.003 -28"><span class='ocrx_word' id='word_1_303' title='bbox 283 4587 288 4596; x_wconf 76' lang='grc'><strong>’</strong></span> <span class='ocrx_word' id='word_1_304' title='bbox 462 4596 600 4680; x_wconf 86' lang='lat' dir='ltr'><strong>decem</strong></span> <span class='ocrx_word' id='word_1_305' title='bbox 632 4598 853 4705; x_wconf 76' lang='lat' dir='ltr'><strong>praecepte</strong></span> <span class='ocrx_word' id='word_1_306' title='bbox 881 4594 941 4677; x_wconf 84' lang='lat' dir='ltr'><strong>ito</strong></span> <span class='ocrx_word' id='word_1_307' title='bbox 969 4593 1165 4678; x_wconf 84' lang='lat' dir='ltr'><strong>distinctu</strong></span> <span class='ocrx_word' id='word_1_308' title='bbox 1192 4598 1291 4680; x_wconf 90' lang='lat' dir='ltr'><strong>sunt</strong></span> <span class='ocrx_word' id='word_1_309' title='bbox 1318 4594 1363 4677; x_wconf 90' lang='lat' dir='ltr'><strong>in</strong></span> <span class='ocrx_word' id='word_1_310' title='bbox 1383 4593 1542 4678; x_wconf 83' lang='lat' dir='ltr'><strong>duobus</strong></span> <span class='ocrx_word' id='word_1_311' title='bbox 1565 4593 1741 4678; x_wconf 76' lang='lat' dir='ltr'><strong>tubulis:</strong></span> <span class='ocrx_word' id='word_1_312' title='bbox 1771 4622 1876 4701; x_wconf 82' lang='lat' dir='ltr'><strong>qnae</strong></span> 
     </span>
     <span class='ocr_line' id='line_1_35' title="bbox 328 4719 1886 4833; baseline -0.001 -25"><span class='ocrx_word' id='word_1_313' title='bbox 328 4735 332 4744; x_wconf 84' lang='lat'>&#39;</span> <span class='ocrx_word' id='word_1_314' title='bbox 387 4799 401 4810; x_wconf 85' lang='lat'><em>.</em></span> <span class='ocrx_word' id='word_1_315' title='bbox 459 4725 643 4808; x_wconf 80' lang='lat' dir='ltr'><strong>attinent</strong></span> <span class='ocrx_word' id='word_1_316' title='bbox 670 4724 723 4807; x_wconf 87' lang='lat' dir='ltr'><strong>ud</strong></span> <span class='ocrx_word' id='word_1_317' title='bbox 751 4719 1012 4833; x_wconf 87' lang='lat' dir='ltr'><strong>dilectionem</strong></span> <span class='ocrx_word' id='word_1_318' title='bbox 1043 4721 1133 4826; x_wconf 89' lang='lat' dir='ltr'><strong>Dei,</strong></span> <span class='ocrx_word' id='word_1_319' title='bbox 1169 4723 1326 4832; x_wconf 85' lang='lat' dir='ltr'><strong>scriptu</strong></span> <span class='ocrx_word' id='word_1_320' title='bbox 1363 4725 1530 4807; x_wconf 87' lang='lat' dir='ltr'><strong>suntin</strong></span> <span class='ocrx_word' id='word_1_321' title='bbox 1559 4723 1886 4832; x_wconf 74' lang='lat' dir='ltr'><strong>primatubuln,</strong></span> 
     </span>
    </p>
   </div>
   <div class='ocr_carea' id='block_1_18' title="bbox 462 4852 1874 4980">
    <p class='ocr_par' dir='ltr' id='par_1_19' title="bbox 462 4852 1874 4980">
     <span class='ocr_line' id='line_1_36' title="bbox 462 4852 1874 4980; baseline -0.002 -41"><span class='ocrx_word' id='word_1_322' title='bbox 462 4857 620 4964; x_wconf 79' lang='lat' dir='ltr'><strong>relique</strong></span> <span class='ocrx_word' id='word_1_323' title='bbox 647 4882 746 4940; x_wconf 84' lang='lat' dir='ltr'><strong>vcro</strong></span> <span class='ocrx_word' id='word_1_324' title='bbox 773 4861 944 4980; x_wconf 84' lang='lat' dir='ltr'><strong>septem,</strong></span> <span class='ocrx_word' id='word_1_325' title='bbox 973 4881 1078 4964; x_wconf 88' lang='lat' dir='ltr'><strong>qune</strong></span> <span class='ocrx_word' id='word_1_326' title='bbox 1105 4853 1288 4938; x_wconf 83' lang='lat' dir='ltr'><strong>attinent</strong></span> <span class='ocrx_word' id='word_1_327' title='bbox 1314 4853 1366 4937; x_wconf 85' lang='lat' dir='ltr'><strong>nd</strong></span> <span class='ocrx_word' id='word_1_328' title='bbox 1395 4852 1655 4939; x_wconf 88' lang='lat' dir='ltr'><strong>dilectionem</strong></span> <span class='ocrx_word' id='word_1_329' title='bbox 1684 4854 1874 4966; x_wconf 88' lang='lat' dir='ltr'><strong>proximi,</strong></span> 
     </span>
    </p>
   </div>
   <div class='ocr_carea' id='block_1_19' title="bbox 460 5049 722 5062">
    <p class='ocr_par' dir='ltr' id='par_1_20' title="bbox 460 5049 722 5062">
     <span class='ocr_line' id='line_1_37' title="bbox 460 5049 722 5062; baseline -0.019 0"><span class='ocrx_word' id='word_1_330' title='bbox 460 5049 722 5062; x_wconf 56' lang='lat' dir='ltr'><strong>..u-—o—-a—*n-</strong></span> 
     </span>
    </p>
   </div>
   <div class='ocr_carea' id='block_1_20' title="bbox 485 5095 1752 5250">
    <p class='ocr_par' dir='ltr' id='par_1_21' title="bbox 485 5095 1752 5250">
     <span class='ocr_line' id='line_1_38' title="bbox 485 5095 1752 5250; baseline -0.002 -36"><span class='ocrx_word' id='word_1_331' title='bbox 485 5149 490 5156; x_wconf 86' lang='lat'>&#39;</span> <span class='ocrx_word' id='word_1_332' title='bbox 553 5149 579 5240; x_wconf 91' lang='grc' dir='ltr'><strong>Ι)</strong></span> <span class='ocrx_word' id='word_1_333' title='bbox 601 5143 717 5216; x_wconf 72' lang='lat' dir='ltr'><strong>nitore</strong></span> <span class='ocrx_word' id='word_1_334' title='bbox 738 5095 939 5214; x_wconf 77' lang='lat' dir='ltr'><strong>sentcntiae</strong></span> <span class='ocrx_word' id='word_1_335' title='bbox 960 5161 1043 5232; x_wconf 82' lang='lat' dir='ltr'><strong>pore</strong></span> <span class='ocrx_word' id='word_1_336' title='bbox 1062 5163 1125 5250; x_wconf 15' lang='lat' dir='ltr'><strong>&#39;sen</strong></span> <span class='ocrx_word' id='word_1_337' title='bbox 1149 5137 1327 5218; x_wconf 62' lang='grc' dir='ltr'><strong>ἀπόδοσις</strong></span> <span class='ocrx_word' id='word_1_338' title='bbox 1348 5140 1480 5212; x_wconf 78' lang='lat' dir='ltr'><strong>omissa</strong></span> <span class='ocrx_word' id='word_1_339' title='bbox 1500 5162 1578 5214; x_wconf 86' lang='lat' dir='ltr'><strong>esre</strong></span> <span class='ocrx_word' id='word_1_340' title='bbox 1598 5139 1752 5214; x_wconf 83' lang='lat' dir='ltr'><strong>ridetur.</strong></span> 
     </span>
    </p>
   </div>
   <div class='ocr_carea' id='block_1_21' title="bbox 0 0 2170 5750">
    <p class='ocr_par' dir='ltr' id='par_1_22' title="bbox 0 0 2170 5750">
     <span class='ocr_line' id='line_1_39' title="bbox 0 0 2170 5750; baseline 0 0"><span class='ocrx_word' id='word_1_341' title='bbox 0 0 2170 5750; x_wconf 95' lang='lat' dir='ltr'><strong> </strong></span> 
     </span>
    </p>
   </div>
  </div>
 </body>
</html>
