4334 5750
928 299 1014 420 Ore·
1038 297 1100 372 1v.
1637 307 1715 390 147

306 529 399 640 ruric
427 522 538 608 aliud
558 549 709 604 ,sarnus
749 548 822 630 per
853 524 1066 630 peccatum
1106 520 1234 631 lapsi,
1277 521 1387 607 aliud
1426 550 1498 634 per
1526 527 1716 608 naturane

234 663 253 738 ‘.
304 654 483 756 (raediti,
526 653 635 737 uliud
659 650 1001 761 quedlecnnns,
1046 649 1159 736 alind
1189 656 1297 764 (qued
1327 657 1424 742 lacti
1453 686 1603 743 srunns.
1664 654 1718 738 llt

287 793 405 900 'lnnre
433 785 555 871 dieite
586 783 785 890 ulrrrennre
813 781 1082 886 errarelinsnru,
1113 781 1209 892 quia
1231 787 1308 870 uisi
1337 787 1426 898 quis
1450 817 1473 872 n
1497 786 1716 896 semetipso
1800 883 1802 886 ,
1921 814 1926 824 ¹

219 911 224 920 ’
305 917 476 1018 «inliciat,
515 915 566 1001 ud
596 944 703 1014 curn,
746 914 815 1023 qni
846 941 969 1024 super
997 914 1130 1022 ipsura
1160 921 1247 1019 est,
1289 947 1371 1002 rruu
1402 917 1718 1030 appropinquat,

182 1125 184 1130 .
306 1079 376 1132 nae
407 1047 514 1132 ualet
543 1045 863 1156 uqqnebernleru,
905 1045 1014 1156 (qued
1047 1047 1155 1132 ultra
1183 1047 1316 1158 ipsnnr
1346 1055 1422 1150 rest,
1461 1045 1496 1134 si
1527 1045 1718 1132 nescierit

260 1203 263 1207 ’
305 1185 500 1280 ruacture,
542 1178 649 1288 anrd
682 1184 755 1260 est.
813 1177 880 1261 Sic
909 1185 952 1262 et
993 1179 1150 1266 alernrn
1189 1182 1354 1290 plautus
1394 1181 1719 1290 transponuntur

304 1317 438 1424 atque,
479 1315 524 1390 nt
553 1310 613 1393 ita
642 1308 828 1403 dixerim,
868 1309 1143 1414 eradicantur,
1173 1317 1220 1396 nt
1248 1315 1445 1396 crescant.
1504 1308 1616 1419 llrgo
1646 1309 1718 1392 ab·

305 1469 495 1552 uegrunus
548 1439 838 1548 rrnurrutipscs,
879 1445 1019 1551 quales
1071 1442 1278 1553 peccando
1321 1469 1394 1525 nos
1438 1441 1632 1544 fecimus,
1676 1444 1719 1522 et
1772 1485 1776 1492 ·

304 1601 535 1660 rnarwaurns
589 1572 852 1681 nesuretipsi,
893 1574 1032 1682 qrrales
1087 1573 1158 1686 p'er
1198 1573 1376 1684 gratiam
1420 1571 1517 1658 l'ceti
1560 1600 1713 1658 suinae.

308 1705 420 1790 llude
449 1705 670 1814 dicitnr:¹)
708 1702 825 1789 Vna
852 1705 1014 1813 irrqrinr,
1043 1715 1081 1792 et
1107 1732 1187 1792 recu
1215 1711 1355 1808 aaran
1384 1702 1569 1791 conversi
1599 1731 1718 1788 rrnrn·

303 1869 380 1952 que
428 1838 540 1952 lurpii
583 1867 666 1923 nou
706 1843 847 1941 eruut,
902 1867 984 1923 nou
1025 1837 1121 1949 quia
1162 1837 1331 1926 ornninc
1365 1837 1624 1962 'nouerant
1674 1835 1717 1920 iu

303 1969 486 2072 essentia,
516 1971 587 2055 red
610 1971 766 2056 scilieet
786 1997 869 2056 non
899 1977 1020 2058 eruut
1035 1971 1079 2058 iu
1103 1971 1328 2091 impietatis
1344 1963 1487 2082 culpas
1521 1967 1588 2055 Sic
1608 1967 1716 2056 eninr

306 2104 452 2188 l'aulns
481 2131 507 2188 a
535 2103 754 2214 seruetipse
784 2101 906 2188 dicit:
960 2100 1059 2188 Vico
1099 2111 1230 2189 crateae
1260 2105 1355 2210 jura
1390 2127 1471 2188 nou
1506 2125 1588 2210 cqc,
1623 2099 1719 2186 vicit

302 2236 341 2317 in
373 2261 435 2318 rue
468 2235 668 2319 (laist-na
726 2233 963 2321 Exstinctns
1001 2237 1156 2348 qnippe
1185 2223 1319 2323 l'nerbt
1346 2263 1492 2320 saeuus
1526 2233 1596 2318 ille
1625 2263 1718 2345 per·

305 2373 463 2449 seerrtnr
500 2374 556 2462 et,
584 2366 717 2451 uiuere
756 2373 949 2480 coeperat
986 2368 1076 2477 pius
1116 2367 1399 2480 praedicator·;
1436 2393 1484 2452 ac
1513 2363 1546 2448 si
1577 2370 1718 2476 apertu

302 2498 426 2582 dicat:
472 2496 560 2610 ligo
591 2498 806 2608 quidenna
837 2499 1077 2611 rnernetlpse
1107 2501 1333 2585 exstinctus
1362 2528 1465 2601 suna
1504 2497 1601 2608 quic
1628 2523 1717 2583 ccr-

302 2631 448 2714 ualiter
477 2659 559 2715 nen
591 2634 697 2728 rivo,
726 2632 796 2717 sed
826 2639 966 2717 turneu
996 2633 1270 2720 essentialiter
1298 2638 1483 2719 mortuns
1514 2645 1717 2731 uorr'snrn,
1828 2651 1831 2658 ·

238 2767 242 2780 ’
277 2763 395 2870 ‘quia
434 2763 475 2846 in
514 2763 677 2849 (iluisto
716 2766 959 2876 spiritaliter
1005 2765 1109 2852 viro.
1168 2767 1285 2851 Duae
1327 2767 1449 2851 enim·
1479 2765 1566 2849 riae
1606 2769 1716 2866 sunt,
1844 2813 1847 2824 ·

304 2921 380 2974 uua
415 2900 476 2977 est
517 2896 664 2992 veteris
707 2897 842 3000 Adae,
885 2899 1024 2982 altera'
1044 2906 1106 2982 est
1134 2899 1253 3001 neri,
1285 2899 1317 3017 j.
1347 2927 1381 2981 e.
1411 2893 1586 2999 Christi,
1633 2925 1714 2981 una

302 3029 373 3124 eat,
402 3051 506 3134 (urae
536 3023 651 3111 ducit
667 3027 732 3112 ad
761 3029 981 3130 ird'errnun,
1011 3031 1143 3114 altera
1163 3035 1238 3135 est,
1267 3017 1373 3139 qinee
1395 3027 1509 3114 ducit
1523 3028 1574 3112 ad
1600 3057 1720 3137 paru·

302 3153 441 3237 «tiaran.
501 3153 591 3240 Nisi
632 3159 832 3244 dimiserit
872 3167 945 3244 aut
984 3161 1195 3272 reliquerit
1229 3161 1349 3262 riarn,
1390 3187 1495 3268 (qnae
1524 3159 1637 3244 ducit
1665 3159 1715 3244 ad

307 3286 588 3394 perditionem,
630 3290 742 3399 prius
774 3292 1051 3404 unusquisqne
1081 3294 1255 3403 quilibet
1284 3291 1553 3397 Christianus,
1582 3291 1717 3377 nulle·
1777 3283 1786 3299 ’

302 3418 421 3501 ruodo
450 3417 632 3531 abnegat
661 3423 852 3534 seipsum.
892 3425 1050 3511 Deinde
1079 3432 1275 3536 tanquam
1306 3427 1341 3510 si
1369 3425 1423 3510 ab
1452 3453 1501 3509 eo
1529 3425 1717 3536 protinus

303 3575 462 3634 creusam
504 3552 875 3639 abrenuntiationis
924 3563 1139 3667 (quaereret
1181 3557 1348 3668 aliquis,
1400 3585 1526 3667 quare
1568 3557 1717 3642 debeat

302 3680 389 3788 quis
417 3677 708 3768 abrenuntiare
729 3687 920 3796 scipsum,
952 3689 1188 3800 subjunxit:
1219 3695 1262 3772 ut
1284 3694 1475 3804 sequatur
1498 3685 1715 3790 Olarietrnn,

301 3837 346 3891 ac
374 3809 407 3892 si
437 3810 591 3899 diceret
619 3813 710 3898 aliis
740 3819 897 3906 verbis:
929 3819 1006 3904 uisi
1046 3820 1138 3932 quis
1179 3817 1391 3928 reliquerit
1420 3818 1526 3900 riam
1568 3817 1716 3920 ueteris
1802 3843 1803 3850 ¹

301 3939 422 4042 uduo,
458 3971 563 4053 quae
603 3944 719 4031 ducit
751 3948 802 4033 ad
831 3949 1057 4053 interitum,
1099 3975 1356 4060 nequaqnam
1396 3947 1550 4058 poterit
1578 3946 1716 4032 venire

301 4071 349 4155 ad
389 4073 609 4180 Christum,
650 4083 693 4163 et
731 4080 824 4165 ideo
865 4081 987 4165 debet
1025 4080 1288 4192 semetipsum
1318 4079 1556 4191 abnegare,
1579 4084 1626 4163 ut
1654 4108 1717 4162 se·

301 4214 448 4313 <quatur
474 4207 693 4299 Christum.
755 4209 967 4314 carasca,
996 4210 1094 4322 quia
1122 4207 1317 4322 graecum
1347 4218 1422 4318 est,
1459 4239 1533 4324 per
1559 4239 1587 4314 χ
1616 4213 1716 4296 scri·

303 4335 477 4423 bendum
506 4345 590 4446 est,
618 4340 678 4426 ita
707 4347 748 4429 et
778 4341 979 4442 clericatur
1010 4343 1149 4429 multis
1177 4373 1354 4456 namque
1382 4343 1512 4430 nrodis
1528 4341 1714 4428 Christus

300 4467 492 4576 appellari
523 4471 567 4556 in
596 4473 808 4584 seripturis
833 4473 1045 4560 inuenitur
1068 4474 1242 4576 divinia
1271 4504 1365 4561 nam
1385 4473 1471 4588 ipse
1489 4473 1565 4562 Dei
1582 4473 1715 4558 Patris

300 4599 534 4709 unigenitus
571 4603 679 4690 filius
719 4603 819 4710 Dei,
859 4601 958 4692 'dnm
1001 4611 1107 4694 essct
1149 4607 1330 4718 aequalis
1371 4606 1505 4707 Petri,
1547 4611 1716 4714 prepter

299 4729 469 4817 salntem
509 4741 692 4823 nostram
735 4737 908 4826 formam
948 4736 1052 4821 servi
1094 4741 1276 4850 aceepit;
1315 4738 1487 4850 proinde
1514 4735 1713 4848 quaedam

300 4865 464 4952 nentina
498 4870 540 4952 iu
581 4867 653 4954 illo
695 4897 744 4952 ex
783 4868 1011 4956 divinitatis
1040 4870 1283 4974 substantia,
1323 4870 1524 4981 quaedum
1551 4896 1602 4952 cx
1631 4865 1715 4952 dis·
1816 4967 1817 4970 Ν

300 4996 535 5102 pensatione
576 5015 787 5111 susceptae
829 5000 1099 5088 humanitatis
1140 5005 1322 5110 maneta
1358 5005 1470 5087 eunt.
1527 4997 1730 5086 Christus·
1755 4985 1782 5036 '⁴
1836 5099 1839 5110 Ι

302 5181 558 5204 m.-

385 5283 411 5371 Ι)
436 5279 598 5356 Proverb.
622 5284 677 5367 u,
701 5284 733 5355 7.

1446 5394 1520 5517 ru*
1567 5367 1569 5372 ’
