3930 5788
89 179 168 226 ⁸⁹
300 237 383 324 588
831 259 834 270 ’
898 233 1133 332 &effli-
1212 253 1222 276 '

152 431 165 456 ⁸
302 451 411 542 Nam
440 451 546 540 uibii
575 438 735 566 turpius
761 457 838 560 eet,
866 484 990 568 quam
1018 457 1053 542 ei
1082 457 1260 588 bonum,
1287 455 1398 568 quod
1426 458 1602 570 quique
1626 487 1711 544 oer-

301 611 424 670 moue
451 585 675 696 praedicat,
702 586 868 697 expiere
895 585 1089 697 operibus
1114 587 1318 700 uegbgutr
1349 589 1449 674 tuu'o
1469 588 1578 672 euim
1600 617 1714 698 prae·

251 727 255 734 '
299 715 454 830 dicatio
499 717 659 804 utiliter
704 719 935 829 profertur,
979 716 1163 830 quaudo·
1190 718 1410 812 eitimuiter
1454 717 1711 829 adimpletur.

114 852 132 888 “
301 849 594 960 Unusquisque
628 849 775 937 doctor
812 855 857 934 et
894 849 1026 936 bonae
1060 849 1234 976 aetiouia
1272 856 1316 934 et
1346 849 1479 946 boum
1506 849 1712 958 pmedioa·

53 1085 57 1092 ,
133 985 136 991 ’
175 990 179 998 ’
300 980 427 1065 tiouie
455 978 607 1068 babere
636 980 758 1067 debet
784 979 988 1082 studium
1018 1009 1114 1066 uam
1141 980 1318 1066 alterum
1353 980 1444 1066 eine
1471 980 1604 1066 altero
1631 1008 1712 1066 nou

300 1111 401 1196 iacit
429 1110 684 1222 perfeetum,
713 1111 783 1196 aed
813 1113 1041 1222 praecedit,
1066 1114 1223 1223 justum
1261 1111 1366 1196 bene
1404 1139 1548 1226 agere,
1577 1113 1626 1194 ut
1650 1139 1714 1238 ae·

299 1247 477 1369 quanter
505 1241 610 1327 bena
637 1245 767 1354 possit
795 1244 955 1334 dooere.
1011 1243 1129 1329 Siout
1156 1243 1199 1328 iu
1228 1243 1476 1330 numismate
1504 1241 1712 1328 metullum

302 1381 345 1457 et
373 1373 507 1484 figura
535 1377 578 1458 et
607 1375 768 1484 pondua
796 1375 1039 1486 inquiritur,
1067 1375 1127 1460 ita
1164 1376 1208 1460 in
1243 1377 1356 1464 omui
1384 1377 1554 1462 doctore
1586 1372 1714 1457 eaoie·

140 1601 143 1607 v
299 1503 489 1606 aiaatioo,
517 1505 616 1614 quid
645 1511 864 1615 sequatur,
892 1508 992 1618 quid
1021 1506 1193 1608 dooeat,
1222 1508 1429 1616 quomodo
1458 1507 1582 1590 uiuat.
1639 1503 1715 1588 Per

39 1651 92 1724 '.
182 1671 232 1744 Ι·
299 1635 542 1744 qualitatem
580 1635 711 1746 igitur
749 1637 906 1722 metalli
943 1637 1154 1740 deotriua,
1183 1665 1257 1746 per
1284 1639 1461 1748 figuram
1489 1633 1734 1720 similitudo,

299 1769 478 1875 patrum,
508 1793 582 1878 per
609 1759 771 1875 pondua
799 1767 1012 1854 humilitus
1040 1768 1291 1881 designatur.
1333 1769 1413 1870 Qui
1444 1795 1540 1853 uero
1567 1767 1621 1852 ab
1650 1763 1714 1848 bis

298 1896 435 1980 tribus¹
461 1881 766 2006 discrepaberit,
795 1927 880 1984 uon
908 1901 1134 2001 metallum,
1162 1900 1233 1984 sed
1262 1905 1373 1984 tarra
1400 1899 1491 1984 erit.
1504 1898 1536 2009 ¹)

412 2027 630 2139 Sequitur:
679 2027 864 2136 Groutruu,
902 2030 1103 2134 sobrium,
1145 2031 1455 2134 inisericordoou,
1495 2036 1714 2133 aucupe

298 2158 570 2266 oujmreuoltet
597 2158 918 2246 noiuroioordiruu
939 2161 1111 2268 judicio,
1141 2169 1183 2246 ut
1205 2163 1311 2246 idua
1334 2162 1422 2268 ipso
1438 2165 1712 2267 consequatur.

124 2289 127 2298 ’
301 2287 418 2376 letud
458 2289 594 2398 euim,
622 2290 733 2402 quod
772 2290 874 2377 diait
908 2299 1060 2378 orosium
1094 2341 1138 2358 -
1172 2293 1260 2404 ipse
1295 2298 1433 2378 aaetua
1470 2291 1716 2402 appellatur,

300 2423 374 2533 qui
412 2426 507 2534 post
546 2423 892 2535 perpetrationem
932 2424 1095 2542 aoeieria
1133 2453 1177 2510 ae
1216 2419 1416 2512 eontinet.
1473 2423 1711 2510 Notandum

303 2558 378 2660 eat,
407 2554 504 2663 quia
532 2553 565 2635 ei
595 2561 692 2638 aute
719 2547 975 2666 perpetrarit
1001 2556 1102 2668 iliud
1127 2556 1287 2659 uitium,
1318 2557 1446 2642 abbae
1462 2558 1598 2668 puteat
1618 2582 1716 2654 uase,

302 2714 351 2770 eo
388 2685 499 2796 quod
537 2687 781 2773 sacrificium
817 2689 944 2774 abbae
982 2689 1036 2775 ob
1074 2688 1175 2790 boo,
1207 2690 1305 2800 quia
1344 2689 1474 2773 abbae
1510 2694 1595 2793 eet,
1635 2683 1731 2770 nou’

304 2806 440 2908 oit'ert.
482 2817 590 2905 Nam
613 2820 844 2906 differentia
867 2825 932 2905 est
953 2822 1065 2907 iuter
1086 2822 1316 2907 ouantem
1346 2828 1389 2906 et
1406 2819 1717 2918 continentiam,

144 2963 153 2982 ‘
301 2950 408 3036 siout
435 2951 535 3038 dicit
554 2953 768 3040 cassianus
796 2955 989 3056 inlibris,
1016 2954 1089 3064 qui
1107 2953 1159 3040 de
1177 2959 1274 3040 octo
1295 2954 1404 3039 uitiis
1426 2944 1733 3062 continuerat

146 3105 150 3114 ’
301 3083 381 3168 hoc
412 3084 557 3172 ruodo:
601 3085 893 3173 Noooootuoueu
921 3087 1246 3197 eoloooueyore
1275 3094 1526 3194 rumpuat.
1558 3151 1569 3172 .
1598 3085 1717 3174 ‚rdi-
1770 3095 1773 3100 “

299 3217 462 3321 qrroudo
484 3215 655 3300 turbari.
666 3219 704 3324 ³)
761 3216 883 3303 Nune
914 3218 1132 3302 uidendum
1161 3223 1236 3320 eet,
1264 3247 1391 3326 quare
1420 3220 1532 3328 priua
1560 3221 1716 3300 matum

302 3343 404 3428 dicit
433 3345 475 3430 S.
504 3343 754 3432 Benedictus
782 3357 824 3430 et
854 3375 935 3434 uon
964 3350 1107 3434 atiud?
1143 3350 1242 3458 qnia
1280 3348 1441 3432 nntium
1479 3347 1624 3432 uit-inm
1661 3345 1718 3428 ita
1892 3396 1902 3441 r

134 3570 138 3582 ἱ
302 3480 366 3558 eat
402 3473 491 3560 Deo
530 3477 831 3582 abominabile,
861 3482 1070 3590 quomodo
1111 3477 1373 3564 immunditie
1404 3477 1650 3588 corporalia,
1677 3481 1719 3562 et

54 3611 75 3622 ““
238 3649 241 3658 ·
304 3602 359 3687 ob
403 3603 483 3688 hoo
524 3607 638 3715 priua
679 3609 812 3714 dixit,
849 3639 898 3695 eo
941 3611 1075 3719 quud,
1115 3611 1150 3694 ai
1192 3609 1236 3693 iu
1277 3609 1416 3720 aliqua
1463 3608 1720 3694 immunditia

192 3817 196 3824 .
304 3735 489 3842 corporis
536 3735 737 3847 jacuerit,
782 3742 898 3826 uuita
944 3743 1067 3827 modo
1116 3741 1244 3825 abbae
1289 3741 1377 3825 fieri
1429 3741 1579 3838 debet,
1622 3740 1720 3848 quia

229 3879 233 3888 '
302 3865 455 3948 maium
486 3866 565 3950 hoo
594 3868 711 3954 valde
743 3871 830 3957 Deo
859 3871 1054 3957 horribile
1081 3877 1157 3956 eu.
1176 3921 1226 3938 -
1250 3865 1461 3976 Subrium,
1490 3869 1719 3956 benedicit

290 3995 499 4101 -sobriunu,
529 3999 555 4082 i.
585 4029 620 4087 e.
650 4028 735 4086 nou
763 4003 967 4112 gulosum,
997 4031 1081 4088 uon
1111 4004 1328 4115 vagulumr
1369 4003 1439 4088 aed
1468 4007 1719 4114 temperatus
1887 4063 1899 4103 e

299 4133 342 4211 et
373 4127 584 4212 modestae
613 4157 699 4215 ease
726 4132 861 4220 debet.
900 4133 1258 4238 ,Misericordouu
1286 4134 1391 4219 boue
1420 4135 1535 4238 dicit,
1564 4134 1718 4219 mireri-

128 4328 130 4334 ,
298 4259 464 4344 cortem
502 4257 649 4344 debere
688 4292 774 4348 ease
811 4266 1028 4366 abbatem,
1067 4265 1185 4376 quio,
1230 4266 1338 4350 mont
1366 4265 1571 4352 Dominus
1599 4267 1717 4352 dicit:
1888 4255 1898 4267 ’

133 4429 136 4434 ’
217 4421 218 4426 ¹
299 4389 426 4475 Beati
469 4390 751 4480 ooiuericordeo
765 4459 775 4498 ,
791 4509 799 4524 ·
816 4399 1008 4502 quonium
1049 4396 1373 4483 roriseoioordioou
1416 4404 1717 4505 ooooaequuutur.
1884 4456 1896 4520 ,Ξ

301 4521 567 4624 Notandum,
596 4524 694 4632 quia
732 4526 1035 4614 misericordem
1073 4534 1240 4640 oportet
1278 4529 1397 4612 illum
1428 4557 1518 4616 esse
1555 4530 1599 4614 iu
1627 4529 1720 4615 cibo
1884 4528 1896 4637 ³:

303 4660 346 4737 et
375 4659 476 4764 potu
507 4659 551 4739 et
580 4656 742 4743 vestitu.
791 4659 835 4742 Si
862 4669 1001 4745 autem
1029 4661 1071 4746 iu
1102 4663 1212 4746 uitiis
1240 4668 1411 4747 ventum
1439 4661 1565 4748 inerit
1593 4668 1636 4747 et
1663 4663 1719 4748 ibi

151 4829 154 4838 ’
239 4907 242 4916 -
392 4877 420 4965 ι)
442 4873 478 4944 a.
501 4871 663 4962 augon
686 4873 810 4946 uota.
840 4876 879 4948 u
901 4899 979 4968 ap.
1002 4881 1058 4952 n.
1087 4871 1230 4954 nun.
1273 4880 1429 4970 (nime,
1460 4889 1547 4954 um.
1570 4884 1625 4954 aa
1654 4881 1719 4954 001.

117 5167 122 5178 ⁶
237 5165 251 5198 ι
302 4984 670 5178 ”tangquam
689 5090 737 5180 (t)
761 5116 802 5159 =
825 5095 1175 5184 comprehenduntur
1195 5099 1254 5190 qt).

386 5205 416 5289 ³)
439 5199 491 5270 De
501 5197 696 5268 coenobior.
713 5195 824 5270 inrtit.
844 5201 953 5274 libo.
977 5225 1007 5274 a
1023 5207 1057 5276 4.
1088 5203 1239 5294 (nigre,
1258 5209 1344 5280 tom.
1362 5211 1417 5286 to.
1439 5211 1506 5283 eol.
1518 5211 1724 5301 dib-272.)
1888 5224 1894 5234 '
