3968 5774
112 207 115 214 ·
212 201 294 296 tta
671 303 674 308 ¹
778 207 866 298 cap.
887 203 1050 280 axam

212 425 363 510 debeat
388 451 477 508 eece
503 424 814 526 monachorum,
842 423 914 532 qui
944 423 1291 508 amtentatiouem
1317 420 1476 508 tribuat
1502 421 1623 524 ritae,

212 580 296 638 nou
324 551 418 656 ille,
446 551 517 662 qui
545 548 803 639 occarioneru
842 549 1183 659 concupiscentii·
1218 553 1262 636 et
1289 548 1401 634 vitiis
1427 549 1624 634 mbmiui·

87 723 91 730 ·
211 684 330 772 strat.
387 677 509 763 llnde
536 681 661 764 ctiam
690 680 844 769 Paulm
880 678 1001 762 dicite
1039 677 1180 762 coerula
1205 705 1347 765 eurum
1373 703 1426 761 ue
1447 677 1626 787 feceritis

212 809 256 892 iu
288 807 630 912 concupiscentiis.
918 803 920 808 ’

323 934 446 1020 Nunc
473 948 613 1020 autem
652 963 705 1020 ne
733 934 840 1020 lorte
869 931 1058 1018 monaehi
1086 932 1248 1044 poaaiut
1274 932 1435 1020 dicere:
1456 933 1624 1018 'acimum
1698 983 1702 990 ·

212 1063 341 1165 enim,
381 1064 478 1172 quia
516 1065 744 1149 volatilium
780 1091 925 1148 caroea
961 1089 1046 1146 non
1083 1089 1299 1174 possumus
1327 1091 1402 1148 nec
1430 1063 1625 1148 debemur

211 1193 440 1295 comedere
457 1221 508 1277 eo
533 1195 643 1304 quod
663 1195 858 1304 majorem
879 1191 1137 1277 dulcedinem
1155 1196 1199 1274 et
1215 1193 1459 1276 suavitatem
1480 1199 1625 1302 gnstua

214 1324 390 1427 babent,
418 1321 541 1432 quam
571 1324 881 1433 quadrupedum
912 1350 1080 1420 comem
1110 1327 1247 1406 lamen
1275 1351 1435 1441 cornea·
1451 1323 1653 1452 quadru-⁸

35 1531 39 1540 .
213 1453 361 1564 pedum
392 1481 608 1563 possumus
636 1460 681 1539 et
707 1454 904 1538 debemm
930 1452 1156 1552 comedere,
1184 1453 1281 1560 quia
1312 1453 1510 1536 minorem
1537 1453 1626 1537 dul·
1849 1522 1852 1526 a

211 1583 394 1669 cedineur
435 1586 479 1668 ot
516 1584 760 1668 suavitatem
794 1595 941 1693 guatua
977 1581 1147 1667 habent.
1207 1582 1381 1693 Propter
1418 1583 1494 1668 hoa
1522 1585 1624 1705 talea
1790 1701 1791 1704 Ν

213 1713 393 1800 occurrit
407 1712 449 1800 8.
466 1712 714 1798 Benedictus
733 1711 907 1797 dicendo
925 1711 1181 1812 nominatim,
1208 1718 1257 1795 ut
1282 1739 1423 1798 carues
1448 1715 1628 1824 quadru-

212 1845 361 1956 pedum
402 1844 571 1929 omniuo
607 1845 820 1928 comedere
859 1843 1048 1928 monachi
1090 1870 1175 1925 non
1215 1841 1415 1944 debeant,
1444 1845 1522 1929 uiri
1552 1873 1627 1954 pro

214 1972 457 2056 infirmitate
484 1973 549 2057 vel
577 1974 791 2058 debilitate
817 1999 917 2070 anag
954 1973 1052 2082 quia
1087 1973 1195 2056 sieut
1228 1973 1456 2056 volatilium
1485 2001 1627 2058 carnea

144 2153 147 2160 ·
214 2129 290 2211 pro
318 2129 392 2184 ana
420 2100 635 2185 dulcedine
663 2106 707 2185 et
734 2102 937 2186 suauitate
965 2108 1124 2210 gnatus,
1152 2129 1276 2212 quam
1295 2101 1463 2200 babent,
1491 2103 1627 2186 nolent
1655 2175 1657 2180 ,

210 2227 345 2312 carnia
387 2255 610 2337 provocare
638 2229 851 2332 odoratos,
892 2232 953 2314 ita
979 2230 1103 2315 etiam
1144 2256 1286 2314 carruca
1315 2231 1625 2340 quadrupedum

187 2357 291 2466 ‘'pro
318 2383 393 2439 ana
423 2355 682 2458 tortitudine,
711 2385 834 2466 quarn
864 2358 1031 2458 babent,
1062 2358 1255 2441 virtutem
1280 2357 1378 2469 ipsis
1396 2359 1531 2441 cornia
1554 2359 1629 2440 ati·

213 2481 334 2568 ruulia
353 2481 405 2566 ad
419 2482 711 2591 pelliciendum
727 2487 959 2575 conterunt.
1001 2485 1136 2568 Piaeea
1156 2493 1294 2569 antem
1310 2491 1481 2594 possunt
1495 2513 1630 2568 eoum·
1771 2501 1773 2504 ’

212 2612 321 2714 dere,
350 2639 400 2696 eo
422 2611 534 2722 quud
558 2611 760 2696 Dominus
785 2621 879 2723 poat
902 2610 1239 2697 resurrectionem
1264 2641 1378 2697 auam
1404 2613 1558 2721 legitur
1583 2614 1625 2696 iu
1682 2709 1686 2716 ¹

140 2816 149 2832 ,
212 2739 427 2851 evangelio
441 2739 593 2849 piscem
607 2741 831 2825 comedisse
846 2747 890 2825 et
903 2739 1223 2850 maretiapoatoli
1237 2741 1625 2826 etaauctimouaehi
1669 2739 1678 2760 '

142 2957 145 2964 ,
212 2870 402 2956 similiter
428 2872 626 2980 leguntur
653 2873 784 2982 piaoea
810 2869 1059 2972 comedisse;
1088 2878 1131 2955 et
1160 2872 1253 2957 ideo
1274 2899 1363 2954 moa
1385 2875 1428 2955 et
1454 2899 1627 2956 consue·

213 3003 316 3089 tudo
353 3032 437 3088 non
478 3001 580 3102 luit,
619 3009 668 3088 nt
700 3002 949 3114 generaliter
985 3003 1177 3091 monachi
1213 3003 1323 3088 sieut
1358 3003 1412 3100 ab
1439 3002 1626 3113 atriaque

212 3134 523 3222 cornitulo.
553 3133 781 3221 volatilium
818 3139 861 3220 et
899 3135 1209 3246 quadrupedum
1248 3136 1526 3236 abstinerent,
1569 3135 1628 3218 ita

212 3267 338 3353 etiarn
366 3297 391 3352 a
421 3266 612 3378 piaeibua.
668 3267 841 3354 caseum
880 3277 1019 3354 autem
1060 3295 1276 3380 possumus
1314 3266 1548 3369 comedere,
1576 3295 1627 3350 eo

213 3401 323 3512 qnod
360 3401 413 3486 ab
451 3399 525 3485 illo
560 3425 644 3484 nou
673 3399 753 3484 iuit
780 3429 869 3487 moa
895 3401 1148 3514 generaliter
1174 3399 1432 3502 abstinendi,
1469 3400 1575 3485 aient
1602 3428 1628 3482 a

213 3532 443 3618 volatilium
480 3537 523 3616 et·
561 3530 871 3641 quadrupedum
901 3534 1094 3618 carnibus
1120 3533 1267 3620 fuerat.
1326 3531 1434 3618 Nam
1472 3532 1628 3644 legitur

213 3664 528 3768 incubatione,
557 3665 601 3748 in
631 3692 713 3773 qua
740 3663 792 3747 de
818 3664 970 3750 abbate
997 3665 1160 3750 Joanne
1189 3665 1354 3766 dicitur,
1383 3664 1454 3747 ubi
1483 3665 1629 3774 legun·

214 3803 283 3878 tur
306 3793 495 3879 monachi
520 3795 712 3878 eremitae
727 3823 890 3880 caseum
911 3797 1199 3906 aegyptiacam
1221 3794 1458 3883 comedisse.
1496 3795 1640 3879 Libro·

199 3926 319 4026 ⁴aient
349 3923 529 4009 laidorun
558 3924 671 4025 elicit,
700 3931 758 4009 22
783 3925 917 4011 uraciia
936 3927 1152 4033 perficitur
1178 3931 1214 4008 ct
1235 3927 1331 4010 iude
1349 3925 1516 4008 liabetur
1530 3951 1648 4042 per-A

43 4083 45 4086 ·
209 4057 308 4162 tecti
327 4053 527 4164 provideris
551 4079 702 4161 perram,
729 4055 826 4161 quio
853 4061 908 4140 tot
944 4063 1099 4141 muratel
1126 4057 1281 4156 arceiis,
1305 4061 1398 4161 quot
1424 4055 1627 4138 meursilua
1677 4085 1680 4092 ·

212 4212 360 4272 correus.
415 4183 541 4270 Dicto
578 4192 709 4270 uectem
737 4185 867 4288 libro,
894 4189 1001 4293 quod
1036 4188 1091 4271 ait
1125 4185 1253 4270 libera
1281 4193 1318 4270 et
1343 4193 1485 4271 curado
1511 4185 1624 4268 iutro

212 4345 256 4404 se
263 4321 451 4426 pouudero
462 4318 678 4425 proedicto
696 4317 918 4414 corucludut.
933 4319 968 4428 ¹)
1008 4319 1140 4404 Item:
1170 4317 1442 4426 Moueeuiemo
1461 4316 1626 4430 lepeudo

94 4553 95 4558 Ν
183 4449 322 4535 'dictu
358 4451 478 4556 quemi
515 4449 664 4553 electo5
700 4456 849 4538 ueteres
887 4455 996 4538 euim
1033 4449 1199 4536 euelioru
1228 4476 1403 4558 quaeque
1430 4450 1641 4561 temtaret·

109 4574 113 4582 ’
212 4582 296 4667 siue
321 4581 427 4688 quood
452 4610 579 4667 erronee
606 4581 789 4693 lepoutur
823 4612 946 4693 eueqree
973 4588 1184 4670 sectionem
1211 4585 1433 4690 requirant.
1492 4585 1624 4694 Lepre·

10 4733 91 4818 ⁶,.„,‚
105 4753 178 4815 ς
212 4715 367 4796 aruinum
397 4712 585 4820 pleae-iuro
620 4741 768 4823 periero
805 4715 1089 4820 inueniuntur,
1117 4744 1168 4800 eo
1194 4715 1338 4824 quibua
1360 4717 1477 4822 subo,
1504 4714 1623 4802 leuati·

212 4843 316 4949 oculu,
340 4846 489 5028 qiqaem
504 4843 677 5001 cosdras,
691 4845 815 4994 (ciuem
831 4847 1010 4972 loquiano,
1025 4849 1211 4958 protioru
1227 4847 1270 4932 iu
1286 4848 1489 4934 booeieuuu
1506 4875 1623 4933 uenero

215 5039 477 5052 .-....-....
629 4961 707 5066 stup,
767 4987 776 5025 ⁷

302 5137 330 5228 ¹)
351 5131 551 5228 Btymclog.
573 5132 636 5205 lib.
663 5134 716 5208 lo.
737 5155 816 5227 cap.
840 5135 895 5208 25.
918 5159 953 5206 u.
976 5136 1031 5210 20.
