3974 5778
149 325 152 332 ’
277 333 360 424 382
875 325 1098 422 stom
1137 301 1162 376 ’-

276 579 371 640 nou¹
388 543 530 636 sinunt
544 549 628 634 'eos
648 542 781 660 joesr'i
804 541 878 634 'rel
900 547 1014 658 loqui
1040 551 1115 632 eut
1141 543 1348 659 quoqun'm
1371 543 1445 648 ire,
1471 543 1547 632 out¹
1566 543 1691 634 etium

275 679 433 790 aliquid
460 679 678 768 inhoneste
704 706 845 791 egere,
899 676 958 762 Et
992 677 1028 762 ei
1063 677 1176 764 forte
1207 675 1428 776 nenessitns
1454 672 1580 760 inerit
1610 675 1692 762 sslis

276 807 328 892 nd
358 808 514 892 exitum
541 806 702 896 imunt
731 809 857 895 etiem
883 808 928 892 in
960 806 1139 918 ntiquom
1166 806 1316 906 loeunu,
1344 829 1536 892 enmono
1562 805 1693 914 megi-

277 942 364 1021 stro
387 939 496 1025 eunt.
520 934 650 1046 ¹Nous
676 937 771 1024 ideo
794 936 893 1040 dixi,
921 935 1060 1020 doeens
1077 935 1257 1022 inientes
1273 939 1452 1046 quotuor
1470 931 1693 1042 magistros

280 1066 445 1169 hebere,
474 1071 523 1152 ut
549 1096 653 1178 puer
677 1097 762 1155 non
782 1067 913 1180 possit
935 1093 1141 1177 qnoqunm
1163 1069 1225 1154 ire
1252 1065 1318 1150 eei
1338 1062 1550 1174 quidpiam
1567 1055 1691 1172 ogere

280 1197 369 1281 sine
396 1223 471 1282 suo
499 1201 721 1310 magistro,
760 1199 860 1309 quio
887 1199 923 1284 si
949 1199 1009 1282 itu
1035 1226 1122 1284 uon
1149 1199 1297 1300 fuerit,
1336 1196 1411 1281 uhi
1437 1197 1481 1280 et
1507 1193 1579 1278 nbi
1608 1223 1694 1279 non
1753 1304 1758 1314 Ι
1878 1260 1883 1269 .

93 1381 102 1402 ·
277 1331 515 1436 potestesse
529 1329 727 1416 custodie.
771 1328 880 1415 Nem
902 1328 1008 1413 nihil
1022 1329 1156 1439 juret,
1178 1329 1268 1413 siin
1286 1326 1494 1434 otiisloeis
1507 1325 1694 1414 custodio

276 1455 414 1556 suerit,
442 1460 484 1542 et
503 1456 549 1540 in
567 1460 758 1545 omnibus
776 1487 863 1543 non
882 1459 1031 1557 fuerim
1055 1457 1099 1546 r.
1123 1485 1187 1570 gr.
1209 1459 1246 1542 si
1267 1438 1525 1542 solummodo
1543 1455 1588 1538 in
1607 1483 1692 1540 nno

278 1585 455 1672 defuerit
482 1590 681 1693 custodio,
708 1590 769 1674 nil
790 1591 911 1698 juvet
937 1588 1010 1672 illu
1037 1589 1238 1690 custodio,
1272 1615 1378 1696 quoe
1405 1587 1450 1671 in
1478 1584 1568 1669 eliis
1594 1584 1694 1668 loeis
1755 1597 1757 1600 ’

268 1717 414 1822 ,rueris
453 1715 520 1801 Sin
534 1723 641 1804 enirn
658 1720 698 1808 S.
713 1718 938 1828 Gregorius
951 1718 1073 1804 oium
1095 1718 1147 1804 Si
1160 1726 1244 1805 toto
1259 1717 1538 1820 cioitnstnerit
1552 1713 1693 1799 niuoso

204 1921 206 1926 ,
280 1845 499 1951 mersorum,
520 1849 766 1937 solummodo
780 1875 905 1934 reorum
917 1851 1105 1952 {momen
1126 1854 1308 1955 operirm
1320 1846 1447 1952 licerit
1468 1847 1512 1930 io
1535 1870 1598 1947 eo,
1616 1869 1696 1949 per

274 1977 388 2082 quod
413 1976 540 2063 iustis
567 1979 791 2082 intraverit,
817 1984 901 2065 toto
928 1977 1071 2062 ciuitas
1091 1979 1215 2084 perit,
1242 1979 1340 2086 quio
1362 1983 1548 2084 [murum
1575 2000 1696 2080 oper·

282 2112 366 2189 tom
390 2108 495 2210 luit,
522 2109 553 2196 i.
581 2135 615 2194 e.
643 2107 863 2209 cuniculus,
897 2133 975 2212 por
1001 2133 1116 2212 queem
1143 2108 1272 2223 hostis
1298 2105 1478 2191 intrarit.
1535 2103 1587 2186 In
1614 2103 1694 2188 hoo

279 2235 371 2321 loeo
393 2236 637 2323 intuendum
662 2244 736 2337 est,
765 2239 862 2347 quin
880 2264 954 2346 per
975 2235 1068 2336 hoo,
1097 2236 1208 2345 quod
1232 2236 1282 2324 B.
1297 2234 1544 2320 Benedictus
1571 2231 1694 2316 dicit:

287 2364 465 2450 meroem
485 2365 642 2474 juyitor
669 2393 794 2473 usqne
820 2392 939 2450 risorie
967 2365 1124 2469 ardeat,
1152 2375 1196 2450 et
1223 2393 1298 2475 per
1317 2365 1409 2468 hoe,
1437 2363 1547 2475 quod
1570 2360 1694 2444 dicit:

283 2490 627 2596 Adolesemtiores
643 2497 800 2598 tratres
810 2497 935 2600 jrmto
953 2519 998 2579 se
1012 2519 1093 2578 ooo
1111 2493 1284 2578 hoheoot
1306 2494 1438 2593 lectos,
1467 2494 1522 2592 et,
1550 2515 1696 2597 quam·

281 2623 343 2704 ris
371 2649 537 2741 parurn,
566 2626 691 2709 etiuru
719 2651 794 2734 per
821 2621 915 2724 hoo,
944 2623 1056 2730 quod
1084 2623 1206 2708 uicit:
1244 2619 1407 2730 Siomrii
1426 2635 1508 2726 por
1533 2614 1696 2722 sirmio

280 2749 381 2835 iectu
409 2750 635 2855 dormiant,
675 2759 736 2837 et:
783 2777 873 2838 mro
909 2748 1138 2835 seuimr'tos
1163 2751 1275 2853 seris,
1315 2751 1385 2862 qui
1410 2746 1573 2836 'solliciti
1599 2747 1697 2846 siret,

280 2885 466 2986 promont,
493 2881 783 2966 sodomiticum
806 2880 937 2965 scelus
959 2880 1117 2965 vitundi
1141 2909 1263 2967 ceusu
1290 2881 1409 2983 uixit,
1436 2880 1522 2963 sire
1550 2875 1697 2959 vitium

196 3003 205 3022 '
282 3008 580 3096 immunditiae.
638 3009 950 3096 Attsndeudunr
977 3015 1058 3112 est,
1098 3011 1197 3121 quio
1237 3009 1475 3094 foeditatem
1514 3005 1696 3090 honestis
1739 3098 1743 3105 ¹

200 3143 202 3148 ’
283 3138 419 3222 verbis
446 3139 738 3240 manifestavit,
767 3168 860 3223 cunr
880 3138 1206 3250 ‹linit,singulos
1222 3139 1402 3227 dormire
1424 3143 1467 3222 et
1485 3135 1694 3223 oondelom

279 3268 440 3378 jugiter
468 3298 596 3379 nsque
624 3297 745 3354 nrune
766 3269 916 3376 *ardere
951 3276 995 3356 et
1022 3273 1203 3356 seniores
1237 3268 1433 3355 sollicitos
1461 3294 1547 3354 esse
1577 3293 1699 3373 snper

182 3475 186 3482 .
283 3426 354 3482 eos
381 3397 541 3500 dehere,
570 3401 668 3509 quie
687 3398 806 3484 istud
833 3401 966 3486 soelus
987 3401 1106 3488 valde
1126 3401 1459 3488 nefandissimum
1479 3403 1555 3489 est.
1598 3394 1698 3479 Ideo

283 3529 498 3640 praevenit
527 3529 651 3632 illud,
687 3559 760 3634 ne,
800 3532 911 3641 quod
939 3532 1066 3634 obsit,
1106 3559 1289 3643 unquam
1320 3531 1406 3620 fiat.
1463 3529 1573 3618 Nem
1600 3556 1699 3613 oon·

164 3695 169 3704 ·
284 3661 460 3747 suetudo
500 3667 588 3746 erut
628 3659 934 3767 Romanorum,
974 3663 1053 3750 hoo
1093 3665 1224 3750 scelus
1264 3690 1411 3773 ogere,
1450 3665 1558 3748 sicut
1597 3659 1698 3744 dicit

285 3791 335 3876 B.
363 3791 663 3912 Hieronymus,
702 3792 796 3878 illos
824 3794 1077 3881 concubinos
1104 3795 1308 3880 hahuisse.
1373 3795 1473 3881 Nou
1500 3795 1610 3880 enirn
1638 3793 1698 3874 itu

285 3922 436 4005 Paulus
465 3922 648 4006 honestis
676 3923 811 4008 verbis
834 3925 1073 4011 foeditatem
1096 3926 1210 4010 illurn
1233 3926 1514 4031 manifestavit
1534 3925 1696 4008 diceus:

92 4096 97 4108 ·
224 4119 226 4122 -
285 4052 399 4138 Nam
430 4054 610 4161 [morione
635 4055 782 4139 'eorum
816 4063 1068 4144 nutrioremmt
1103 4057 1333 4142 reuiserolem
1369 4083 1500 4178 umens·
1525 4055 1570 4138 io
1609 4080 1697 4137 erem

71 4264 86 4276 .
144 4221 149 4231 ·
282 4211 424 4289 orsum,
462 4189 533 4292 qui
560 4192 620 4270 est
647 4194 785 4271 contro
812 4194 1019 4278 rotumam.
1076 4190 1275 4278 Similiter
1302 4195 1435 4275 aretem
1462 4194 1500 4274 et
1524 4182 1697 4276 mensorii

285 4315 421 4402 relicto
448 4317 632 4440 ruotoroii
658 4345 734 4404 rme
759 4321 940 4423 tersione
965 4330 1207 4408 enorsenmt
1232 4327 1278 4408 iu
1300 4321 1519 4409 desideriis
1538 4320 1627 4403 suis
1652 4319 1697 4399 io

283 4451 474 4553 invicem,
516 4451 687 4537 suasorii
722 4453 767 4536 in
803 4451 1006 4570 rrroscotos
1040 4455 1332 4562 irrepitmiiuem
1359 4457 1584 4560 operantes.
1641 4445 1697 4531 Et

285 4585 340 4668 oh
378 4584 458 4670 hoo
496 4584 589 4670 ideo
627 4613 711 4670 non
752 4593 839 4673 tom
877 4588 1062 4674 honestis
1088 4587 1223 4671 verbis
1257 4585 1361 4672 dicit
1389 4583 1542 4670 Paulus
1577 4579 1698 4666 sicuti

286 4717 335 4807 B.
357 4709 617 4822 Benedictus,
646 4719 855 4829 quia'plus
878 4719 1141 4805 menifestum
1164 4719 1281 4804 dixit
1337 4717 1442 4818 Quin
1470 4716 1549 4800 hoo
1569 4711 1700 4798 seelns

285 4851 405 4936 valde
433 4851 673 4950 detestabile
701 4857 764 4938 est
793 4851 901 4956 Deo,
939 4853 1044 4966 itm)
1071 4853 1196 4938 etiem
1225 4851 1385 4962 saepius
1414 4849 1568 4936 Paulus
1596 4843 1699 4930 illuri

285 4983 532 5078 monifestat.
590 4982 703 5070 Dioit
730 4987 839 5070 enim
868 4987 987 5074 stibi:
1031 4987 1159 5074 Ouum
1178 4993 1400 5096 peceatum,
1428 4982 1699 5093 quodeunque

376 5282 407 5364 ¹)
428 5274 509 5348 ideo
531 5277 590 5370 (t),
611 5276 734 5371 iisque
755 5277 814 5370 (i).
