3968 5774
819 202 1087 322 cmlxxxrr.
1469 251 1470 256 κ
1579 211 1659 300 413

248 430 392 516 viderit
419 456 493 536 pro
513 426 601 536 ipss
622 426 863 511 infirmitate
879 427 930 512 od
955 428 1208 512 debilitatem
1228 430 1513 539 veuieudum¹l
1532 459 1659 540 posse,

247 571 345 648 tuoe
375 559 498 642 debet
527 557 587 641 illi
617 587 777 642 caruem
820 558 917 642 dore
957 560 1213 646 munducare.
1271 559 1313 644 Si
1344 568 1480 646 cutem
1511 563 1662 646 dixerit

246 695 314 776 ille
342 689 550 774 infirmus:
580 688 677 798 quie
700 689 839 796 nolo²)
867 690 917 773 de
941 691 1048 775 laetu
1073 691 1329 792 msudueore,
1360 691 1480 776 debet
1506 693 1658 776 dicere:

248 823 399 920 Frater,
430 819 514 900 uoli
538 819 597 902 itu
619 821 763 918 lucere,
794 821 938 903 melius
962 822 1070 904 euiur
1096 829 1169 920 est,
1200 829 1247 903 ut
1263 823 1481 906 ruauduees
1497 850 1658 908 eorueur

245 961 458 1058 etsurges
483 949 536 1032 ub
568 950 809 1034 infirmitate
851 956 894 1033 et
923 951 1047 1035 lucios
1084 951 1382 1050 obedientiarii,
1425 979 1547 1058 (ruem
1579 979 1657 1034 nou

245 1082 489 1178 mauducure
540 1107 702 1162 emnem
754 1089 796 1164 et
838 1083 880 1166 iu
925 1082 1204 1166 infirmitatem
1245 1083 1462 1166 uroxiumm
1492 1081 1655 1177 reuire3

246 1213 336 1296 uum
367 1212 400 1294 si
433 1212 556 1294 ruodo
597 1239 677 1295 uou
724 1209 1054 1314 umrrdueoveris,
1096 1213 1360 1298 nroudueobis
1390 1220 1531 1322 postea
1560 1198 1658 1330 turre

245 1342 387 1450 mojori
435 1342 632 1452 temporis
675 1343 825 1452 spolio.
899 1341 1085 1452 lleuique
1125 1350 1166 1425 et
1206 1344 1399 1428 duruuum
1444 1351 1541 1428 tuuc
1581 1344 1659 1425 erit
1767 1365 1768 1368 ‘
1835 1367 1837 1373 ⁴

200 1547 202 1552 .
244 1476 391 1582 mujus,
438 1503 486 1555 eo
517 1473 625 1583 quod
656 1474 865 1558 servitium
897 1474 1073 1558 debuisti
1115 1475 1249 1558 fucere
1277 1475 1367 1558 uliis
1398 1476 1590 1558 frutribus
1618 1481 1661 1554 et

242 1633 325 1687 uou
368 1602 521 1704 iecisti,
564 1632 612 1685 oc
655 1632 728 1712 per
769 1603 848 1687 lroe
888 1604 1179 1688 olleudieuturu
1221 1605 1439 1690 ruariorum
1481 1601 1659 1714 probeo

243 1734 523 1846 accipiendum
555 1732 632 1817 tibi
664 1734 801 1842 procul
833 1733 959 1818 dubio
987 1745 1225 1826 assumetur.

352 1865 569 1976 Sequitur:
613 1872 654 1948 ot
698 1866 765 1948 uti
805 1855 1005 1950 uretr'oruli
1038 1867 1212 1971 stertet,
1259 1896 1280 1920 ’·
1324 1866 1514 1952 urruilurs
1550 1894 1659 1950 ruore

240 1999 354 2082 solito
382 2023 518 2082 eruum
547 1997 787 2084 oboliueuut.
846 1995 953 2080 Suut
981 1999 1088 2082 euim
1123 2001 1253 2100 multi,
1285 1999 1355 2108 qui
1386 2000 1495 2082 lruuo
1524 1999 1657 2082 locum
1770 2103 1773 2110 Ι

240 2132 296 2214 itu
333 2131 593 2238 intelligunt:
640 2127 683 2211 lu
728 2129 805 2211 lroe
846 2128 968 2214 etiam
1013 2128 1103 2212 loco
1142 2131 1547 2216 uuirumlvertemluru
1584 2139 1657 2228 est,
1727 2164 1729 2172 ·

240 2262 334 2371 quio
375 2289 456 2345 uou
496 2265 657 2344 toutuur
696 2259 795 2344 dicit
834 2289 861 2343 o
895 2259 1085 2343 corridum
1125 2287 1260 2346 ourues
1288 2260 1536 2364 olrsliueoul,
1587 2243 1656 2346 ried

142 2423 146 2430 ’
238 2391 509 2477 intermiscuit
559 2417 669 2474 urere
719 2389 848 2477 solito.
922 2389 1019 2474 Ideo
1069 2391 1173 2476 dixit
1215 2420 1324 2476 urore
1366 2391 1509 2487 solito,
1561 2392 1657 2499 eurio

240 2521 491 2607 cousuetudo
521 2528 610 2605 erat
640 2520 849 2607 ruouuelris
879 2552 902 2606 a
931 2523 1123 2607 cornibus
1148 2524 1352 2607 obstinere
1382 2551 1463 2604 uou
1495 2529 1654 2604 tuuturu

241 2653 545 2766 quadrupedum
576 2652 798 2738 sedetiam
832 2635 1072 2755 volatilium,
1107 2654 1214 2739 sieut
1242 2653 1417 2738 lireiebot
1449 2652 1656 2762 primitive
1759 2671 1761 2677 ‘

240 2784 429 2888 eeclesia,
471 2787 586 2894 eujus
628 2813 781 2869 morem
825 2785 1013 2870 ruouuelri
1053 2785 1289 2872 oruuiruodo
1330 2784 1443 2896 sequi
1488 2783 1650 2870 debent.

241 2917 367 3002 ltreut
395 2915 516 3002 etium
549 2945 597 3000 ex
637 2913 735 3028 ipsis
776 2917 940 3028 quidmu
972 2916 1170 3028 separati,
1210 2915 1317 3000 sieut
1355 2919 1494 2999 uurrut
1523 2915 1652 2998 ecele-

236 3048 398 3132 siustieo
442 3047 636 3148 historio,
679 3076 705 3132 o
745 3047 991 3158 conjugibus
1030 3053 1074 3134 et
1117 3045 1354 3155 perentibus
1385 3045 1567 3128 viventes
1607 3045 1649 3128 iu
1708 3107 1711 3116 ,

235 3177 524 3264 remotioribus
546 3177 659 3263 locis.
717 3177 774 3262 Et
794 3179 872 3290 ipsi
895 3178 1058 3288 quidem
1081 3177 1151 3288 qui
1171 3176 1349 3286 separati
1370 3181 1511 3286 eruut„
1531 3204 1650 3260 voee-

236 3309 387 3394 boutur
416 3308 607 3394 mouuclri
637 3308 720 3392 eive
743 3316 1020 3410 monazontes,
1051 3313 1094 3394 et
1116 3307 1351 3394 lrebitoculu
1370 3335 1510 3390 eorum
1530 3335 1649 3391 roeo·
1765 3323 1768 3328 '

236 3441 388 3526 buntur
415 3433 677 3541 rirouosteriu,
705 3449 747 3524 et
776 3469 896 3524 ueuro
928 3433 976 3523 eu
1006 3441 1086 3524 illis
1116 3438 1296 3523 lrobebut
1326 3439 1548 3550 proprium,
1578 3439 1647 3523 sed

234 3573 372 3656 omuie
400 3577 519 3658 erout
553 3571 632 3655 illis
660 3571 905 3656 commuuio.
964 3571 1133 3656 Ouruem
1158 3579 1293 3658 eutem
1321 3599 1395 3656 uec
1424 3572 1651 3679 utramlibet
1704 3641 1711 3652 .

234 3705 448 3814 quisquam
470 3732 616 3819 'eorum
646 3701 901 3808 comedebat,
931 3729 1033 3810 quos
1063 3702 1300 3786 omnimodo
1324 3701 1437 3810 sequi
1459 3701 1648 3786 mouoclri

190 3883 192 3888 ·
234 3835 405 3938 debent,
447 3832 633 3944 eoquod
664 3861 714 3916 ex
743 3831 843 3942 ipsis
871 3839 1006 3917 ortum
1038 3839 1100 3917 est
1128 3861 1260 3944 gcuus
1287 3833 1577 3918 monachorum
1608 3839 1651 3916 et

233 3965 285 4049 ob
325 3965 422 4076 ipsis
465 3963 653 4048 similiter
692 3961 827 4048 vocati
877 3969 973 4048 sunt
1021 3964 1234 4064 monachu
1284 3993 1377 4048 uem
1420 3963 1497 4073 ipsi
1538 3965 1648 4072 prius

232 4095 422 4180 urouoctri
463 4095 643 4182 luerunt.
700 4093 756 4178 Et
798 4093 891 4178 ideo
932 4123 1007 4208 pro
1036 4095 1333 4180 cousuetudine
1369 4094 1529 4179 illorum
1562 4121 1666 4178 mos·

233 4230 321 4310 eret
350 4227 582 4330 monacbis,
625 4255 677 4310 ne
717 4223 945 4336 quemlibet
986 4215 1245 4312 comederent
1284 4254 1447 4312 eoruem
1476 4229 1647 4334 exceptu

232 4355 485 4442 infirmitatis
525 4355 782 4446 necessitate.
853 4353 909 4441 Et
951 4363 1121 4469 propter
1163 4355 1270 4442 hauc
1310 4355 1646 4441 cousuetudinem

232 4484 334 4574 dicit
353 4485 399 4575 ll.
422 4486 687 4575 Benedictus:
713 4512 823 4574 errore
848 4483 965 4574 colito
989 4517 1016 4576 o
1037 4486 1227 4575 cornibus
1250 4505 1385 4572 ourrres
1408 4483 1646 4600 obetr'ucout

231 4611 351 4701 Unde
367 4615 589 4704 secundum
613 4618 777 4712 illorum
796 4645 950 4704 morem
971 4618 1207 4734 lrobitceulo
1227 4615 1534 4720 moueelrorum,
1559 4615 1585 4703 i.
1611 4646 1645 4701 e.

231 4746 498 4850 monasterio,
535 4749 578 4833 iu
606 4749 896 4836 remotioribus
935 4749 1035 4836 locis
1063 4750 1394 4846 constituuntur,
1435 4751 1643 4856 quotenus

239 4947 381 4961 unna—nua-
389 4947 501 4961 noa-un-

321 5060 352 5137 ¹)
373 5050 494 5124 venire
515 5053 563 5144 (l)
662 5115 665 5124 .
879 5085 882 5093 ·
908 5119 910 5124 Α

319 5163 347 5254 ¹)
368 5161 460 5238 volo.
506 5163 616 5239 Codd.
636 5164 803 5255 Tegerm.
825 5167 864 5236 ot
886 5161 1019 5235 l'urstr.
