3968 5774
207 245 224 266 ,
285 205 369 294 300
871 197 1111 294 canaan.

281 424 505 536 jactantia,
546 422 724 524 invidia,
752 421 894 506 odium
933 425 977 504 et
1004 421 1163 531 reliqna
1189 421 1271 506 aiia
1298 419 1363 504 his
1390 421 1559 520 similiac
1586 427 1630 506 et
1656 425 1699 510 iu

287 558 442 670 majore
478 555 621 668 ccipe,
660 554 767 638 sicut
799 557 864 638 est
897 553 1075 658 turtum,
1104 553 1204 666 gula
1240 556 1284 637 et
1321 551 1385 636 his
1425 555 1589 644 similia
1642 559 1700 644 nt

286 689 401 792 ideo,
440 689 538 800 qnia
576 685 785 798 proprium
828 685 971 770 vitium
1001 689 1084 789 est,
1121 687 1149 774 i.
1178 713 1213 774 e..
1242 685 1340 793 quia
1367 685 1470 770 alios
1498 716 1582 772 uon
1609 717 1701 775 eor·

288 819 456 932 rumpit,
484 817 527 908 S.
557 817 805 902 Benedictus
833 816 1001 900 tratrem
1030 819 1157 928 recipi
1181 817 1319 926 jussit.
1365 815 1472 902 Nam
1503 849 1581 928 pro
1608 822 1700 922 illis,

288 979 393 1063 qnae
430 979 511 1037 non
541 955 639 1055 suut
678 949 869 1058 propria,
898 949 949 1030 de
986 949 1135 1056 quibus
1163 951 1348 1060 superius
1377 950 1580 1051 diximus,
1609 952 1638 1041 i.
1664 983 1702 1043 e.

289 1081 561 1180 innnnuditia,
589 1081 892 1180 sodomiticum,
921 1082 1019 1188 qnia
1048 1081 1167 1165 vaide
1189 1081 1276 1164 Deo
1305 1081 1566 1166 detestabilia
1593 1093 1701 1186 suut,

250 1227 253 1234 '
288 1215 394 1298 sient
432 1199 485 1296 de
517 1211 742 1314 discordia,
779 1218 828 1294 ut
864 1211 1021 1295 dictum
1058 1219 1146 1314 est,
1173 1213 1511 1300 Salomondicit.
1541 1262 1592 1278 -
1621 1213 1719 1300 Sed

290 1344 531 1430 intuendum
569 1351 652 1445 est,
693 1341 789 1451 quia
815 1343 859 1424 iu
896 1343 974 1426 hoc
1012 1343 1123 1444 loco,
1162 1345 1234 1428 ubi
1270 1345 1372 1428 dicit
1406 1337 1611 1452 epreditnr'¹
1644 1347 1705 1429 cei

139 1495 142 1504 ’
282 1476 524 1582 projicitur,
553 1472 805 1574 excinditur,
834 1472 861 1558 i.
890 1501 926 1556 e.
955 1479 1172 1582 separatur
1199 1475 1282 1576 iiie,
1310 1475 1380 1584 qui
1409 1502 1486 1582 pro
1515 1474 1706 1560 meliora·

291 1609 403 1692 tione
424 1604 745 1690 oosnvematiouis
773 1603 995 1714 egreditar,
1025 1605 1123 1713 quia
1143 1604 1237 1689 ideo
1259 1606 1486 1714 egreditur,
1514 1634 1564 1688 eo
1592 1607 1703 1716 qnmi
1809 1701 1814 1710 .

290 1737 527 1847 cognoscit,
570 1734 716 1838 maiam
757 1762 898 1819 eorum
936 1763 1039 1831 esse¹
1064 1740 1203 1825 uitam.
1261 1737 1345 1822 iste
1373 1737 1490 1838 tulis,
1528 1739 1599 1848 qui
1627 1769 1706 1848 pro

97 1893 104 1906 ·
221 1927 245 1982 ·.
292 1870 369 1954 hnc
406 1868 640 1984 egreditur,
668 1895 753 1950 nou
790 1874 854 1951 ost
891 1869 934 1951 in
975 1868 1122 1952 ultimo
1157 1869 1286 1976 gradu
1327 1871 1607 1978 recipiendus,
1634 1873 1706 1954 scd

67 2043 71 2052 ·
151 2015 183 2112 ⁸.
293 2003 427 2110 usuagis
467 2001 604 2112 rogari
643 2005 685 2082 et
725 1999 917 2084 honmrari
964 1998 1100 2088 debet.
1148 1979 1419 2120 (intuendum
1462 2008 1526 2087 est
1566 2005 1708 2105 etium,

127 2199 132 2210 .
291 2134 391 2244 quid
420 2139 505 2236 cst,
533 2133 643 2244 quod
681 2132 803 2218 dicit:
841 2131 1038 2236 succedent
1058 2135 1181 2238 prun
1211 2161 1366 2220 onnon-nc
1394 2138 1706 2221 concinnationem

155 2343 157 2348 .
236 2303 242 2316 ·
291 2267 392 2370 uitii,
414 2291 494 2372 pro
521 2291 598 2372 qno
625 2289 811 2374 opressus
837 2269 898 2348 eu
925 2311 976 2330 ·-
1008 2292 1056 2348 ac
1093 2267 1128 2348 si
1157 2267 1337 2354 diceret:
1373 2269 1417 2353 iu
1445 2268 1534 2380 ipsa
1563 2272 1707 2378 poeui-

291 2399 422 2485 teutia
461 2399 732 2510 suscipiatur,
762 2425 883 2505 quam
903 2397 1065 2512 ¹diguus
1092 2407 1182 2484 erat
1208 2399 1387 2501 habere,
1417 2402 1582 2510 qnando
1610 2430 1708 2510 pro·

287 2533 423 2645 joctus
452 2531 516 2616 vei
544 2559 730 2644 egressus
758 2534 841 2629 ect;
869 2559 907 2614 s.
937 2556 1002 2640 gr.
1029 2529 1065 2613 si
1093 2531 1236 2616 fecerit
1263 2531 1418 2616 furtum
1443 2540 1487 2617 ct
1511 2532 1731 2646 debuerat⁴

292 2666 335 2750 in
365 2663 565 2774 gravioris
601 2664 746 2774 cnlpae
774 2665 1197 2748 excommunicatione
1233 2665 1430 2768 detineri,
1470 2671 1513 2750 e't
1541 2665 1711 2776 sugerit,

294 2807 408 2898 tuuc,
435 2825 528 2884 cum
558 2796 769 2904 recipitur,
798 2795 841 2881 iu
869 2795 959 2905 ipsa
987 2795 1244 2905 poenitentia
1266 2795 1390 2898 (lebet
1413 2797 1561 2881 iterum
1582 2799 1710 2908 recipi

198 2907 206 2926 ¹
291 2933 376 3015 eine
416 2929 552 3040 grauis
594 2929 650 3012 sit
688 2927 810 3038 culpa
841 2927 927 3010 sive
958 2926 1188 3038 levioris;¹)
1226 2928 1416 3037 eoquod
1445 2929 1555 3012 istud
1585 2957 1711 3038 spou-

291 3063 387 3148 dero
413 3061 465 3146 ad
494 3058 823 3146 emendationem
853 3060 896 3142 iu
920 3056 999 3142 hoo
1027 3057 1118 3142 loco
1146 3060 1280 3170 magis
1309 3061 1486 3166 attinet,
1516 3060 1613 3169 qnia
1641 3059 1733 3142 iiio'
1773 3159 1776 3164 Ι
1834 3183 1839 3191 ⁸
1941 3122 1942 3126 a

296 3195 493 3282 veraciter
521 3191 712 3279 emendat
740 3191 907 3292 vitium,
946 3189 1016 3300 qui
1058 3191 1356 3300 poeniteutiam
1384 3193 1583 3278 veraciter
1609 3192 1715 3304 agit.

296 3327 593 3414 i'oeuiteutiann
640 3351 736 3410 vero
767 3321 964 3410 veraciter
991 3347 1114 3432 agere
1141 3326 1226 3426 est,
1266 3331 1310 3408 ct
1337 3331 1576 3437 perpetuata
1605 3326 1715 3412 maia

295 3460 504 3570 plungcio,
532 3463 575 3542 et
603 3454 753 3540 iterum
770 3452 1010 3565 plangenda
1034 3481 1116 3570 upu
1135 3454 1409 3545 committere.
1463 3455 1588 3542 Forte
1611 3457 1714 3542 dicit

293 3589 464 3700 uliquis:
506 3585 603 3673 Nou
632 3585 757 3670 debet
783 3586 1081 3702 poenitentiam
1111 3611 1257 3694 agere,
1284 3585 1356 3670 sed
1385 3586 1643 3672 solummodo
1670 3587 1713 3670 in

294 3723 441 3806 ultimo
468 3718 600 3830 gradu
629 3743 723 3802 enm
753 3717 901 3803 debere
928 3719 1125 3829 recipere.
1182 3715 1267 3802 lsts
1294 3721 1405 3803 esaim
1431 3749 1574 3804 sensns
1594 3722 1712 3805 vaide

293 3852 445 3936 stultus
473 3858 558 3950 est;
588 3878 626 3938 ι.
654 3877 717 3959 gr.
759 3858 933 3960 peccaut
971 3851 1056 3934 duo
1096 3877 1224 3936 nuum
1262 3856 1500 3960 peccatum,
1529 3858 1573 3936 et
1610 3881 1715 3936 auus

293 4013 342 4071 ex
370 3984 452 4068 iilis
479 3983 602 4095 sagit,
629 3991 853 4092 numquam
882 3981 1179 4093 poeniteutiam
1206 3989 1332 4094 agat,
1361 3983 1470 4068 alter
1496 4013 1608 4082 sero,
1640 3987 1711 4093 qui
1754 3989 1763 4002 '

294 4117 504 4218 resonosit,
531 4115 623 4228 agit
648 4143 765 4200 snam
794 4113 1107 4226 poeniteutiam.
1151 4111 1209 4197 Iit
1235 4115 1330 4199 ideo
1353 4143 1508 4224 magna
1534 4117 1712 4199 stultitia

210 4283 222 4294 ·
294 4257 369 4350 est,
399 4247 433 4332 si
463 4247 611 4357 is,‚qui
639 4247 773 4358 sugit,
800 4235 895 4331 cam
923 4247 1170 4346 roseititur,
1198 4245 1290 4330 siue
1324 4247 1585 4356 poenitentia
1611 4249 1720 4331 reci·
1779 4287 1783 4292 ·

295 4381 445 4490 piatur,
474 4381 591 4490 quasi
618 4380 707 4492 ipsu
735 4378 837 4492 iuga
866 4379 923 4462 sit
944 4378 1033 4486 ejus
1053 4377 1324 4489 poenitentia,
1352 4405 1447 4462 cam
1466 4379 1521 4462 ad
1538 4379 1718 4486 peiorem

297 4511 482 4597 nitami.
509 4539 546 4597 e.
575 4511 823 4596 saecularem
851 4537 1040 4622 egressus
1068 4513 1145 4608 cat,
1181 4509 1313 4592 stibi
1341 4508 1452 4596 torte
1479 4510 1592 4594 alind
1621 4539 1721 4620 pec·
1781 4548 1787 4562 ·

296 4653 433 4724 cotum
473 4668 550 4748 pno
590 4641 817 4750 fragilitate
845 4640 1109 4726 commiserit
1167 4641 1384 4738 Quomodo
1424 4644 1535 4726 enim
1577 4651 1721 4750 potest

295 4799 412 4854 unum
450 4781 663 4878 peceatnm
707 4773 965 4855 solummodo
1002 4800 1076 4880 per
1114 4770 1307 4854 ultimum
1343 4775 1520 4880 gradum
1550 4774 1724 4856 deiero?

298 4899 354 4987 Bt
380 4901 473 4984 ideo
501 4901 659 4986 rectum
690 4911 768 5004 est,
798 4913 858 5008 ut,
885 4929 979 4986 cum
1009 4903 1286 5007 revertitur,'
1273 4932 1317 4987 m
1347 4907 1439 5016 ipsa
1463 4903 1723 5016 poenitentia

388 5199 418 5282 n
439 5189 529 5260 nn,
550 5189 607 5280 n
