3934 5762
854 221 1036 314 Prologus.
1593 235 1646 314 53

241 443 510 547 rrraerpnificnul.
571 443 808 525 Perseverat
834 443 969 528 rarllmc
1000 446 1046 532 ll.
1079 445 1323 530 Benedictus
1352 447 1394 530 in
1419 448 1646 534 intentione

240 571 477 660 ostcmlcridi
508 574 628 675 vium,
658 601 761 681 qrrrm
791 573 905 657 duait
932 577 982 658 ad
1008 575 1317 659 tubernaculum
1342 576 1426 662 sive
1449 586 1645 682 montem,

239 733 357 815 ‹purrm
392 703 476 808 ⁸iam
520 707 838 804 irrorrstrurmut3
887 733 996 790 nrum
1035 705 1207 790 dicemlo
1248 705 1370 791 verbu
1404 709 1565 793 Domini
1605 720 1647 796 et

239 865 411 935 scissum,
443 863 551 918 nunc
580 834 751 918 dicendo
780 837 1037 921 solummodo
1061 863 1223 920 sensnm
1250 835 1415 922 Domini
1444 869 1534 925 crim
1557 871 1645 926 rer·
1706 937 1709 949 Α

240 969 299 1050 bis
327 967 408 1050 suis
438 969 480 1048 et
508 994 617 1050 nunc
645 968 888 1074 exponendo
919 970 1042 1052 verba
1072 969 1328 1078 psalmistae,
1368 969 1564 1082 incipiens
1593 975 1646 1059 alr

239 1129 285 1182 eo
314 1097 416 1200 loco,
446 1099 489 1180 in
519 1127 600 1206 quo
630 1099 752 1201 dicit:
804 1101 880 1205 Qui
910 1101 1136 1208 ingreditur
1162 1103 1251 1184 siric
1278 1103 1450 1202 rrrcrculu,
1482 1109 1524 1186 et
1552 1133 1644 1214 per·

241 1228 348 1312 verrit
385 1229 437 1312 ad
474 1227 582 1312 hunc
625 1230 774 1330 locum,
817 1233 888 1315 abi
927 1232 1032 1314 dixit
1061 1232 1110 1314 de
1140 1229 1317 1316 clatione
1347 1235 1548 1330 cavenda:
1587 1237 1646 1319 uit
1753 1245 1759 1258 '

237 1360 367 1445 urrini:
401 1360 477 1465 Qut
506 1361 687 1446 timentes
717 1361 937 1447 Dominum
967 1365 1016 1448 dc
1045 1365 1154 1449 torro·
1178 1362 1429 1452 observantia
1457 1391 1535 1450 seeo
1565 1393 1646 1477 uon

119 1497 120 1502 '
237 1522 278 1578 sc
304 1493 478 1578 reddunt
518 1492 655 1579 clectos.
715 1496 864 1580 l’arnm
902 1497 1010 1580 enim
1051 1495 1187 1580 fuerat
1223 1494 1448 1580 Benedicta
1492 1498 1646 1582 solum·
1705 1587 1707 1592 ,
1795 1553 1803 1571 ·

42 1603 48 1622 ,
118 1699 120 1702 .
237 1626 354 1708 nurdo
396 1625 620 1708 discredo
659 1629 960 1737 compressione
998 1629 1190 1714 vitiorum
1228 1635 1270 1712 et
1299 1630 1538 1737 operatione
1567 1629 1647 1712 vir-

239 1765 386 1860 tutum,
417 1759 496 1842 nisi
525 1759 648 1845 etiam
670 1755 892 1846 addidisset
911 1762 1161 1846 coertionem
1182 1791 1310 1845 sanae
1330 1761 1497 1872 gloriae.
1536 1760 1645 1872 Cog-

236 1899 417 1994 noverat,
446 1922 529 1978 non
559 1897 694 1980 minus
725 1923 840 2004 posse
870 1895 981 1978 nasei
1021 1923 1165 1978 variam
1205 1893 1377 2004 gloriam
1409 1894 1460 1977 de
1487 1893 1645 2006 perfee-

236 2024 345 2106 tione
376 2024 586 2127 virtutum,
629 2056 751 2138 qnam
783 2028 832 2110 de
861 2025 1163 2136 compressione
1193 2023 1399 2109 vitiormn.
1446 2025 1499 2108 nt
1526 2025 1643 2127 bene,
1710 2063 1718 2079 ·

233 2163 448 2264 postquam
487 2153 604 2260 dixit,
644 2159 751 2244 suala
791 2188 877 2244 esse
916 2157 1097 2242 cavenda
1126 2160 1169 2240 et
1197 2157 1306 2239 bona
1335 2155 1507 2266 ugernla,
1548 2157 1645 2240 sub·

229 2287 378 2394 jurrxit,
417 2316 559 2373 curere
598 2290 745 2374 (labere
786 2318 933 2374 vanam
974 2289 1171 2400 gloriam,
1203 2277 1310 2395 'quin
1333 2275 1456 2372 lsolet
1498 2289 1643 2371 vitiare
1742 2401 1743 2406 Ν

219 2417 383 2500 laomim
415 2419 567 2504 irralmn
597 2399 798 2526 clationis,
837 2421 1059 2530 aliquando
1095 2419 1136 2502 in
1177 2417 1394 2531 principio,
1423 2416 1643 2526 aliquando
1766 2443 1767 2448 ‘

234 2551 273 2632 in
303 2549 451 2652 medio,
480 2552 701 2660 aliquando
731 2555 772 2636 in
804 2557 897 2640 fine.
958 2547 1205 2636 Intuendum
1244 2559 1305 2633 est
1334 2548 1433 2674 proc,
1476 2551 1572 2658 quia
1601 2550 1646 2664 in·

237 2697 294 2780 eo,
324 2683 430 2790 quod
464 2684 589 2767 dixit:
617 2687 802 2770 dirruentes
830 2685 1063 2786 Dominum,
1093 2683 1273 2768 ostendit
1300 2683 1446 2778 timore
1474 2679 1641 2766 Domini
1767 2752 1770 2760 .

234 2843 349 2922 posse
378 2813 499 2898 vitari
529 2845 676 2901 vonam
706 2812 903 2927 gloriam
934 2845 1029 2899 nam
1052 2813 1236 2898 timendo
1257 2814 1479 2927 Dominum
1507 2820 1644 2922 potest

84 3009 86 3016 .
183 3015 185 3018 .
232 2947 319 3052 (piris
358 2947 576 3032 elationem
606 2978 761 3051 cavere,
801 2949 827 3035 i.
866 2977 899 3032 e.
931 2946 966 3029 si
996 2977 1037 3030 se
1078 2934 1518 3052 considerathnalcm
1549 2975 1639 3028 eum

136 3138 138 3142 2
232 3075 388 3161 irmeuit
416 3081 552 3190 gratia
579 3081 667 3183 llei,
697 3081 747 3164 de
776 3081 855 3166 hoc
883 3080 993 3190 quod
1011 3071 1124 3189 agit,
1155 3104 1413 3186 nequaquam
1442 3077 1639 3185 superbit.

231 3209 292 3291 dd
331 3193 455 3320 qnam
493 3215 863 3299 considerationem
906 3241 980 3295 uros
1022 3213 1219 3322 provocat
1255 3211 1377 3310 Deus,
1418 3236 1510 3293 oum
1540 3206 1642 3293 dicit

234 3340 284 3422 ad
313 3339 422 3424 doli:
461 3341 539 3427 Udi
567 3371 671 3442 crus,
701 3346 861 3451 perarida
886 3343 1154 3449 floulomuna
1182 3345 1314 3423 torrae
1335 3339 1567 3445 pronatum?
1593 3368 1641 3424 ac

231 3473 262 3555 si
303 3473 479 3562 diceret:
537 3475 581 3561 Si
619 3482 660 3561 te
697 3479 953 3577 consideras,
996 3472 1157 3585 spiralem
1197 3479 1238 3554 te
1277 3467 1421 3580 reperi,
1462 3467 1512 3552 de
1549 3470 1640 3572 hoc,

231 3606 338 3711 quod
369 3608 504 3716 egisti,
542 3635 625 3692 non
656 3617 696 3694 tc
725 3608 861 3692 reddis
889 3607 1052 3692 elutum.
1112 3605 1266 3688 Iterum
1306 3599 1547 3686 intuendum
1578 3607 1641 3686 est

229 3732 268 3818 in
307 3737 385 3820 hoo
426 3738 530 3843 loco,
572 3743 669 3849 <poia
705 3769 798 3824 curn
829 3738 959 3822 dixit:
999 3739 1071 3821 sul
1104 3736 1199 3842 ipsu
1228 3736 1332 3819 donn
1359 3734 1402 3816 in
1430 3761 1474 3816 sc
1503 3729 1583 3818 nou
1612 3761 1638 3815 o

228 3895 269 3947 sc
291 3895 424 3972 posse,
454 3871 526 3953 sod
555 3899 581 3954 a
611 3855 788 3957 Doruino
820 3869 913 3974 fiori
952 3868 1229 3954 oristimoatcs
1264 3871 1498 3982 operantem,
1521 3866 1565 3948 iu
1594 3892 1638 3948 so

228 3993 446 4084 Iloua-inum
483 4005 746 4110 rrropuilicuut
782 4001 886 4086 illud
922 4029 1012 4088 oum
1043 4001 1241 4106 propiata
1284 3999 1483 4116 diceutes:
1512 4081 1516 4090 ,
1541 3993 1634 4079 Nou

228 4128 338 4210 orodis
366 4129 554 4234 Durriae,
585 4161 664 4217 aon
692 4132 820 4238 rrolris,
851 4131 922 4217 scd
949 4131 1105 4218 nomini
1132 4138 1197 4215 tuo
1226 4129 1282 4216 du
1307 4128 1507 4239 picria-nm
1534 4123 1636 4210 liaeo

226 4259 439 4372 (aritem)¹)
476 4291 559 4351 ,vox
600 4264 822 4383 humilium
857 4270 934 4349 est.
992 4249 1373 4349 Naucridendum
1413 4263 1495 4362 est,
1534 4285 1637 4368 quo·

226 4392 345 4476 modo
376 4395 440 4478 vel
469 4398 633 4506 quondo
662 4397 873 4482 dat-‘Deus
902 4395 1077 4507 gloriam
1108 4391 1267 4480 nomini
1296 4421 1383 4479 suo.
1441 4389 1527 4476 Sub
1557 4390 1634 4472 lroo
1679 4431 1682 4438 Δ

225 4533 342 4608 sensu
371 4526 444 4611 dat
472 4532 581 4627 Deus
610 4530 784 4643 gloriam
814 4529 973 4615 nomini
1002 4558 1089 4632 suo,
1120 4556 1213 4613 cum
1248 4527 1411 4611 itu'nos
1440 4521 1635 4630 dignatur
1695 4615 1697 4622 ,
1787 4595 1797 4614 ,.
1919 4520 1923 4529 ’

224 4665 439 4768 protegere
474 4668 600 4773 atque
638 4661 855 4764 custodire,
895 4667 1054 4747 utnon
1083 4658 1215 4746 nostri
1252 4659 1323 4744 sed
1365 4655 1426 4742 sni
1455 4650 1633 4739 nominis
1746 4679 1747 4682 ‘

223 4787 395 4896 gloriam
423 4821 680 4904 quaeramus.
739 4885 742 4894 ,
1235 4813 1237 4816 ·
1710 4819 1712 4826 ·

223 5033 485 5056 Μ

308 5195 338 5278 ¹)
362 5191 613 5304 anacoluthon
635 5193 693 5286 (l).
