3974 5778
863 262 946 356 cap.
972 263 1072 338 ven.
1466 245 1469 251 “
1620 269 1699 354 279
1866 215 1872 230 ⁸

278 513 433 589 rouruo,
461 485 658 597 quamdin
688 511 771 572 nou
804 481 1005 596 digeritur
1025 479 1154 573 cibun.
1196 483 1255 570 At
1275 483 1346 570 ubi
1366 483 1549 598 digestae
1571 483 1697 570 fuerit

274 621 397 718 cibus,
427 627 526 701 tunc
556 619 618 702 ert
645 613 814 701 resectio
842 613 990 719 somni,
1019 616 1062 700 et
1080 613 1171 724 ipsu
1189 612 1364 726 digestio
1391 643 1475 702 non
1499 615 1548 703 tit
1567 615 1691 728 plene
1808 633 1827 652 ¹·
1944 643 1945 650 ¹

275 753 370 834 ante
397 745 573 830 medium
602 750 779 832 noctem.

387 875 606 986 Sequiturr
653 875 767 980 Quod
802 899 894 960 uero
921 877 1046 959 restat
1072 880 1169 980 poet
1197 871 1383 982 uindice,
1423 903 1451 960 o
1476 875 1691 981 frutribus,
1843 951 1848 966 .

272 1009 340 1118 qni
360 1005 555 1114 penitenti
574 1003 636 1090 oct
656 1003 865 1090 tectionrnn
885 1004 1044 1112 aliquid
1066 1004 1259 1113 indigent,
1287 1005 1538 1092 meditationi
1557 1007 1691 1094 inecr·
1769 1033 1773 1045 “
1950 1103 1954 1114 ,

271 1141 413 1224 oiotnr.
456 1137 497 1218 A
520 1134 684 1223 Pnsctm
711 1159 804 1220 uerc
831 1161 956 1244 erepte
984 1137 1041 1222 ud
1068 1159 1197 1240 enpro
1217 1135 1457 1238 praedictos
1487 1135 1689 1222 Cutendos
1809 1143 1813 1154 '

210 1287 214 1292 '
275 1265 515 1354 Nouembris
550 1265 610 1352 cic
636 1269 877 1371 temperetur
904 1265 1006 1350 dora
1035 1262 1268 1374 uigiliarum
1295 1263 1476 1384 apennia,
1517 1270 1561 1348 nt
1582 1292 1690 1372 por·-

272 1399 433 1482 rieeinro
461 1395 684 1497 intercedo,
713 1419 788 1502 qno
814 1395 971 1500 fratres
997 1392 1055 1479 od
1081 1392 1314 1480 necessario
1334 1401 1507 1480 rrotnroc
1531 1403 1692 1521 eccard,

271 1527 472 1628 custodite,
501 1550 596 1610 neon
613 1524 813 1630 metretini,
842 1525 911 1634 qni
937 1523 1153 1630 incipiente
1180 1519 1265 1608 lnce
1286 1522 1437 1632 egendi
1459 1531 1567 1628 cerret,
1593 1527 1686 1610 eret·
1785 1557 1793 1576 ·

268 1664 494 1766 signantur.
551 1653 601 1741 ln
631 1656 710 1742 hoc
739 1656 832 1742 loco
861 1653 971 1767 quod
1011 1652 1162 1737 dieitur
1198 1655 1324 1761 qnod,
1362 1655 1687 1742 subaudiendum

269 1795 350 1873 eut:
393 1787 591 1898 spatium,
621 1793 807 1897 tempus,
835 1815 884 1872 ac
913 1787 948 1871 ei
976 1785 1164 1880 dicerett
1194 1783 1306 1870 istud
1335 1785 1534 1896 epatium,
1575 1789 1686 1898 quod
1788 1794 1792 1807 '
1864 1845 1865 1850 a

156 1973 159 1980 -
267 1924 360 2029 post
389 1915 550 2029 vigilias
580 1921 708 2002 reetut
735 1945 864 2030 usque
895 1944 1028 2022 mune,
1056 1915 1314 2017 inserviatur,
1347 1915 1374 2005 i.
1397 1945 1432 2002 e.
1463 1944 1684 2028 proeoccu-

268 2053 387 2159 petur
422 2047 695 2148 afrntribue;
737 2078 762 2133 u
801 2047 950 2160 quibus
987 2045 1216 2135 frutribus?
1258 2045 1285 2133 i.
1315 2072 1350 2135 e.
1387 2035 1573 2151 abillis,
1615 2037 1686 2158 qui

266 2177 456 2288 indigent
495 2178 651 2291 aliquid
692 2179 877 2294 psalterii
916 2177 981 2264 vel
1020 2176 1265 2282 lectionum,
1311 2182 1535 2290 occupetur
1576 2176 1684 2264 istud
1810 2282 1815 2294 Ι

267 2309 549 2411 interuallum,
589 2311 700 2422 quod
738 2309 990 2422 reetot'poet
1018 2305 1193 2420 vigiliae.
1250 2307 1378 2396 Forte
1406 2307 1506 2394 dicit
1533 2307 1683 2420 uliquis

35 2423 37 2436 '
210 2475 215 2486 ·
265 2437 510 2524 uronuclms:
543 2440 652 2527 Noto
670 2441 842 2554 vigilare
866 2465 992 2551 usque
1018 2466 1151 2547 mane,
1180 2438 1251 2524 sed
1280 2439 1471 2540 dormire,
1501 2439 1681 2549 eoquod

34 2557 35 2560 Ὺ
176 2633 178 2638 .
265 2597 345 2653 uon
387 2566 555 2678 indigeo
592 2569 749 2681 aliquid
788 2573 1011 2682 udJuranto
1046 2567 1238 2660 Domino.
1297 2569 1372 2654 cni
1400 2569 1526 2654 obbae
1555 2571 1678 2654 tutem

45 2685 48 2700 '
118 2759 122 2770 .
265 2697 584 2808 propositionem
615 2701 738 2786 debet
766 2726 1010 2813 proponere,
1040 2725 1162 2808 quum
1192 2696 1262 2782 ilie
1290 2697 1419 2783 irater
1447 2726 1530 2783 non
1552 2700 1681 2808 poenit

31 2923 32 2946 Ε
265 2827 431 2930 uoluere,
462 2834 509 2913 ut
538 2829 777 2916 humilietur
805 2860 856 2916 ex
879 2829 960 2915 hoc
986 2828 1056 2912 ille
1086 2829 1225 2936 irater,
1254 2833 1297 2914 et
1320 2857 1395 2940 pro
1417 2827 1493 2913 huc
1516 2830 1677 2913 rationo

41 3013 48 3055 ,ι
96 2955 98 2958 ’
263 2955 385 3039 debet
410 2956 538 3043 abbas
566 2963 728 3072 cupiens
756 2967 799 3048 et
828 2959 975 3045 doctus
1004 2985 1109 3061 osse,
1152 2963 1199 3042 nt
1236 2961 1367 3069 poenit
1403 2986 1498 3043 snos
1532 2987 1677 3043 neorm-

90 3083 92 3087 ’
263 3087 359 3172 ehoe
401 3088 578 3198 pleniter
606 3093 764 3179 docere.
821 3091 924 3175 Cum
961 3087 1063 3173 dicit
1100 3089 1312 3194 custodito,
1352 3085 1688 3202 subaudiendum

41 3205 48 3339 ζ
100 3251 103 3258 ·
264 3225 342 3303 est:
375 3222 594 3307 intervallo
623 3223 687 3307 vel
716 3222 864 3332 spatio.
921 3221 1038 3322 Mox,
1067 3219 1095 3306 i.
1126 3249 1161 3306 e.
1191 3219 1332 3305 etutim
1358 3219 1551 3306 matutini
1580 3219 1713 3330 sub-³

190 3363 216 3386 ”
264 3357 508 3462 sequuntur,
550 3353 621 3465 qui
659 3353 883 3466 incipiente
920 3353 1010 3437 luce
1047 3351 1200 3464 egendi
1231 3341 1341 3440 eunt.
1398 3349 1448 3435 In
1475 3350 1555 3437 hoo
1583 3352 1674 3438 loco
1871 3366 1874 3378 ’

264 3483 497 3570 oronitestet
518 3485 565 3573 B.
590 3485 850 3590 Benedictus,
881 3513 973 3570 cum
1007 3483 1110 3570 dicit
1136 3481 1323 3568 matutini
1345 3482 1430 3570 lnce
1462 3483 1675 3590 incipiente

145 3625 148 3632 '
262 3612 409 3718 cpenrdi
435 3622 553 3718 cerret,
594 3615 691 3726 quin
719 3617 833 3701 omni
861 3620 1068 3728 tempore,
1107 3614 1135 3702 i.
1163 3639 1200 3699 e.
1238 3615 1324 3698 tum
1352 3611 1398 3698 in
1426 3611 1676 3724 quotidianis

258 3740 419 3845 diebus,
463 3772 587 3854 quom
616 3746 661 3830 in
691 3744 905 3832 dorninicis
946 3750 989 3832 et
1023 3741 1141 3830 testie
1170 3741 1314 3828 diebus
1353 3743 1546 3830 matutini
1584 3745 1674 3829 luco

257 3870 477 3981 incipiente
513 3875 667 3989 egendi
706 3881 826 3977 ennt;
868 3905 963 3962 uum
999 3876 1035 3960 ei
1071 3872 1199 3960 aliter.
1229 3874 1356 3960 fuerit
1394 3879 1533 3960 actum
1572 3873 1671 3958 illud
1826 3899 1831 3912 ·

259 4003 508 4091 matutinum
536 4012 636 4092 unte
664 4007 941 4120 inceptionem
969 4006 1084 4109 lucie,
1112 4006 1369 4119 negligentia
1392 4006 1479 4117 jam
1508 4005 1598 4094 erit.

365 4133 605 4223 Notandum
632 4148 694 4227 est
723 4141 844 4245 enim,
876 4167 1002 4252 quare
1021 4137 1128 4224 dixit
1159 4137 1400 4226 adolendis
1418 4137 1671 4241 Nouenrbriu

255 4290 346 4349 cum
385 4267 515 4356 hiems
555 4299 639 4356 uon
678 4271 898 4358 inchoetur
937 4269 1179 4358 coalendis
1207 4269 1474 4374 Novembris,
1511 4271 1581 4356 sed
1618 4270 1670 4355 ab

256 4401 399 4483 octavo
428 4400 703 4489 Calendarum
739 4402 1062 4489 Decembrium?
1117 4397 1215 4488 Ideo
1254 4403 1360 4488 dixit
1399 4431 1428 4488 u
1468 4401 1670 4506 Chloridis,

254 4529 547 4644 quiapropter
574 4538 731 4647 neptem
763 4536 850 4621 dies
878 4532 1025 4620 hiemis
1053 4533 1096 4618 in
1116 4533 1343 4620 Novembri
1372 4562 1510 4620 mense
1538 4534 1697 4621 voluit·

254 4662 457 4748 contineri
484 4669 620 4751 totum
651 4694 845 4769 mensem,
875 4665 902 4756 i.
927 4694 964 4755 o.
992 4694 1018 4751 a
1045 4672 1163 4777 purte
1192 4669 1337 4753 totum.
1383 4666 1501 4767 Quod
1530 4672 1669 4752 autem
1730 4737 1733 4744 ,

254 4787 353 4878 dicit
379 4801 518 4882 ectum
544 4795 648 4884 nora
673 4797 801 4884 noetio
828 4799 1074 4908 surgendum
1102 4803 1182 4902 eet,
1223 4797 1392 4883 dubium
1427 4804 1516 4903 ests
1531 4807 1670 4884 utrum

254 4920 473 5014 inchoante
503 4934 665 5033 octavu,
705 4960 760 5015 an
797 4928 954 5035 media,
992 4959 1044 5015 un
1074 4957 1203 5041 prope
1231 4928 1355 5014 finem
1386 4928 1514 5042 ipsine
1543 4930 1670 5044 horae

253 5059 421 5142 octavae
449 5061 701 5172 surgendum
730 5068 805 5151 eut.
862 5059 944 5148 Sed
971 5059 1052 5147 ictu
1079 5063 1217 5172 pateat
1244 5087 1330 5146 erse
1362 5057 1577 5172 discretio,
1610 5069 1665 5149 ut

255 5192 413 5295 quuuto
442 5189 533 5302 plns
563 5195 661 5278 suut
690 5193 867 5305 majores
895 5195 1050 5297 nootee,
1080 5193 1200 5278 tanto
1225 5191 1320 5304 plue
1346 5218 1475 5307 prope
1503 5191 1666 5283 initium
1719 5195 1721 5202 ’
