<?xml version="1.0" encoding="UTF-8"?>
<!DOCTYPE html PUBLIC "-//W3C//DTD XHTML 1.0 Transitional//EN"
    "http://www.w3.org/TR/xhtml1/DTD/xhtml1-transitional.dtd">
<html xmlns="http://www.w3.org/1999/xhtml" xml:lang="en" lang="en">
 <head>
  <title>
</title>
<meta http-equiv="Content-Type" content="text/html;charset=utf-8" />
  <meta name='ocr-system' content='tesseract 3.04.00' />
  <meta name='ocr-capabilities' content='ocr_page ocr_carea ocr_par ocr_line ocrx_word'/>
</head>
<body>
  <div class='ocr_page' id='page_1' title='image "./vitaetregulassp01benegoog_0324.png"; bbox 0 0 3974 5778; ppageno 0'>
   <div class='ocr_carea' id='block_1_1' title="bbox 864 101 1683 270">
    <p class='ocr_par' dir='ltr' id='par_1_1' title="bbox 864 101 1683 270">
     <span class='ocr_line' id='line_1_1' title="bbox 864 101 1683 270; baseline 0 -24"><span class='ocrx_word' id='word_1_1' title='bbox 864 101 1076 270; x_wconf 47' lang='lat' dir='ltr'>napssxru.</span> <span class='ocrx_word' id='word_1_2' title='bbox 1601 183 1683 270; x_wconf 78' lang='lat'>295</span> 
     </span>
    </p>
   </div>
   <div class='ocr_carea' id='block_1_2' title="bbox 268 389 1791 1174">
    <p class='ocr_par' dir='ltr' id='par_1_2' title="bbox 270 389 1684 500">
     <span class='ocr_line' id='line_1_2' title="bbox 270 389 1684 500; baseline -0.001 -9"><span class='ocrx_word' id='word_1_3' title='bbox 270 407 311 492; x_wconf 91' lang='lat' dir='ltr'>in</span> <span class='ocrx_word' id='word_1_4' title='bbox 340 428 389 488; x_wconf 86' lang='lat' dir='ltr'>eo</span> <span class='ocrx_word' id='word_1_5' title='bbox 417 398 521 500; x_wconf 84' lang='lat' dir='ltr'>loeo,</span> <span class='ocrx_word' id='word_1_6' title='bbox 550 395 623 480; x_wconf 90' lang='lat' dir='ltr'>ubi</span> <span class='ocrx_word' id='word_1_7' title='bbox 651 393 774 479; x_wconf 82' lang='lat' dir='ltr'>dinit:</span> <span class='ocrx_word' id='word_1_8' title='bbox 803 389 1057 478; x_wconf 81' lang='lat' dir='ltr'>lllmnr&#39;oaus</span> <span class='ocrx_word' id='word_1_9' title='bbox 1084 401 1127 480; x_wconf 83' lang='lat' dir='ltr'>lu</span> <span class='ocrx_word' id='word_1_10' title='bbox 1159 395 1403 484; x_wconf 76' lang='lat' dir='ltr'>miralodr&#39;lor</span> <span class='ocrx_word' id='word_1_11' title='bbox 1429 427 1457 486; x_wconf 89' lang='lat' dir='ltr'>o</span> <span class='ocrx_word' id='word_1_12' title='bbox 1483 402 1684 490; x_wconf 68' lang='lat' dir='ltr'>moralitas</span> 
     </span>
    </p>

    <p class='ocr_par' dir='ltr' id='par_1_3' title="bbox 268 525 1791 1174">
     <span class='ocr_line' id='line_1_3' title="bbox 271 525 1791 638; baseline 0.002 -20"><span class='ocrx_word' id='word_1_13' title='bbox 271 528 455 622; x_wconf 73' lang='lat' dir='ltr'>aeaeae.</span> <span class='ocrx_word' id='word_1_14' title='bbox 513 525 563 610; x_wconf 94' lang='lat' dir='ltr'>In</span> <span class='ocrx_word' id='word_1_15' title='bbox 590 525 893 638; x_wconf 83' lang='lat' dir='ltr'>septuagesimo</span> <span class='ocrx_word' id='word_1_16' title='bbox 920 551 1018 610; x_wconf 84' lang='lat' dir='ltr'>vero</span> <span class='ocrx_word' id='word_1_17' title='bbox 1047 527 1222 635; x_wconf 86' lang='lat' dir='ltr'>septimo</span> <span class='ocrx_word' id='word_1_18' title='bbox 1251 526 1408 637; x_wconf 84' lang='lat' dir='ltr'>psalmo</span> <span class='ocrx_word' id='word_1_19' title='bbox 1448 534 1604 618; x_wconf 87' lang='lat' dir='ltr'>montio</span> <span class='ocrx_word' id='word_1_20' title='bbox 1634 535 1683 620; x_wconf 86' lang='lat' dir='ltr'>fit</span> <span class='ocrx_word' id='word_1_21' title='bbox 1789 613 1791 620; x_wconf 87' lang='grc'><strong>.</strong></span> 
     </span>
     <span class='ocr_line' id='line_1_4' title="bbox 269 655 1683 762; baseline -0.001 -10"><span class='ocrx_word' id='word_1_22' title='bbox 269 665 368 752; x_wconf 83' lang='lat' dir='ltr'>lueis</span> <span class='ocrx_word' id='word_1_23' title='bbox 395 664 440 748; x_wconf 92' lang='lat' dir='ltr'>in</span> <span class='ocrx_word' id='word_1_24' title='bbox 474 689 522 747; x_wconf 84' lang='lat' dir='ltr'>eo</span> <span class='ocrx_word' id='word_1_25' title='bbox 551 659 666 762; x_wconf 81' lang='lat' dir='ltr'>loeo,</span> <span class='ocrx_word' id='word_1_26' title='bbox 703 656 775 742; x_wconf 92' lang='lat' dir='ltr'>ubi</span> <span class='ocrx_word' id='word_1_27' title='bbox 803 655 927 744; x_wconf 86' lang='lat' dir='ltr'>dioit:</span> <span class='ocrx_word' id='word_1_28' title='bbox 967 656 1025 740; x_wconf 83' lang='lat' dir='ltr'>Iro</span> <span class='ocrx_word' id='word_1_29' title='bbox 1052 656 1119 744; x_wconf 81' lang='lat' dir='ltr'>die</span> <span class='ocrx_word' id='word_1_30' title='bbox 1146 657 1319 744; x_wconf 81' lang='lat' dir='ltr'><strong><em>clamavi</em></strong></span> <span class='ocrx_word' id='word_1_31' title='bbox 1344 667 1383 745; x_wconf 82' lang='lat' dir='ltr'>et</span> <span class='ocrx_word' id='word_1_32' title='bbox 1409 670 1518 752; x_wconf 84' lang='lat' dir='ltr'>noete</span> <span class='ocrx_word' id='word_1_33' title='bbox 1545 690 1683 752; x_wconf 82' lang='lat' dir='ltr'>coram</span> 
     </span>
     <span class='ocr_line' id='line_1_5' title="bbox 268 788 1680 902; baseline 0.002 -20"><span class='ocrx_word' id='word_1_34' title='bbox 268 807 315 886; x_wconf 88' lang='lat' dir='ltr'>lo.</span> <span class='ocrx_word' id='word_1_35' title='bbox 359 794 407 879; x_wconf 93' lang='lat' dir='ltr'>In</span> <span class='ocrx_word' id='word_1_36' title='bbox 437 789 689 902; x_wconf 81' lang='lat' dir='ltr'>octogesimo</span> <span class='ocrx_word' id='word_1_37' title='bbox 720 815 815 874; x_wconf 81' lang='lat' dir='ltr'>vero</span> <span class='ocrx_word' id='word_1_38' title='bbox 845 816 954 876; x_wconf 93' lang='lat' dir='ltr'>nono</span> <span class='ocrx_word' id='word_1_39' title='bbox 975 788 1133 900; x_wconf 88' lang='lat' dir='ltr'>psalmo</span> <span class='ocrx_word' id='word_1_40' title='bbox 1162 791 1211 874; x_wconf 88' lang='lat' dir='ltr'>fit</span> <span class='ocrx_word' id='word_1_41' title='bbox 1243 793 1399 879; x_wconf 88' lang='lat' dir='ltr'>mentio</span> <span class='ocrx_word' id='word_1_42' title='bbox 1430 795 1530 882; x_wconf 84' lang='lat' dir='ltr'>luoie</span> <span class='ocrx_word' id='word_1_43' title='bbox 1559 797 1603 880; x_wconf 92' lang='lat' dir='ltr'>in</span> <span class='ocrx_word' id='word_1_44' title='bbox 1632 827 1680 884; x_wconf 83' lang='lat' dir='ltr'>eo</span> 
     </span>
     <span class='ocr_line' id='line_1_6' title="bbox 270 921 1680 1039; baseline 0 -23"><span class='ocrx_word' id='word_1_45' title='bbox 270 931 369 1030; x_wconf 85' lang='lat' dir='ltr'>loeo,</span> <span class='ocrx_word' id='word_1_46' title='bbox 398 924 470 1010; x_wconf 91' lang='lat' dir='ltr'>ubi</span> <span class='ocrx_word' id='word_1_47' title='bbox 494 923 618 1009; x_wconf 74' lang='lat' dir='ltr'>dioitr</span> <span class='ocrx_word' id='word_1_48' title='bbox 647 923 779 1006; x_wconf 76' lang='lat' dir='ltr'>Moeno</span> <span class='ocrx_word' id='word_1_49' title='bbox 806 921 910 1006; x_wconf 79' lang='lat' dir='ltr'>siout</span> <span class='ocrx_word' id='word_1_50' title='bbox 936 921 1059 1008; x_wconf 83' lang='lat' dir='ltr'>loorbo</span> <span class='ocrx_word' id='word_1_51' title='bbox 1087 928 1281 1010; x_wconf 81' lang='lat' dir='ltr'>trauseat.</span> <span class='ocrx_word' id='word_1_52' title='bbox 1339 925 1389 1010; x_wconf 88' lang='lat' dir='ltr'>ln</span> <span class='ocrx_word' id='word_1_53' title='bbox 1411 927 1680 1039; x_wconf 86' lang='lat' dir='ltr'>nonagesimo</span> 
     </span>
     <span class='ocr_line' id='line_1_7' title="bbox 268 1052 1680 1174; baseline 0.001 -30"><span class='ocrx_word' id='word_1_54' title='bbox 268 1058 422 1174; x_wconf 85' lang='lat' dir='ltr'>psalmo</span> <span class='ocrx_word' id='word_1_55' title='bbox 451 1054 686 1172; x_wconf 74' lang='lat' dir='ltr'>mentiofit</span> <span class='ocrx_word' id='word_1_56' title='bbox 714 1052 830 1157; x_wconf 82' lang='lat' dir='ltr'>lueis,</span> <span class='ocrx_word' id='word_1_57' title='bbox 859 1053 929 1138; x_wconf 89' lang='lat' dir='ltr'>nbi</span> <span class='ocrx_word' id='word_1_58' title='bbox 959 1053 1087 1139; x_wconf 85' lang='lat' dir='ltr'>dicit:</span> <span class='ocrx_word' id='word_1_59' title='bbox 1125 1053 1181 1140; x_wconf 86' lang='lat' dir='ltr'>ad</span> <span class='ocrx_word' id='word_1_60' title='bbox 1209 1057 1535 1143; x_wconf 81' lang='lat' dir='ltr'>orrrrrurtioodum</span> <span class='ocrx_word' id='word_1_61' title='bbox 1561 1085 1680 1144; x_wconf 77' lang='lat' dir='ltr'>rorone</span> 
     </span>
    </p>
   </div>
   <div class='ocr_carea' id='block_1_3' title="bbox 51 1184 1807 1440">
    <p class='ocr_par' dir='ltr' id='par_1_4' title="bbox 51 1184 1807 1440">
     <span class='ocr_line' id='line_1_8' title="bbox 51 1184 1807 1300; baseline 0.001 -24"><span class='ocrx_word' id='word_1_62' title='bbox 51 1285 54 1292; x_wconf 58' lang='grc'>,</span> <span class='ocrx_word' id='word_1_63' title='bbox 268 1187 587 1276; x_wconf 71' lang='lat' dir='ltr'>irrisorioordiooo</span> <span class='ocrx_word' id='word_1_64' title='bbox 614 1192 738 1288; x_wconf 79' lang='lat' dir='ltr'>tuom,</span> <span class='ocrx_word' id='word_1_65' title='bbox 767 1188 810 1268; x_wconf 87' lang='lat' dir='ltr'>et</span> <span class='ocrx_word' id='word_1_66' title='bbox 837 1184 880 1268; x_wconf 85' lang='lat' dir='ltr'>in</span> <span class='ocrx_word' id='word_1_67' title='bbox 909 1185 1132 1272; x_wconf 85' lang='lat' dir='ltr'>oentoeimo</span> <span class='ocrx_word' id='word_1_68' title='bbox 1157 1185 1471 1300; x_wconf 85' lang='lat' dir='ltr'>quadragesimo</span> <span class='ocrx_word' id='word_1_69' title='bbox 1500 1191 1679 1278; x_wconf 82' lang='lat' dir='ltr'>seeundo</span> <span class='ocrx_word' id='word_1_70' title='bbox 1802 1197 1807 1208; x_wconf 84' lang='lat'>&#39;</span> 
     </span>
     <span class='ocr_line' id='line_1_9' title="bbox 54 1316 1681 1440; baseline 0.001 -34"><span class='ocrx_word' id='word_1_71' title='bbox 54 1364 58 1374; x_wconf 90' lang='lat'>·</span> <span class='ocrx_word' id='word_1_72' title='bbox 163 1432 168 1440; x_wconf 85' lang='lat'><em>.</em></span> <span class='ocrx_word' id='word_1_73' title='bbox 267 1321 423 1435; x_wconf 80' lang='lat' dir='ltr'>psalmo</span> <span class='ocrx_word' id='word_1_74' title='bbox 452 1319 611 1404; x_wconf 85' lang='lat' dir='ltr'>mentio</span> <span class='ocrx_word' id='word_1_75' title='bbox 641 1318 689 1401; x_wconf 86' lang='lat' dir='ltr'>fit</span> <span class='ocrx_word' id='word_1_76' title='bbox 716 1316 831 1422; x_wconf 82' lang='lat' dir='ltr'>lueis,</span> <span class='ocrx_word' id='word_1_77' title='bbox 861 1317 933 1402; x_wconf 92' lang='lat' dir='ltr'>ubi</span> <span class='ocrx_word' id='word_1_78' title='bbox 961 1317 1083 1404; x_wconf 81' lang='lat' dir='ltr'>dicit:</span> <span class='ocrx_word' id='word_1_79' title='bbox 1111 1318 1311 1404; x_wconf 82' lang='lat' dir='ltr'>Audiloor</span> <span class='ocrx_word' id='word_1_80' title='bbox 1335 1319 1407 1424; x_wconf 76' lang='lat' dir='ltr'>luo</span> <span class='ocrx_word' id='word_1_81' title='bbox 1433 1319 1535 1405; x_wconf 83' lang='lat' dir='ltr'>milri</span> <span class='ocrx_word' id='word_1_82' title='bbox 1561 1349 1681 1408; x_wconf 79' lang='lat' dir='ltr'>arona</span> 
     </span>
    </p>
   </div>
   <div class='ocr_carea' id='block_1_4' title="bbox 261 1449 1795 2348">
    <p class='ocr_par' dir='ltr' id='par_1_5' title="bbox 266 1449 736 1539">
     <span class='ocr_line' id='line_1_10' title="bbox 266 1449 736 1539; baseline -0.019 0"><span class='ocrx_word' id='word_1_83' title='bbox 266 1449 584 1539; x_wconf 71' lang='lat' dir='ltr'>irriserioorcliom</span> <span class='ocrx_word' id='word_1_84' title='bbox 610 1454 736 1534; x_wconf 80' lang='lat' dir='ltr'>tamn.</span> 
     </span>
    </p>

    <p class='ocr_par' dir='ltr' id='par_1_6' title="bbox 261 1579 1795 2348">
     <span class='ocr_line' id='line_1_11' title="bbox 372 1579 1679 1694; baseline 0.003 -28"><span class='ocrx_word' id='word_1_85' title='bbox 372 1581 505 1666; x_wconf 86' lang='lat' dir='ltr'>Simili</span> <span class='ocrx_word' id='word_1_86' title='bbox 534 1580 655 1668; x_wconf 87' lang='lat' dir='ltr'>modo</span> <span class='ocrx_word' id='word_1_87' title='bbox 684 1584 822 1691; x_wconf 84' lang='lat' dir='ltr'>potest</span> <span class='ocrx_word' id='word_1_88' title='bbox 858 1579 1038 1692; x_wconf 79' lang='lat' dir='ltr'>intelligi</span> <span class='ocrx_word' id='word_1_89' title='bbox 1076 1579 1348 1686; x_wconf 72' lang='lat' dir='ltr'>decenario,</span> <span class='ocrx_word' id='word_1_90' title='bbox 1388 1582 1488 1694; x_wconf 83' lang='lat' dir='ltr'>quia</span> <span class='ocrx_word' id='word_1_91' title='bbox 1524 1584 1679 1670; x_wconf 82' lang='lat' dir='ltr'>inillis</span> 
     </span>
     <span class='ocr_line' id='line_1_12' title="bbox 266 1711 1744 1834; baseline 0.001 -35"><span class='ocrx_word' id='word_1_92' title='bbox 266 1718 312 1799; x_wconf 84' lang='lat' dir='ltr'>fit</span> <span class='ocrx_word' id='word_1_93' title='bbox 335 1712 487 1798; x_wconf 87' lang='lat' dir='ltr'>mentio</span> <span class='ocrx_word' id='word_1_94' title='bbox 516 1714 617 1799; x_wconf 85' lang='lat' dir='ltr'>luoio</span> <span class='ocrx_word' id='word_1_95' title='bbox 646 1720 700 1806; x_wconf 77' lang='lat' dir='ltr'>ea</span> <span class='ocrx_word' id='word_1_96' title='bbox 716 1713 808 1800; x_wconf 87' lang='lat' dir='ltr'>diei.</span> <span class='ocrx_word' id='word_1_97' title='bbox 853 1713 988 1814; x_wconf 81' lang='lat' dir='ltr'>Quare</span> <span class='ocrx_word' id='word_1_98' title='bbox 1016 1739 1113 1798; x_wconf 87' lang='lat' dir='ltr'>vero</span> <span class='ocrx_word' id='word_1_99' title='bbox 1143 1711 1347 1797; x_wconf 82' lang='lat' dir='ltr'>canticum</span> <span class='ocrx_word' id='word_1_100' title='bbox 1365 1711 1677 1801; x_wconf 88' lang='lat' dir='ltr'>Deuteronomii</span> <span class='ocrx_word' id='word_1_101' title='bbox 1727 1767 1744 1834; x_wconf 74' lang='lat'>&#39;.</span> 
     </span>
     <span class='ocr_line' id='line_1_13' title="bbox 263 1830 1675 1956; baseline -0.001 -26"><span class='ocrx_word' id='word_1_102' title='bbox 263 1843 618 1949; x_wconf 68' lang='lat' dir='ltr'>conterendae,</span> <span class='ocrx_word' id='word_1_103' title='bbox 647 1843 762 1930; x_wconf 84' lang='lat' dir='ltr'>Beda</span> <span class='ocrx_word' id='word_1_104' title='bbox 790 1842 910 1927; x_wconf 88' lang='lat' dir='ltr'>dooet</span> <span class='ocrx_word' id='word_1_105' title='bbox 936 1830 992 1926; x_wconf 88' lang='lat' dir='ltr'>iu</span> <span class='ocrx_word' id='word_1_106' title='bbox 1010 1833 1193 1928; x_wconf 83' lang='lat' dir='ltr'>traotatu</span> <span class='ocrx_word' id='word_1_107' title='bbox 1221 1844 1425 1956; x_wconf 82' lang='lat' dir='ltr'>evangelii</span> <span class='ocrx_word' id='word_1_108' title='bbox 1452 1843 1675 1930; x_wconf 85' lang='lat' dir='ltr'>seeundum</span> 
     </span>
     <span class='ocr_line' id='line_1_14' title="bbox 263 1969 1795 2089; baseline -0.001 -27"><span class='ocrx_word' id='word_1_109' title='bbox 263 1977 412 2062; x_wconf 83' lang='lat' dir='ltr'>Lucam</span> <span class='ocrx_word' id='word_1_110' title='bbox 423 1979 455 2089; x_wconf 87' lang='lat'>¹)</span> <span class='ocrx_word' id='word_1_111' title='bbox 484 1978 527 2063; x_wconf 89' lang='lat' dir='ltr'>in</span> <span class='ocrx_word' id='word_1_112' title='bbox 550 1969 660 2078; x_wconf 90' lang='lat' dir='ltr'>looo,</span> <span class='ocrx_word' id='word_1_113' title='bbox 691 1975 762 2061; x_wconf 87' lang='lat' dir='ltr'>ubi</span> <span class='ocrx_word' id='word_1_114' title='bbox 791 1975 964 2061; x_wconf 85' lang='lat' dir='ltr'>dieitur:</span> <span class='ocrx_word' id='word_1_115' title='bbox 1006 1973 1065 2059; x_wconf 84' lang='lat' dir='ltr'>Et</span> <span class='ocrx_word' id='word_1_116' title='bbox 1090 1973 1198 2058; x_wconf 84' lang='lat' dir='ltr'>vonit</span> <span class='ocrx_word' id='word_1_117' title='bbox 1228 1971 1460 2081; x_wconf 54' lang='lat' dir='ltr'>Notaretur,</span> <span class='ocrx_word' id='word_1_118' title='bbox 1488 1975 1558 2060; x_wconf 82' lang='lat' dir='ltr'>ati</span> <span class='ocrx_word' id='word_1_119' title='bbox 1586 1982 1673 2061; x_wconf 84' lang='lat' dir='ltr'>aral</span> <span class='ocrx_word' id='word_1_120' title='bbox 1791 2025 1795 2034; x_wconf 90' lang='lat'><strong>·</strong></span> 
     </span>
     <span class='ocr_line' id='line_1_15' title="bbox 261 2104 1678 2211; baseline 0.003 -22"><span class='ocrx_word' id='word_1_121' title='bbox 261 2107 446 2211; x_wconf 68' lang='lat' dir='ltr'>aululae,</span> <span class='ocrx_word' id='word_1_122' title='bbox 476 2112 513 2192; x_wconf 88' lang='lat' dir='ltr'>ol</span> <span class='ocrx_word' id='word_1_123' title='bbox 541 2107 708 2194; x_wconf 80' lang='lat' dir='ltr'>introvit</span> <span class='ocrx_word' id='word_1_124' title='bbox 736 2104 953 2192; x_wconf 68' lang='lat' dir='ltr'>oeconomo</span> <span class='ocrx_word' id='word_1_125' title='bbox 981 2105 1306 2191; x_wconf 82' lang='lat' dir='ltr'>oorrsuolucliuom</span> <span class='ocrx_word' id='word_1_126' title='bbox 1333 2131 1452 2190; x_wconf 80' lang='lat' dir='ltr'>eoram</span> <span class='ocrx_word' id='word_1_127' title='bbox 1481 2108 1547 2192; x_wconf 84' lang='lat' dir='ltr'>dio</span> <span class='ocrx_word' id='word_1_128' title='bbox 1572 2107 1678 2193; x_wconf 73' lang='lat' dir='ltr'>Sao·</span> 
     </span>
     <span class='ocr_line' id='line_1_16' title="bbox 262 2233 1677 2348; baseline 0.002 -27"><span class='ocrx_word' id='word_1_129' title='bbox 262 2238 369 2323; x_wconf 76' lang='lat' dir='ltr'>oolla·</span> <span class='ocrx_word' id='word_1_130' title='bbox 383 2238 428 2322; x_wconf 81' lang='lat' dir='ltr'>r&#39;rr</span> <span class='ocrx_word' id='word_1_131' title='bbox 446 2264 695 2348; x_wconf 67' lang='lat' dir='ltr'>oyrroyooom</span> <span class='ocrx_word' id='word_1_132' title='bbox 724 2299 734 2324; x_wconf 89' lang='lat'><strong>.</strong></span> <span class='ocrx_word' id='word_1_133' title='bbox 765 2303 776 2326; x_wconf 91' lang='lat'><strong>.</strong></span> <span class='ocrx_word' id='word_1_134' title='bbox 808 2301 819 2324; x_wconf 91' lang='lat'><strong>.</strong></span> <span class='ocrx_word' id='word_1_135' title='bbox 851 2302 862 2323; x_wconf 91' lang='lat'><strong>.</strong></span> <span class='ocrx_word' id='word_1_136' title='bbox 897 2233 1155 2338; x_wconf 82' lang='lat' dir='ltr'>Corolluobont</span> <span class='ocrx_word' id='word_1_137' title='bbox 1174 2241 1306 2320; x_wconf 84' lang='lat' dir='ltr'>autom</span> <span class='ocrx_word' id='word_1_138' title='bbox 1325 2237 1392 2322; x_wconf 85' lang='lat' dir='ltr'>dio</span> <span class='ocrx_word' id='word_1_139' title='bbox 1418 2239 1604 2324; x_wconf 77' lang='lat' dir='ltr'>sabbathi</span> <span class='ocrx_word' id='word_1_140' title='bbox 1633 2239 1677 2324; x_wconf 83' lang='lat' dir='ltr'>iu</span> 
     </span>
    </p>
   </div>
   <div class='ocr_carea' id='block_1_5' title="bbox 265 2364 1928 2478">
    <p class='ocr_par' dir='ltr' id='par_1_7' title="bbox 265 2364 1928 2478">
     <span class='ocr_line' id='line_1_17' title="bbox 265 2364 1928 2478; baseline -0.003 -26"><span class='ocrx_word' id='word_1_141' title='bbox 265 2370 493 2478; x_wconf 67' lang='lat' dir='ltr'>surrogoyia</span> <span class='ocrx_word' id='word_1_142' title='bbox 512 2371 701 2478; x_wconf 78' lang='lat' dir='ltr'>rrl‚juolo</span> <span class='ocrx_word' id='word_1_143' title='bbox 719 2371 826 2478; x_wconf 78' lang='lat' dir='ltr'>quod</span> <span class='ocrx_word' id='word_1_144' title='bbox 840 2367 1047 2454; x_wconf 77' lang='lat' dir='ltr'>Dominus</span> <span class='ocrx_word' id='word_1_145' title='bbox 1058 2364 1289 2474; x_wconf 76' lang='lat' dir='ltr'>proecepit:</span> <span class='ocrx_word' id='word_1_146' title='bbox 1324 2365 1475 2456; x_wconf 81' lang='lat' dir='ltr'>Vocato</span> <span class='ocrx_word' id='word_1_147' title='bbox 1491 2369 1677 2473; x_wconf 83' lang='lat' dir='ltr'>elvidele,</span> <span class='ocrx_word' id='word_1_148' title='bbox 1835 2463 1839 2473; x_wconf 28' lang='lat'>¹</span> <span class='ocrx_word' id='word_1_149' title='bbox 1924 2439 1928 2447; x_wconf 89' lang='lat'>.</span> 
     </span>
    </p>
   </div>
   <div class='ocr_carea' id='block_1_6' title="bbox 260 2481 1677 2612">
    <p class='ocr_par' dir='ltr' id='par_1_8' title="bbox 260 2481 1677 2612">
     <span class='ocr_line' id='line_1_18' title="bbox 260 2481 1677 2612; baseline 0.001 -30"><span class='ocrx_word' id='word_1_150' title='bbox 260 2501 446 2604; x_wconf 75' lang='lat' dir='ltr'>quonlam</span> <span class='ocrx_word' id='word_1_151' title='bbox 474 2529 544 2610; x_wconf 69' lang='lat' dir='ltr'>eqo</span> <span class='ocrx_word' id='word_1_152' title='bbox 571 2527 662 2588; x_wconf 81' lang='lat' dir='ltr'>oum</span> <span class='ocrx_word' id='word_1_153' title='bbox 689 2501 819 2604; x_wconf 84' lang='lat' dir='ltr'>Deae,</span> <span class='ocrx_word' id='word_1_154' title='bbox 838 2499 871 2608; x_wconf 81' lang='lat'>²)</span> <span class='ocrx_word' id='word_1_155' title='bbox 900 2497 1057 2584; x_wconf 82' lang='lat' dir='ltr'>feriatis</span> <span class='ocrx_word' id='word_1_156' title='bbox 1086 2499 1229 2584; x_wconf 88' lang='lat' dir='ltr'>mundi</span> <span class='ocrx_word' id='word_1_157' title='bbox 1257 2481 1438 2612; x_wconf 79' lang='lat' dir='ltr'>negotiis</span> <span class='ocrx_word' id='word_1_158' title='bbox 1467 2501 1519 2586; x_wconf 83' lang='lat' dir='ltr'>ad</span> <span class='ocrx_word' id='word_1_159' title='bbox 1549 2501 1677 2585; x_wconf 88' lang='lat' dir='ltr'>modi·</span> 
     </span>
    </p>
   </div>
   <div class='ocr_carea' id='block_1_7' title="bbox 56 2628 1676 2742">
    <p class='ocr_par' dir='ltr' id='par_1_9' title="bbox 56 2628 1676 2742">
     <span class='ocr_line' id='line_1_19' title="bbox 56 2628 1676 2742; baseline 0.002 -29"><span class='ocrx_word' id='word_1_160' title='bbox 56 2642 60 2654; x_wconf 88' lang='lat'><em>&#39;</em></span> <span class='ocrx_word' id='word_1_161' title='bbox 128 2713 132 2724; x_wconf 85' lang='grc'>,</span> <span class='ocrx_word' id='word_1_162' title='bbox 260 2631 382 2715; x_wconf 83' lang='lat' dir='ltr'>tonde</span> <span class='ocrx_word' id='word_1_163' title='bbox 420 2631 523 2742; x_wconf 84' lang='lat' dir='ltr'>legis</span> <span class='ocrx_word' id='word_1_164' title='bbox 563 2631 720 2719; x_wconf 83' lang='lat' dir='ltr'>monita</span> <span class='ocrx_word' id='word_1_165' title='bbox 759 2631 899 2742; x_wconf 88' lang='lat' dir='ltr'>quieto</span> <span class='ocrx_word' id='word_1_166' title='bbox 927 2629 1049 2715; x_wconf 84' lang='lat' dir='ltr'>eorde</span> <span class='ocrx_word' id='word_1_167' title='bbox 1082 2628 1320 2719; x_wconf 78' lang='lat' dir='ltr'>residerent.</span> <span class='ocrx_word' id='word_1_168' title='bbox 1380 2631 1506 2740; x_wconf 79' lang='lat' dir='ltr'>Cujus</span> <span class='ocrx_word' id='word_1_169' title='bbox 1534 2659 1582 2716; x_wconf 87' lang='lat' dir='ltr'>eo</span> <span class='ocrx_word' id='word_1_170' title='bbox 1612 2632 1676 2716; x_wconf 89' lang='lat' dir='ltr'>die</span> 
     </span>
    </p>
   </div>
   <div class='ocr_carea' id='block_1_8' title="bbox 258 2758 1760 3400">
    <p class='ocr_par' dir='ltr' id='par_1_10' title="bbox 258 2758 1760 3400">
     <span class='ocr_line' id='line_1_20' title="bbox 261 2758 1671 2875; baseline 0.001 -31"><span class='ocrx_word' id='word_1_171' title='bbox 261 2761 488 2846; x_wconf 74' lang='lat' dir='ltr'>devotioni·</span> <span class='ocrx_word' id='word_1_172' title='bbox 517 2763 701 2875; x_wconf 78' lang='lat' dir='ltr'>agendae</span> <span class='ocrx_word' id='word_1_173' title='bbox 729 2761 928 2848; x_wconf 84' lang='lat' dir='ltr'>hactenus</span> <span class='ocrx_word' id='word_1_174' title='bbox 963 2760 1008 2844; x_wconf 91' lang='lat' dir='ltr'>iu</span> <span class='ocrx_word' id='word_1_175' title='bbox 1040 2758 1212 2846; x_wconf 80' lang='lat' dir='ltr'>eooloeio</span> <span class='ocrx_word' id='word_1_176' title='bbox 1240 2759 1435 2871; x_wconf 87' lang='lat' dir='ltr'>perdurat</span> <span class='ocrx_word' id='word_1_177' title='bbox 1463 2761 1671 2866; x_wconf 84' lang='lat' dir='ltr'>indicium,</span> 
     </span>
     <span class='ocr_line' id='line_1_21' title="bbox 259 2891 1674 3004; baseline -0.001 -28"><span class='ocrx_word' id='word_1_178' title='bbox 259 2921 360 3000; x_wconf 86' lang='lat' dir='ltr'>qaue</span> <span class='ocrx_word' id='word_1_179' title='bbox 382 2893 435 2978; x_wconf 90' lang='lat' dir='ltr'>ad</span> <span class='ocrx_word' id='word_1_180' title='bbox 458 2894 696 2979; x_wconf 84' lang='lat' dir='ltr'>memoriam</span> <span class='ocrx_word' id='word_1_181' title='bbox 722 2894 881 3004; x_wconf 84' lang='lat' dir='ltr'>prisone</span> <span class='ocrx_word' id='word_1_182' title='bbox 901 2891 1114 3002; x_wconf 78' lang='lat' dir='ltr'>religionis</span> <span class='ocrx_word' id='word_1_183' title='bbox 1138 2892 1335 2978; x_wconf 82' lang='lat' dir='ltr'>oaalr&#39;orrm</span> <span class='ocrx_word' id='word_1_184' title='bbox 1358 2891 1674 2995; x_wconf 76' lang='lat' dir='ltr'>Dorloronomir&#39;,</span> 
     </span>
     <span class='ocr_line' id='line_1_22' title="bbox 259 3021 1760 3136; baseline 0.001 -31"><span class='ocrx_word' id='word_1_185' title='bbox 259 3023 300 3106; x_wconf 90' lang='lat' dir='ltr'>in</span> <span class='ocrx_word' id='word_1_186' title='bbox 323 3051 404 3131; x_wconf 89' lang='lat' dir='ltr'>qno</span> <span class='ocrx_word' id='word_1_187' title='bbox 425 3023 637 3110; x_wconf 77' lang='lat' dir='ltr'>universus</span> <span class='ocrx_word' id='word_1_188' title='bbox 658 3024 806 3110; x_wconf 85' lang='lat' dir='ltr'>veteris</span> <span class='ocrx_word' id='word_1_189' title='bbox 830 3022 973 3136; x_wconf 88' lang='lat' dir='ltr'>populi</span> <span class='ocrx_word' id='word_1_190' title='bbox 995 3026 1141 3127; x_wconf 81' lang='lat' dir='ltr'>statua,</span> <span class='ocrx_word' id='word_1_191' title='bbox 1171 3021 1268 3134; x_wconf 89' lang='lat' dir='ltr'>quid</span> <span class='ocrx_word' id='word_1_192' title='bbox 1292 3022 1483 3108; x_wconf 82' lang='lat' dir='ltr'>videlieet</span> <span class='ocrx_word' id='word_1_193' title='bbox 1503 3025 1673 3126; x_wconf 80' lang='lat' dir='ltr'>offenso,</span> <span class='ocrx_word' id='word_1_194' title='bbox 1758 3111 1760 3116; x_wconf 70' lang='grc'>,</span> 
     </span>
     <span class='ocr_line' id='line_1_23' title="bbox 258 3153 1673 3266; baseline 0.003 -30"><span class='ocrx_word' id='word_1_195' title='bbox 258 3154 353 3262; x_wconf 90' lang='lat' dir='ltr'>quid</span> <span class='ocrx_word' id='word_1_196' title='bbox 384 3155 564 3266; x_wconf 89' lang='lat' dir='ltr'>propitio</span> <span class='ocrx_word' id='word_1_197' title='bbox 594 3155 682 3242; x_wconf 86' lang='lat' dir='ltr'>Doo</span> <span class='ocrx_word' id='word_1_198' title='bbox 711 3153 929 3256; x_wconf 86' lang='lat' dir='ltr'>meruerit,</span> <span class='ocrx_word' id='word_1_199' title='bbox 960 3153 1220 3253; x_wconf 77' lang='lat' dir='ltr'>continetur,</span> <span class='ocrx_word' id='word_1_200' title='bbox 1262 3157 1472 3242; x_wconf 84' lang='lat' dir='ltr'>nonnullis</span> <span class='ocrx_word' id='word_1_201' title='bbox 1498 3153 1544 3238; x_wconf 85' lang='lat' dir='ltr'>io</span> <span class='ocrx_word' id='word_1_202' title='bbox 1574 3155 1673 3243; x_wconf 85' lang='lat' dir='ltr'>loeis</span> 
     </span>
     <span class='ocr_line' id='line_1_24' title="bbox 258 3285 1674 3400; baseline 0.002 -31"><span class='ocrx_word' id='word_1_203' title='bbox 258 3285 459 3396; x_wconf 78' lang='lat' dir='ltr'>sabbatho</span> <span class='ocrx_word' id='word_1_204' title='bbox 488 3289 623 3376; x_wconf 87' lang='lat' dir='ltr'>dioere</span> <span class='ocrx_word' id='word_1_205' title='bbox 648 3289 873 3376; x_wconf 82' lang='lat' dir='ltr'>consuevit.</span> <span class='ocrx_word' id='word_1_206' title='bbox 930 3286 1129 3400; x_wconf 84' lang='lat' dir='ltr'>Alioquin</span> <span class='ocrx_word' id='word_1_207' title='bbox 1152 3293 1258 3373; x_wconf 84' lang='lat' dir='ltr'>esset</span> <span class='ocrx_word' id='word_1_208' title='bbox 1273 3293 1596 3400; x_wconf 83' lang='lat' dir='ltr'>praeposterum,</span> <span class='ocrx_word' id='word_1_209' title='bbox 1627 3293 1674 3372; x_wconf 87' lang='lat' dir='ltr'>ut</span> 
     </span>
    </p>
   </div>
   <div class='ocr_carea' id='block_1_9' title="bbox 55 3407 1672 3534">
    <p class='ocr_par' dir='ltr' id='par_1_11' title="bbox 55 3407 1672 3534">
     <span class='ocr_line' id='line_1_25' title="bbox 55 3407 1672 3534; baseline 0.005 -38"><span class='ocrx_word' id='word_1_210' title='bbox 55 3464 57 3472; x_wconf 92' lang='lat'>·</span> <span class='ocrx_word' id='word_1_211' title='bbox 154 3407 161 3451; x_wconf 70' lang='lat'><em>³</em></span> <span class='ocrx_word' id='word_1_212' title='bbox 257 3418 461 3526; x_wconf 80' lang='lat' dir='ltr'>prioribus</span> <span class='ocrx_word' id='word_1_213' title='bbox 490 3420 745 3532; x_wconf 80' lang='lat' dir='ltr'>septimanae</span> <span class='ocrx_word' id='word_1_214' title='bbox 773 3419 918 3507; x_wconf 79' lang='lat' dir='ltr'>diebus</span> <span class='ocrx_word' id='word_1_215' title='bbox 945 3419 1242 3534; x_wconf 68' lang='lat' dir='ltr'>prophetarum</span> <span class='ocrx_word' id='word_1_216' title='bbox 1273 3419 1393 3506; x_wconf 85' lang='lat' dir='ltr'>dietis</span> <span class='ocrx_word' id='word_1_217' title='bbox 1421 3418 1672 3504; x_wconf 81' lang='lat' dir='ltr'>carminibus</span> 
     </span>
    </p>
   </div>
   <div class='ocr_carea' id='block_1_10' title="bbox 254 3545 1672 4457">
    <p class='ocr_par' dir='ltr' id='par_1_12' title="bbox 258 3545 1672 3936">
     <span class='ocr_line' id='line_1_26' title="bbox 258 3545 853 3660; baseline 0.022 -32"><span class='ocrx_word' id='word_1_218' title='bbox 258 3545 390 3660; x_wconf 76' lang='lat' dir='ltr'>Moysi</span> <span class='ocrx_word' id='word_1_219' title='bbox 420 3551 608 3638; x_wconf 86' lang='lat' dir='ltr'>ultimum</span> <span class='ocrx_word' id='word_1_220' title='bbox 638 3553 853 3641; x_wconf 76' lang='lat' dir='ltr'>diceretur.</span> 
     </span>
     <span class='ocr_line' id='line_1_27' title="bbox 333 3679 1672 3792; baseline 0.001 -26"><span class='ocrx_word' id='word_1_221' title='bbox 333 3781 336 3790; x_wconf 26' lang='lat'>¹</span> <span class='ocrx_word' id='word_1_222' title='bbox 367 3680 556 3769; x_wconf 82' lang='lat' dir='ltr'>Prioaou</span> <span class='ocrx_word' id='word_1_223' title='bbox 582 3712 611 3770; x_wconf 92' lang='lat' dir='ltr'>o</span> <span class='ocrx_word' id='word_1_224' title='bbox 630 3684 754 3770; x_wconf 81' lang='lat' dir='ltr'>Petro</span> <span class='ocrx_word' id='word_1_225' title='bbox 780 3685 960 3792; x_wconf 76' lang='lat' dir='ltr'>apostolo</span> <span class='ocrx_word' id='word_1_226' title='bbox 985 3685 1031 3770; x_wconf 83' lang='lat' dir='ltr'>iu</span> <span class='ocrx_word' id='word_1_227' title='bbox 1053 3681 1270 3772; x_wconf 81' lang='lat' dir='ltr'>Auliocloio</span> <span class='ocrx_word' id='word_1_228' title='bbox 1297 3679 1464 3768; x_wconf 83' lang='lat' dir='ltr'>ooolosio</span> <span class='ocrx_word' id='word_1_229' title='bbox 1491 3687 1550 3768; x_wconf 88' lang='lat' dir='ltr'>ost</span> <span class='ocrx_word' id='word_1_230' title='bbox 1572 3683 1672 3788; x_wconf 79' lang='lat' dir='ltr'>lurr-</span> 
     </span>
     <span class='ocr_line' id='line_1_28' title="bbox 258 3809 1080 3936; baseline 0.009 -43"><span class='ocrx_word' id='word_1_231' title='bbox 258 3809 356 3936; x_wconf 85' lang='lat' dir='ltr'>dalo</span> <span class='ocrx_word' id='word_1_232' title='bbox 384 3876 395 3900; x_wconf 89' lang='lat'><strong>.</strong></span> <span class='ocrx_word' id='word_1_233' title='bbox 426 3877 437 3900; x_wconf 85' lang='lat'><strong><em>.</em></strong></span> <span class='ocrx_word' id='word_1_234' title='bbox 468 3877 480 3900; x_wconf 93' lang='lat'><strong>.</strong></span> <span class='ocrx_word' id='word_1_235' title='bbox 510 3877 520 3900; x_wconf 92' lang='lat'><strong>.</strong></span> <span class='ocrx_word' id='word_1_236' title='bbox 549 3816 732 3901; x_wconf 81' lang='lat' dir='ltr'>animam</span> <span class='ocrx_word' id='word_1_237' title='bbox 753 3816 1080 3927; x_wconf 78' lang='lat' dir='ltr'>perficiurrlur.³)</span> 
     </span>
    </p>

    <p class='ocr_par' dir='ltr' id='par_1_13' title="bbox 254 3943 1672 4457">
     <span class='ocr_line' id='line_1_29' title="bbox 364 3943 1672 4061; baseline 0.002 -33"><span class='ocrx_word' id='word_1_238' title='bbox 364 3943 530 4032; x_wconf 65' lang='lat' dir='ltr'>Mardos</span> <span class='ocrx_word' id='word_1_239' title='bbox 568 3947 752 4060; x_wconf 76' lang='lat' dir='ltr'>deipsis</span> <span class='ocrx_word' id='word_1_240' title='bbox 788 3949 921 4034; x_wconf 82' lang='lat' dir='ltr'>tribur</span> <span class='ocrx_word' id='word_1_241' title='bbox 958 3948 1125 4061; x_wconf 81' lang='lat' dir='ltr'>psalmis</span> <span class='ocrx_word' id='word_1_242' title='bbox 1158 3944 1270 4032; x_wconf 87' lang='lat' dir='ltr'>dioit.</span> <span class='ocrx_word' id='word_1_243' title='bbox 1329 3943 1580 4030; x_wconf 82' lang='lat' dir='ltr'>Intuendum</span> <span class='ocrx_word' id='word_1_244' title='bbox 1609 3952 1672 4031; x_wconf 86' lang='lat' dir='ltr'>est</span> 
     </span>
     <span class='ocr_line' id='line_1_30' title="bbox 255 4071 1671 4192; baseline 0.004 -36"><span class='ocrx_word' id='word_1_245' title='bbox 255 4071 298 4158; x_wconf 88' lang='lat' dir='ltr'>in</span> <span class='ocrx_word' id='word_1_246' title='bbox 326 4074 405 4162; x_wconf 87' lang='lat' dir='ltr'>hoo</span> <span class='ocrx_word' id='word_1_247' title='bbox 433 4077 537 4176; x_wconf 84' lang='lat' dir='ltr'>loeo,</span> <span class='ocrx_word' id='word_1_248' title='bbox 566 4105 669 4174; x_wconf 79' lang='lat' dir='ltr'>oum,</span> <span class='ocrx_word' id='word_1_249' title='bbox 687 4079 787 4168; x_wconf 85' lang='lat' dir='ltr'>dicit</span> <span class='ocrx_word' id='word_1_250' title='bbox 815 4079 928 4168; x_wconf 84' lang='lat' dir='ltr'>lectio</span> <span class='ocrx_word' id='word_1_251' title='bbox 956 4077 1152 4188; x_wconf 46' lang='lat' dir='ltr'>apostola</span> <span class='ocrx_word' id='word_1_252' title='bbox 1180 4079 1277 4192; x_wconf 89' lang='lat' dir='ltr'>quia</span> <span class='ocrx_word' id='word_1_253' title='bbox 1308 4083 1406 4164; x_wconf 83' lang='lat' dir='ltr'>eunt</span> <span class='ocrx_word' id='word_1_254' title='bbox 1437 4075 1570 4185; x_wconf 83' lang='lat' dir='ltr'>multi,</span> <span class='ocrx_word' id='word_1_255' title='bbox 1599 4081 1671 4189; x_wconf 91' lang='lat' dir='ltr'>qui</span> 
     </span>
     <span class='ocr_line' id='line_1_31' title="bbox 256 4203 1669 4326; baseline 0.002 -36"><span class='ocrx_word' id='word_1_256' title='bbox 256 4203 472 4296; x_wconf 85' lang='lat' dir='ltr'>dimittunt</span> <span class='ocrx_word' id='word_1_257' title='bbox 499 4210 551 4296; x_wconf 88' lang='lat' dir='ltr'>de</span> <span class='ocrx_word' id='word_1_258' title='bbox 578 4212 766 4322; x_wconf 79' lang='lat' dir='ltr'>apostolo</span> <span class='ocrx_word' id='word_1_259' title='bbox 804 4219 848 4300; x_wconf 86' lang='lat' dir='ltr'>et</span> <span class='ocrx_word' id='word_1_260' title='bbox 874 4212 1022 4326; x_wconf 82' lang='lat' dir='ltr'>legunt</span> <span class='ocrx_word' id='word_1_261' title='bbox 1053 4213 1104 4300; x_wconf 88' lang='lat' dir='ltr'>de</span> <span class='ocrx_word' id='word_1_262' title='bbox 1130 4207 1344 4326; x_wconf 84' lang='lat' dir='ltr'>prophetie</span> <span class='ocrx_word' id='word_1_263' title='bbox 1373 4209 1576 4296; x_wconf 84' lang='lat' dir='ltr'>dieentes:</span> <span class='ocrx_word' id='word_1_264' title='bbox 1616 4208 1669 4294; x_wconf 86' lang='lat' dir='ltr'>ad</span> 
     </span>
     <span class='ocr_line' id='line_1_32' title="bbox 254 4339 1668 4457; baseline 0.005 -35"><span class='ocrx_word' id='word_1_265' title='bbox 254 4339 386 4450; x_wconf 83' lang='lat' dir='ltr'>ipsum</span> <span class='ocrx_word' id='word_1_266' title='bbox 424 4342 532 4430; x_wconf 84' lang='lat' dir='ltr'>diem</span> <span class='ocrx_word' id='word_1_267' title='bbox 560 4343 783 4456; x_wconf 83' lang='lat' dir='ltr'>pertinent.</span> <span class='ocrx_word' id='word_1_268' title='bbox 839 4343 898 4430; x_wconf 91' lang='lat' dir='ltr'>Hi</span> <span class='ocrx_word' id='word_1_269' title='bbox 936 4347 1040 4431; x_wconf 79' lang='lat' dir='ltr'>talen</span> <span class='ocrx_word' id='word_1_270' title='bbox 1079 4373 1165 4432; x_wconf 90' lang='lat' dir='ltr'>non</span> <span class='ocrx_word' id='word_1_271' title='bbox 1201 4341 1377 4457; x_wconf 74' lang='lat' dir='ltr'>pleniter</span> <span class='ocrx_word' id='word_1_272' title='bbox 1409 4340 1668 4452; x_wconf 84' lang='lat' dir='ltr'>intelligunt.</span> 
     </span>
    </p>
   </div>
   <div class='ocr_carea' id='block_1_11' title="bbox 31 4426 1668 4607">
    <p class='ocr_par' dir='ltr' id='par_1_14' title="bbox 31 4426 1668 4607">
     <span class='ocr_line' id='line_1_33' title="bbox 31 4426 1668 4607; baseline 0.001 -51"><span class='ocrx_word' id='word_1_273' title='bbox 31 4426 52 4607; x_wconf 72' lang='lat' dir='ltr'>i</span> <span class='ocrx_word' id='word_1_274' title='bbox 185 4481 188 4486; x_wconf 86' lang='grc'><strong>’</strong></span> <span class='ocrx_word' id='word_1_275' title='bbox 255 4471 329 4559; x_wconf 81' lang='lat' dir='ltr'>uui</span> <span class='ocrx_word' id='word_1_276' title='bbox 356 4475 686 4587; x_wconf 76' lang='lat' dir='ltr'>respondendum</span> <span class='ocrx_word' id='word_1_277' title='bbox 707 4481 791 4563; x_wconf 80' lang='lat' dir='ltr'>eet:</span> <span class='ocrx_word' id='word_1_278' title='bbox 821 4479 870 4564; x_wconf 93' lang='lat' dir='ltr'>In</span> <span class='ocrx_word' id='word_1_279' title='bbox 887 4477 1077 4590; x_wconf 74' lang='lat' dir='ltr'>apostolo</span> <span class='ocrx_word' id='word_1_280' title='bbox 1095 4481 1270 4592; x_wconf 82' lang='lat' dir='ltr'>poeuunt</span> <span class='ocrx_word' id='word_1_281' title='bbox 1287 4473 1485 4576; x_wconf 83' lang='lat' dir='ltr'>leotioneo</span> <span class='ocrx_word' id='word_1_282' title='bbox 1499 4471 1668 4584; x_wconf 82' lang='lat' dir='ltr'>reperiri</span> 
     </span>
    </p>
   </div>
   <div class='ocr_carea' id='block_1_12' title="bbox 253 4604 1810 4758">
    <p class='ocr_par' dir='ltr' id='par_1_15' title="bbox 253 4604 1810 4758">
     <span class='ocr_line' id='line_1_34' title="bbox 253 4604 1810 4758; baseline 0.001 -67"><span class='ocrx_word' id='word_1_283' title='bbox 253 4604 304 4691; x_wconf 82' lang='lat' dir='ltr'>ud</span> <span class='ocrx_word' id='word_1_284' title='bbox 333 4608 512 4752; x_wconf 51' lang='lat' dir='ltr'>diuersae</span> <span class='ocrx_word' id='word_1_285' title='bbox 541 4608 786 4697; x_wconf 79' lang='lat' dir='ltr'>festivitates</span> <span class='ocrx_word' id='word_1_286' title='bbox 812 4609 1051 4702; x_wconf 77' lang='lat' dir='ltr'>attinentes.</span> <span class='ocrx_word' id='word_1_287' title='bbox 1117 4605 1340 4758; x_wconf 74' lang='lat' dir='ltr'>Nanrille,</span> <span class='ocrx_word' id='word_1_288' title='bbox 1366 4635 1459 4696; x_wconf 78' lang='lat' dir='ltr'>ouon</span> <span class='ocrx_word' id='word_1_289' title='bbox 1488 4605 1539 4694; x_wconf 88' lang='lat' dir='ltr'>de</span> <span class='ocrx_word' id='word_1_290' title='bbox 1566 4633 1668 4718; x_wconf 83' lang='lat' dir='ltr'>apo·</span> <span class='ocrx_word' id='word_1_291' title='bbox 1807 4728 1810 4733; x_wconf 15' lang='grc' dir='ltr'>Ι</span> 
     </span>
    </p>
   </div>
   <div class='ocr_carea' id='block_1_13' title="bbox 45 4905 1206 5286">
    <p class='ocr_par' dir='ltr' id='par_1_16' title="bbox 45 4905 1206 5286">
     <span class='ocr_line' id='line_1_35' title="bbox 272 4905 739 5028; baseline 0.015 -19"><span class='ocrx_word' id='word_1_292' title='bbox 272 4907 607 5028; x_wconf 71' lang='lat' dir='ltr'>&#39;&#39;.·)nuar,1o.</span> <span class='ocrx_word' id='word_1_293' title='bbox 738 4905 739 4908; x_wconf 51' lang='lat'>‘</span> 
     </span>
     <span class='ocr_line' id='line_1_36' title="bbox 338 5049 1116 5141; baseline 0.017 -20"><span class='ocrx_word' id='word_1_294' title='bbox 338 5049 367 5141; x_wconf 81' lang='lat'>⁸)</span> <span class='ocrx_word' id='word_1_295' title='bbox 387 5049 517 5124; x_wconf 78' lang='lat' dir='ltr'>Poalnr.</span> <span class='ocrx_word' id='word_1_296' title='bbox 540 5053 596 5124; x_wconf 77' lang='lat'>45.</span> <span class='ocrx_word' id='word_1_297' title='bbox 1112 5057 1116 5066; x_wconf 86' lang='grc'><strong>’</strong></span> 
     </span>
     <span class='ocr_line' id='line_1_37' title="bbox 45 5159 1206 5286; baseline 0.007 -58"><span class='ocrx_word' id='word_1_298' title='bbox 45 5186 48 5215; x_wconf 66' lang='lat'>1</span> <span class='ocrx_word' id='word_1_299' title='bbox 203 5176 206 5182; x_wconf 81' lang='grc'><strong>’</strong></span> <span class='ocrx_word' id='word_1_300' title='bbox 337 5160 367 5249; x_wconf 81' lang='lat'>³)</span> <span class='ocrx_word' id='word_1_301' title='bbox 388 5159 423 5234; x_wconf 79' lang='grc'>8.</span> <span class='ocrx_word' id='word_1_302' title='bbox 446 5159 574 5236; x_wconf 75' lang='lat' dir='ltr'>Isidori</span> <span class='ocrx_word' id='word_1_303' title='bbox 595 5162 660 5240; x_wconf 83' lang='lat' dir='ltr'>lib.</span> <span class='ocrx_word' id='word_1_304' title='bbox 683 5162 728 5237; x_wconf 85' lang='lat' dir='ltr'>de</span> <span class='ocrx_word' id='word_1_305' title='bbox 751 5161 809 5286; x_wconf 67' lang='lat' dir='ltr'>ott.</span> <span class='ocrx_word' id='word_1_306' title='bbox 831 5163 917 5239; x_wconf 84' lang='lat' dir='ltr'>eorl.</span> <span class='ocrx_word' id='word_1_307' title='bbox 940 5186 971 5239; x_wconf 88' lang='lat' dir='ltr'>o.</span> <span class='ocrx_word' id='word_1_308' title='bbox 995 5163 1024 5235; x_wconf 83' lang='lat'>1.</span> <span class='ocrx_word' id='word_1_309' title='bbox 1046 5187 1083 5238; x_wconf 85' lang='lat' dir='ltr'>n.</span> <span class='ocrx_word' id='word_1_310' title='bbox 1107 5163 1206 5236; x_wconf 81' lang='lat'><strong>1···8.</strong></span> 
     </span>
    </p>
   </div>
   <div class='ocr_carea' id='block_1_14' title="bbox 0 0 1992 5778">
    <p class='ocr_par' dir='ltr' id='par_1_17' title="bbox 0 0 1992 5778">
     <span class='ocr_line' id='line_1_38' title="bbox 0 0 1992 5778; baseline 0 7"><span class='ocrx_word' id='word_1_311' title='bbox 0 0 1992 5778; x_wconf 95' lang='lat' dir='ltr'> </span> 
     </span>
    </p>
   </div>
  </div>
 </body>
</html>
