3994 5770
841 267 927 359 Gap.
951 265 1031 338 vn.
1440 353 1444 362 ,
1558 267 1635 352 241

182 557 187 570 ·
227 503 269 582 et
290 498 573 604 cognorerunt
596 490 869 578 intentionem
887 488 1031 578 Heliae
1054 492 1097 575 et
1114 493 1369 575 caeterorum
1388 491 1637 588 sanctorum,
1712 585 1714 590 ¹
1751 509 1770 532 ⁶

226 656 306 738 (pua
333 623 564 710 intentione
593 628 770 709 mortem
800 621 919 709 usulis
946 621 1195 708 intulissent.
1253 619 1485 729 Coeperunt
1512 617 1635 703 etiarn

227 756 348 844 simili
389 756 510 842 mode
550 757 693 864 postea
734 758 909 840 mertem
950 752 1067 838 riualis
1106 751 1279 852 inferre,
1322 749 1441 836 sicuti
1484 749 1638 860 legitur
1721 819 1734 839 .

66 913 69 919 ·
228 889 369 972 l'etrus
398 887 540 974 fecisse
556 884 743 972 Ananiae
772 890 815 972 et
834 873 1046 998 Saplrirue,
1075 881 1194 968 uxori
1219 883 1319 992 ejus,
1348 909 1450 992 quos
1469 887 1638 993 propter

228 1019 406 1104 fraudem
437 1017 581 1128 pretii,
621 1017 732 1127 quod
762 1015 1133 1123 defraudaverct¹)‚
1174 1021 1308 1100 morte
1337 1014 1645 1104 cosidemuerit..

228 1149 377 1236 Paulus
416 1157 554 1234 autem
595 1149 817 1234 secundum
861 1148 1118 1260 quorundum
1161 1173 1324 1231 sensum
1368 1146 1419 1230 de
1461 1146 1636 1256 quodum

227 1282 426 1365 incestare
455 1278 577 1364 dieit:
608 1278 779 1366 Tradite
807 1281 1008 1390 (tradere)
1032 1276 1263 1385 lorprrsorodi
1281 1277 1478 1362 lroruinern
1497 1277 1639 1384 urrprlo

229 1411 407 1496 Saturae
434 1410 479 1495 iu
516 1409 723 1495 interitum
760 1412 922 1514 currus,
961 1418 1004 1494 at
1031 1403 1204 1516 spiritns
1243 1404 1381 1490 salens
1418 1407 1473 1490 sit
1500 1405 1544 1490 in
1573 1406 1639 1490 die

227 1537 379 1623 ‹lornini
420 1541 551 1625 nostri
591 1541 695 1626 dese
744 1541 954 1653 esseest)
1027 1541 1172 1626 Omnis
1215 1537 1324 1625 enim
1369 1538 1516 1644 laesio,
1558 1567 1640 1648 quc

228 1671 374 1755 iterum
403 1669 579 1756 laeditur
607 1673 711 1783 quis,
740 1679 814 1759 aut
842 1674 976 1758 minor
1004 1677 1068 1758 est
1093 1672 1228 1783 priore
1257 1677 1330 1757 aut
1359 1669 1539 1782 aequalis
1567 1675 1640 1753 unt

228 1805 369 1914 rrrujor.
414 1803 491 1888 Per
505 1803 596 1908 hoe,
618 1801 727 1914 quod
738 1804 919 1914 jubetur,
944 1805 1192 1915 percutienti
1208 1806 1415 1891 dexteram
1433 1803 1638 1889 maxillam

228 1935 421 2046 praebere
449 1933 679 2036 sinistrum,
719 1934 967 2046 intelligitur
998 1934 1070 2020 illa
1096 1935 1236 2038 laesio,
1267 1964 1371 2046 ques
1401 1934 1536 2020 minor
1564 1941 1639 2038 est,

170 2075 187 2098 ”
228 2065 323 2176 ipsiu
352 2065 519 2150 dextera
549 2067 715 2152 maxilla
742 2065 875 2152 carior
893 2065 1083 2171 hebetur,
1114 2095 1235 2176 quum
1255 2066 1433 2154 sinistre.
1489 2065 1545 2150 Et
1568 2093 1642 2176 per

232 2199 317 2298 lroe,
348 2195 458 2305 quod
482 2195 667 2304 jubetur,
697 2194 897 2282 auferenti
917 2194 1097 2281 tunicum
1128 2197 1335 2284 dimittere
1356 2195 1540 2307 pallium,
1569 2196 1640 2280 ille
1713 2211 1730 2266 -’

230 2327 432 2437 percussio
456 2325 715 2436 intelligitur,
739 2354 843 2437 ques
862 2327 1042 2437 aequalis
1069 2331 1143 2431 est,
1166 2327 1263 2439 quie
1285 2327 1453 2438 pellium
1480 2325 1640 2435 aequali
1778 2323 1781 2331 '

230 2454 461 2567 quantitate
490 2461 552 2541 est
581 2485 672 2556 euru
713 2457 877 2561 tunium
917 2458 1061 2569 quodsi
1099 2458 1273 2570 pallium
1311 2459 1493 2546 tunicam
1521 2487 1640 2568 prue-

230 2587 369 2689 uellet,
413 2595 550 2674 tamen
589 2619 733 2700 perum
773 2590 997 2701 praecellit.
1055 2589 1158 2678 ltem
1200 2618 1273 2702 per
1310 2589 1638 2702 negociationem

107 2747 111 2758 ·
231 2718 349 2804 unius
378 2717 576 2821 milliarii,
608 2720 651 2806 in
680 2746 762 2830 qua
789 2720 1041 2834 praecipitur
1068 2723 1127 2806 ire
1156 2720 1262 2826 due,
1294 2720 1541 2831 intelligitur
1569 2722 1641 2808 illu

230 2851 444 2958 percussio,
471 2877 576 2962 ques
592 2851 723 2963 major
744 2859 818 2942 est.
873 2855 951 2940 Per
967 2850 1642 2965 percussionemdexteraeintelli·

229 2979 341 3088 gitur
369 2981 501 3064 omnis
530 2981 692 3092 injurie,
722 3011 827 3094 quae
844 2983 995 3092 injuste
1025 2985 1091 3087 lit;
1120 3011 1193 3094 per
1221 2982 1472 3070 ablutionem
1502 2990 1640 3070 autem

229 3107 393 3216 turriens-
420 3111 668 3224 intelligitur
696 3115 828 3198 0mnis
858 3113 1026 3216 ablutio,
1055 3142 1160 3222 quas
1188 3113 1403 3221 ingeniose
1426 3119 1468 3198 et
1497 3115 1642 3199 callide
1747 3117 1749 3124 '

230 3238 418 3329 efficitur.
465 3239 568 3326 Item
596 3271 669 3352 per
688 3244 1016 3354 erigerietienem
1040 3242 1219 3330 milliarii
1245 3243 1496 3353 intelligitur
1511 3244 1642 3329 eremis

230 3371 424 3480 operatio,
454 3401 560 3483 quac
588 3373 741 3484 injuste
765 3375 948 3484 jubetur.
1006 3375 1113 3500 Itenr
1143 3403 1264 3463 cume
1293 3403 1423 3487 geues
1452 3374 1642 3460 laesionis

228 3509 299 3586 aut
327 3531 411 3588 non
440 3503 674 3592 restituitur
700 3511 773 3593 eut
801 3507 1034 3594 restituitur
1050 3511 1125 3594 aut
1147 3535 1198 3596 ex
1218 3513 1395 3620 utroque
1414 3504 1643 3610 conficitur,
1699 3610 1703 3617 .

231 3633 257 3719 i.
287 3661 320 3722 e.
350 3639 393 3718 et
430 3639 567 3750 petest
605 3637 789 3741 restitui,
829 3643 872 3724 et
909 3667 992 3726 rien
1034 3645 1172 3750 petest
1211 3636 1387 3726 restitui.
1443 3637 1521 3724 Per
1549 3639 1644 3750 peri·

228 3766 455 3854 cessionem
484 3766 675 3856 dexterae
695 3769 944 3881 intelligitur
969 3771 1040 3858 illc
1068 3771 1206 3873 laesio,
1222 3788 1342 3884 'qliae
1368 3769 1529 3858 restitui
1559 3798 1644 3856 nen

230 3903 385 4008 potest:
416 3927 509 3988 uuus
534 3929 781 4016 quemquem
809 3907 979 4020 propter
995 3901 1319 3991 satisfactionem
1336 3902 1487 3991 furoris
1506 3919 1645 4020 reper-

229 4029 357 4120 cutiat
385 4032 475 4140 ills,
516 4035 587 4148 qui
615 4061 827 4149 percussus
856 4039 939 4145 est,
980 4039 1119 4126 tamen
1147 4037 1200 4126 ab
1229 4035 1304 4126 illo
1331 4037 1539 4153 percussio
1567 4037 1644 4125 sibi

231 4159 343 4252 illata
373 4193 454 4254 non
491 4165 688 4257 uniamur.
746 4165 866 4258 Itsm·
892 4197 967 4286 per
1008 4169 1305 4284 praebitionem
1348 4169 1461 4284 pallii
1490 4171 1644 4260 intelli·

229 4294 342 4404 gitur
369 4295 440 4384 ilic
467 4297 615 4404 lessio,
645 4327 749 4414 ques
777 4300 942 4390 restitui
971 4305 1126 4417 potest,
1161 4305 1272 4393 verbi
1304 4302 1501 4418 gratissi
1530 4303 1605 4390 eui
1624 4347 1645 4370 ·

89 4495 93 4504 .
229 4429 341 4512 retur
367 4455 493 4541 equus
518 4435 591 4517 cut
614 4433 904 4544 possessioaut
921 4435 1065 4524 densus
1090 4441 1164 4524 cut
1186 4435 1342 4551 aliquid
1366 4433 1642 4549 possessionis,
1735 4453 1750 4477 ‘

230 4563 364 4663 petest
391 4559 520 4650 reddi.
578 4559 683 4648 Item
713 4589 786 4674 per
826 4567 1154 4677 angustationem
1186 4565 1367 4654 milliarii
1395 4564 1646 4677 intelligitur

230 4683 329 4816 illud
358 4717 490 4801 genus
518 4691 728 4799 laesionis,
771 4724 876 4805 quae
916 4695 1078 4784 restitui
1120 4701 1260 4810 potest
1299 4703 1341 4783 et
1379 4726 1463 4782 trun
1492 4703 1645 4808 potest,

230 4841 266 4904 v.
293 4845 360 4952 gr.
388 4819 423 4906 si
452 4819 620 4935 aliquod
650 4853 752 4936 epus
793 4823 916 4913 alicui
956 4827 1109 4939 injuste
1147 4827 1385 4940 injungitur
1412 4825 1646 4938 lueieudi,'³)

238 4961 497 4984 *nu-...-

316 5019 343 5109 ¹)
364 5016 692 5094 defraudaverant?

315 5133 343 5219 Ι)
366 5128 471 5222 epist.
495 5131 514 5202 l'
534 5131 581 5202 ud
604 5131 681 5206 Onr.
705 5129 748 5205 V.
773 5132 805 5204 5.

138 5347 142 5358 Ι
316 5237 345 5326 ³}
368 5239 483 5312 ltrccre
506 5241 564 5331 (i),
589 5240 789 5313 laciendum
813 5211 871 5334 (ll.

296 5357 492 5427 lltttssnsrnn
508 5364 660 5432 expostus
676 5365 798 5446 mulce.
