3930 5788
903 299 984 392 Cep.
1008 301 1103 376 Llll.
1626 313 1707 396 503

293 529 458 636 propior
500 519 707 608 illusiones
751 521 988 608 diabolicos.
1058 523 1114 607 Io
1158 523 1251 630 ipso
1294 529 1425 612 orclem
1469 527 1738 613 salutatione·

297 655 426 743 olienis
453 651 687 738 eulriboolor
714 653 936 740 humilitas.
980 653 1035 738 Et
1057 652 1135 738 hoe
1153 654 1362 741 sciendum
1386 665 1460 762 est,
1490 655 1704 767 quiscum

296 788 394 872 ‹lieil
432 785 562 868 orrruis
597 781 831 870 eulriloolrrr
868 781 1097 884 loornrililos,
1141 785 1434 870 attendendum
1478 794 1562 892 ost,
1610 789 1707 900 quia

296 922 544 1030 potestesse
582 914 791 1000 humilitas
828 919 870 999 et
908 941 993 998 non
1030 912 1182 1016 ouroris,
1210 943 1258 1000 eo
1296 917 1406 1026 quod
1443 923 1581 1027 potest
1620 947 1705 1003 esse

277 1046 501 1132 humilitas
529 1045 711 1155 eorporis
739 1045 826 1131 sins
857 1043 1089 1129 hnmilitate
1117 1042 1266 1130 mentis
1291 1029 1336 1130 ¹et
1356 1031 1483 1162 reliq..
1539 1049 1586 1134 B.
1609 1043 1709 1132 vero

297 1176 539 1262 Benedictus
555 1177 657 1278 vult,
686 1175 793 1302 quie,
816 1177 923 1260 siout
945 1175 1163 1260 exhibetur
1189 1173 1399 1260 humilitus
1417 1177 1616 1287 eorporis,
1646 1179 1705 1261 ite

295 1311 414 1394 etiem
456 1314 498 1393 et
529 1307 688 1392 eninrse
722 1303 984 1406 extribeeturr
1025 1305 1117 1393 ideo
1155 1306 1278 1391 dixit:
1318 1305 1449 1391 oureus
1484 1307 1703 1393 lormih'lns.

293 1441 335 1525 Si
371 1444 508 1524 entem
548 1436 641 1522 telis
678 1437 804 1522 luerit
840 1436 1010 1547 hospes,
1040 1436 1164 1522 debet
1205 1437 1330 1524 etiem
1369 1438 1522 1548 exponi
1564 1440 1702 1536 lentim
1821 1439 1822 1442 ‘

293 1575 387 1684 post
415 1571 633 1654 lectionem
664 1569 786 1670 debet
814 1568 850 1652 ei
880 1567 1062 1654 exhiberi
1093 1569 1226 1653 omnis
1255 1567 1501 1656 humanitus,
1543 1567 1598 1673 In
1622 1569 1703 1655 leo·
1793 1575 1798 1584 '

292 1698 410 1788 tione
441 1702 591 1786 etenim
630 1699 780 1810 hospiti
819 1699 994 1810 legende
1021 1698 1113 1787 iste
1150 1699 1273 1785 debet
1309 1726 1395 1784 esse
1430 1699 1638 1788 diseretio:
1670 1704 1703 1787 si
1841 1737 1845 1743 ·

245 1923 248 1926 ,
292 1834 426 1944 [vero]
456 1831 550 1918 telis
580 1837 644 1917 est
670 1831 832 1942 hospes,
861 1831 930 1941 qui
960 1831 1011 1916 de
1039 1831 1288 1917 monasterio
1318 1831 1471 1918 montis
1501 1834 1701 1943 pedalis¹)
1771 1893 1772 1896 κ

76 1969 81 1984 “
142 2023 148 2035 -
289 1965 400 2050 venit
430 1963 586 2050 vicinus
616 1970 749 2048 uester
777 1961 892 2047 urdo
922 1961 1081 2074 [illum]
1112 1962 1162 2047 nd
1186 1971 1365 2048 restrum
1390 1965 1695 2064 monasterinm,

289 2100 365 2186 hoo
394 2103 455 2182 est
489 2101 584 2208 post
625 2095 726 2180 dnos
766 2093 830 2178 vel
870 2098 954 2179 tres
994 2122 1173 2200 menses,
1215 2097 1287 2177 sut
1328 2092 1425 2180 hino
1463 2093 1561 2181 illue
1593 2095 1733 2198 ierit.

288 2231 446 2342 quoties
474 2227 534 2312 ite
560 2228 679 2344 turde
708 2225 820 2328 ierit,
851 2225 974 2313 toties
1012 2224 1186 2337 legende
1215 2230 1286 2310 est·
1313 2225 1435 2311 leetio
1469 2225 1576 2312 sieut
1605 2228 1700 2314 hos·

288 2361 376 2471 pili.
433 2359 475 2445 Si
500 2365 638 2444 eutem
670 2355 764 2442 telis
794 2357 918 2440 lronro
948 2356 1096 2441 nobilis
1127 2355 1240 2442 venit
1266 2355 1318 2440 nd
1349 2361 1528 2442 vestrum
1556 2387 1699 2444 rnonu·
1799 2457 1803 2466 ¹

69 2513 80 2591 J·
171 2527 175 2535 ·
285 2491 464 2590 sterium,
492 2487 617 2573 veluti
639 2496 702 2572 est
720 2515 868 2592 eomes,
892 2492 965 2572 snt
987 2491 1120 2572 vester
1141 2484 1384 2572 vieinueseu
1403 2485 1526 2572 etiarn
1549 2488 1699 2574 nobilis
1802 2567 1805 2576 .

285 2621 407 2704 homo
434 2649 483 2704 ex
505 2619 586 2704 ulie
613 2617 781 2731 regione
796 2615 924 2702 semel
950 2618 991 2701 in
1011 2622 1191 2706 vostrum
1215 2619 1506 2706 monesterium
1526 2621 1697 2722 uenerit,

100 2769 123 2810 '·
284 2751 341 2835 ite
363 2751 419 2836 eis
438 2751 622 2838 exhiberi
646 2751 771 2836 debet
792 2747 924 2835 onrnis
945 2747 1193 2852 hunrunitae,
1225 2756 1272 2835 ut
1294 2755 1491 2858 tunquam
1509 2749 1695 2836 Christus

284 2884 559 2993 suscipiantur
587 2893 629 2970 st
657 2883 714 2968 oie
737 2881 955 2968 leotionem
981 2880 1129 2992 legere,
1160 2881 1346 2993 quemvis
1370 2907 1474 2966 unus
1493 2881 1548 2966 sit
1567 2888 1699 2994 vester

285 3013 442 3098 vicinus
468 3019 512 3098 et
539 3013 644 3100 alter
671 2989 721 3099 'de
741 3014 876 3126 longe
905 3013 1074 3116 venerit,
1104 3021 1244 3098 tumen
1266 3011 1363 3124 quin
1387 3013 1504 3096 tarde
1527 3011 1698 3096 veniunt
1741 3085 1744 3094 ,
1780 3097 1784 3106 ,

283 3144 331 3228 nd
363 3147 676 3248 monesterium,
708 3145 802 3231 ideo
832 3144 987 3231 debetis
1017 3145 1074 3232 eis
1102 3145 1317 3234 lectionem
1350 3145 1498 3257 legere.
1555 3131 1696 3230 Scien-
1866 3179 1868 3184 ·

284 3272 380 3357 duur
418 3281 480 3361 est
516 3276 647 3377 enirn,
679 3275 900 3386 quierunt
928 3278 1068 3381 multi,
1099 3275 1170 3390 qni
1201 3283 1419 3389 postquam
1450 3277 1581 3387 primu
1611 3277 1695 3361 viee
1761 3319 1770 3368 r

284 3405 424 3516 legant
453 3407 670 3494 lectionem
691 3405 857 3520 hospiti,
880 3407 967 3519 jum
991 3416 1134 3521 poetes
1159 3437 1369 3522 nunquam
1397 3406 1694 3520 legunteirlem

283 3537 446 3648 hospiti,
471 3539 631 3638 etiarnsi
651 3547 747 3658 post
769 3569 897 3627 unum
925 3541 989 3628 vel
1006 3542 1109 3628 dnos
1129 3544 1193 3629 vel
1213 3544 1352 3629 decern
1372 3570 1502 3629 annos
1523 3543 1692 3629 uenerit.
1761 3645 1763 3650 ι
1883 3585 1885 3590 ·

66 3701 74 3797 3
126 3769 128 3772 ¹
283 3669 356 3755 lsti
390 3673 495 3791 tales
534 3704 618 3761 non
659 3673 907 3787 regulariter
944 3675 1121 3780 fuciunt,
1156 3704 1204 3764 eo
1246 3675 1356 3786 quod
1397 3677 1542 3787 regula
1580 3674 1693 3778 dicit,

48 3799 73 3811 ”
283 3801 435 3914 hospiti
455 3805 538 3918 legi
558 3805 788 3898 lectionem.
832 3809 926 3895 lem
953 3837 1048 3896 roro
1066 3809 1100 3894 si
1125 3808 1358 3895 humanitus
1381 3807 1441 3892 illi
1461 3807 1693 3894 exhibenda
1723 3901 1727 3912 ,
1825 3903 1829 3912 ,

48 4033 51 4046 Ι
282 3941 363 4040 est,
393 3966 467 4023 eur
502 3966 587 4024 non
625 3944 668 4024 et
704 3941 826 4028 lectio
866 3941 928 4025 illi
967 3939 1143 4054 legenda
1177 3947 1258 4042 est,
1288 3939 1398 4054 qnod
1429 3937 1571 4022 melius
1601 3945 1692 4024 est?
1828 3959 1833 3972 ·

67 4158 73 4170 ,
219 4155 221 4160 ,
281 4066 400 4156 Unde
427 4067 505 4158 iste
534 4075 779 4180 potestesse
802 4072 1013 4159 discretior
1043 4073 1079 4158 si
1103 4072 1251 4184 [enim]
1275 4071 1512 4183 frequenter
1535 4072 1691 4156 seruerit

280 4198 365 4310 ipse
402 4201 550 4314 hospes
590 4205 641 4290 od
683 4203 994 4309 monesterium,
1023 4202 1083 4290 ite
1121 4208 1170 4288 nt
1209 4203 1304 4314 post
1342 4206 1389 4288 lo
1420 4203 1483 4286 vel
1522 4203 1689 4287 eunies
1803 4263 1805 4268 ,

281 4334 456 4438 venerit,
493 4339 654 4448 quoties
694 4339 871 4440 venerit,
908 4339 1033 4426 toties
1071 4337 1133 4423 illi
1172 4335 1294 4420 lectio
1333 4334 1508 4456 legende
1548 4339 1610 4417 est
1648 4340 1690 4416 et

279 4465 411 4552 omnis
448 4468 684 4556 humanitas
721 4470 966 4582 praebenda.
1024 4469 1130 4571 Quin
1159 4473 1222 4556 est
1259 4465 1392 4556 omnis
1424 4455 1689 4550 hunrenites'l

279 4593 306 4682 i.
334 4624 369 4682 e.
399 4600 532 4687 omnis
561 4601 739 4692 dileetio.
761 4635 764 4647 ·
784 4602 849 4688 Et.
868 4601 946 4689 hoo
973 4601 1182 4690 sciendum
1211 4606 1286 4704 est,
1315 4599 1412 4713 qnia
1441 4623 1522 4682 non
1553 4596 1688 4679 omni·
1812 4614 1813 4620 ‘
1853 4639 1856 4644 Δ

279 4729 353 4816 bns
380 4735 606 4848 aequaliter
625 4735 747 4822 debet
770 4733 859 4822 fieri
886 4732 1164 4848 praeparatior
1193 4734 1314 4820 aliter
1338 4730 1447 4818 euim
1472 4725 1685 4840 episeopis,
1729 4803 1731 4806 .
1765 4761 1766 4764 ¹
1915 4791 1916 4794 κ

277 4860 398 4950 aliter
424 4865 686 4978 presbyteris,
715 4869 837 4955 aliter
864 4865 988 4971 inicis,
1017 4864 1149 4958 aliter
1166 4863 1386 4970 canonisis,
1414 4862 1536 4947 aliter
1559 4862 1687 4948 oomi·

278 4991 411 5098 tibus,
453 4996 574 5084 alitor
613 4997 781 5104 esteris,
823 4998 1044 5086 seeundum
1088 5021 1417 5108 unamquemque
1458 5021 1683 5105 perronem,

276 5181 538 5213 *au-um*

364 5281 392 5372 ¹)
415 5281 681 5359 Pedsnrontium
702 5283 894 5377 (Piomont)
914 5283 972 5378 (lt
1140 5213 1142 5216 Ι
