4334 5750
349 215 428 300 ue
978 159 1166 302 'nou
1215 237 1218 244 ε

344 439 416 532 eut,
454 431 626 538 &rehem
662 435 747 537 cel:
783 431 944 542 pntieua
984 439 1049 518 eet
1074 433 1252 536 scilieet.
1283 438 1330 520 ut
1362 433 1481 518 illata
1506 467 1534 526 a
1560 440 1759 550 proximi:

347 562 455 650 mala
491 564 793 674 nequmimiter
831 567 993 674 portet,
1032 563 1214 674 benigne
1250 569 1411 664 autem:
1450 573 1500 652 ut
1539 598 1614 654 uua
1650 571 1760 660 buna

189 733 191 738 ·
347 693 545 803 proximis
595 693 924 782 desiderabiliter
972 694 1197 805 impendat.
1265 697 1486 784 Sciendum
1529 706 1594 784 eet
1637 691 1783 804 euim,

346 826 454 910 eicut
482 823 596 910 Bedu
631 824 745 931 dicit,
779 825 877 937 quia
913 826 1026 912 aliud
1065 830 1130 912 eat
1164 825 1333 912 delectio
1364 832 1408 912 et
1434 829 1548 916 alind
1576 831 1759 922 delectio.

350 956 527 1041 Dilectio
564 963 608 1041 et
647 956 778 1066 diligo
825 983 900 1066 per
938 957 965 1050 ἰ.
1005 959 1236 1043 affectionis
1276 967 1362 1062 eet,
1400 960 1444 1046 id
1480 966 1546 1046 ent
1586 963 1761 1064 omnus:

347 1089 486 1197 deligo
511 1101 557 1175 et
583 1089 758 1174 delectio
796 1115 869 1198 per
897 1118 934 1178 e.
961 1090 1128 1226 ‘attinet
1165 1089 1217 1176 ud
1248 1091 1577 1184 delectationem.
1624 1092 1763 1202 Diligo
1839 1083 1844 1090 ’

205 1315 207 1320 ,
346 1221 454 1304 enim
505 1246 578 1330 per
618 1221 645 1310 i.
690 1215 791 1306 tu‘cit
839 1219 1105 1331 praeteritum
1145 1219 1276 1307 dilexi
1317 1231 1354 1308 el
1389 1224 1584 1325 dilectur,-
1625 1224 1763 1336 deligo

350 1353 449 1438 lacit
476 1352 742 1464 praeteritum
771 1347 901 1459 dclepi
925 1357 963 1436 el
981 1349 1198 1452 delectum:
1226 1353 1429 1440 delectum
1457 1355 1568 1439 euim
1593 1355 1761 1442 urilitiue

347 1489 421 1568 :rut
449 1483 623 1595 ulicnjuu
650 1483 849 1568 examinis
877 1483 1118 1569 electionem
1148 1486 1417 1596 appellemus.

409 1657 412 1665 ·
463 1615 682 1727 Sequitur:
712 1613 807 1700 Nou
828 1617 1015 1704 uuidere.
1062 1614 1157 1702 Non
1186 1603 1375 1722 occide-rr,
1403 1621 1430 1708 i.
1454 1647 1491 1704 e.
1522 1647 1605 1704 rrou
1634 1617 1765 1738 trunci·

257 1785 259 1793 ι
350 1747 502 1837 cidium
542 1749 700 1849 iecere:
743 1749 852 1836 istud
882 1750 992 1836 enim
1022 1749 1340 1838 instrumentum
1371 1751 1661 1863 prohibitionis
1689 1761 1764 1853 eat,

350 1888 394 1967 et
423 1881 502 1968 hoc
539 1881 945 1968 urrimadvertendmn
976 1891 1061 1985 eat,
1103 1885 1222 1996 quic,
1261 1910 1355 1969 cum
1387 1885 1591 1994 prohibet,
1634 1883 1767 1970 honri·

350 2012 501 2097 cidium
527 2015 672 2129 lucere,
690 2012 884 2114 ostendit,
904 2014 1028 2099 etium
1051 2015 1153 2099 inihi
1172 2014 1367 2099 uirtutem
1386 2014 1588 2124 generari.
1633 2013 1763 2098 Num·
1846 2039 1849 2044 ·

328 2143 452 2252 ‘quid
490 2142 561 2225 ille
596 2143 854 2228 soluurnrodo
888 2144 1154 2229 homicidium
1184 2144 1295 2248 lucit,
1340 2143 1408 2254 qni
1440 2144 1647 2228 homiuem
1678 2174 1787 2250 cor·¹

353 2274 551 2383 poruliter
576 2274 741 2374 occidit,
771 2275 797 2363 i.
829 2303 864 2360 e.
893 2277 1017 2379 terro,
1047 2303 1204 2359 ueneno
1225 2282 1268 2358 et
1292 2275 1435 2384 reliq?
1476 2271 1628 2358 Verum
1643 2277 1764 2360 etium

355 2405 425 2489 ille
452 2406 720 2495 homicidium
750 2406 870 2504 lucit,
909 2407 981 2515 qui
1008 2407 1134 2491 ulium
1166 2406 1278 2510 odit,
1322 2407 1429 2492 elcut
1455 2407 1558 2490 dicit
1584 2408 1766 2492 lourmer

353 2535 634 2649 Evangelistu.
698 2535 785 2621 Nec
827 2565 911 2622 nou
953 2537 1074 2634 etiam
1113 2537 1183 2619 ille
1219 2537 1484 2623 homicidium
1530 2539 1653 2635 lecit,
1695 2540 1765 2647 qui

351 2669 442 2754 uliiu
471 2669 622 2756 mulum
649 2668 883 2779 exemplum
912 2669 1096 2777 praebet,
1123 2667 1394 2780 qnuntumed
1413 2669 1642 2764 criminalia
1670 2697 1765 2778 pec·

351 2808 443 2887 cetu
471 2803 636 2904 attinet,
681 2801 743 2886 vel
773 2802 897 2886 etiam
925 2799 1028 2884 alios
1057 2799 1268 2903 hortetur,
1308 2799 1413 2885 illud
1449 2829 1587 2912 ogere.
1647 2800 1765 2906 Peius

255 3035 261 3046 .
345 2935 620 3020 ‘homicidium
649 2941 713 3020 eet
740 2936 865 3038 istud,
893 2963 942 3019 eo
971 2933 1097 3044 quod,
1124 2935 1195 3045 qui
1224 2933 1433 3018 hominem
1461 2961 1634 3044 corpore
1662 2932 1768 3016 occi·

310 3093 312 3100 ‘
353 3071 430 3172 dit,
460 3067 720 3152 solummodo
749 3095 876 3152 unum
907 3066 1072 3169 occidit,
1100 3069 1171 3178 qui
1195 3093 1292 3148 uero
1310 3067 1436 3149 elium
1457 3066 1768 3174 :uulneremplo

353 3201 516 3303 occidit,
545 3200 662 3310 pejna
690 3206 766 3306 est,
794 3228 844 3285 eo
872 3200 982 3309 quod
1012 3199 1082 3282 ille
1110 3201 1267 3282 occisus
1292 3199 1420 3282 ulium
1449 3198 1600 3282 occidit
1627 3206 1671 3283 ct
1700 3199 1768 3281 ille

352 3334 458 3416 uliun
498 3332 654 3415 occisus
695 3333 820 3416 alium
856 3332 1029 3436 occidit,
1073 3332 1201 3414 etsie
1232 3330 1301 3432 fit,
1342 3338 1390 3413 ut
1417 3357 1546 3438 usqne
1573 3330 1615 3412 in
1648 3332 1769 3412 linem

180 3538 184 3546 .
353 3462 506 3546 soeculi
551 3468 775 3571 percurrat.
835 3463 954 3549 Unde
988 3464 1086 3572 quia
1113 3462 1224 3546 istud
1254 3462 1519 3546 homicidium
1552 3462 1666 3569 pejus
1696 3467 1770 3558 est,

276 3689 280 3698 .
353 3594 448 3678 ideo
475 3593 622 3701 majori
651 3593 904 3700 poenitentia
933 3594 1235 3679 eureudeudum
1264 3599 1341 3694 est,
1369 3592 1397 3681 i.
1414 3623 1449 3677 e.
1474 3596 1521 3673 ut
1539 3599 1641 3701 quot
1664 3591 1771 3674 mulo

355 3726 544 3836 exeurplo
569 3724 732 3830 occidit,
761 3725 977 3810 lutetiam
1006 3727 1119 3810 bono
1146 3725 1334 3835 exemplo
1364 3723 1555 3811 vivificet.

466 3858 687 3970 Sequitur:
732 3855 828 3942 Nou
871 3857 1114 3944 uclrrllerure.
1181 3857 1443 3944 Adulterium
1488 3863 1552 3940 est
1595 3855 1771 3968 proprie,

357 3977 427 4104 qui
468 4017 560 4074 cum
599 3988 770 4073 ulterius
805 3992 984 4101 conjuge
1010 3992 1101 4101 ugit
1128 3991 1232 4074 illud
1270 3998 1510 4100 peccatum:
1553 3989 1772 4072 fornicatio

357 4153 454 4211 uero
475 4123 528 4208 ud
542 4122 644 4206 alius
660 4122 849 4207 mulieres
860 4123 1025 4224 attinet,
1041 4123 1148 4206 sicut
1165 4120 1365 4206 Dominus
1380 4120 1480 4204 dicit
1492 4147 1520 4207 τ,
1535 4118 1614 4224 Qui
1629 4118 1774 4204 virleeit

279 4364 284 4373 ς
356 4255 564 4343 :recellerem
590 4253 649 4338 ml
677 4253 1031 4359 eoreurpiecendum
1048 4279 1151 4357 eum
1171 4253 1266 4360 jum
1284 4251 1511 4338 rrroeclmtrm
1539 4235 1599 4336 cst
1621 4277 1710 4334 uren
1729 4250 1771 4333 in

315 4405 317 4410 ’
357 4376 476 4476 corde
501 4413 589 4473 meo.
616 4382 722 4468 Item
750 4384 997 4469 adulterium
1026 4391 1088 4470 est
1115 4385 1250 4473 illusio
1279 4385 1403 4471 alieni
1422 4384 1621 4494 conjugii,
1650 4381 1774 4493 qnod,

359 4523 430 4632 qni
466 4519 635 4605 alterius
661 4514 830 4600 thorum
869 4519 1196 4622 comnmc'uleuit,
1223 4517 1399 4604 udrdteri
1428 4543 1577 4601 nomeu
1601 4517 1773 4625 aceepit.

469 4651 689 4762 Sequitur:
732 4647 828 4734 Non
864 4650 1001 4754 lucere
1034 4655 1203 4756 tiletum.
1269 4647 1482 4760 Numquid
1518 4647 1590 4732 ille
1624 4646 1777 4730 colunu-

359 4783 483 4872 :ruodo
511 4783 611 4869 lucit
630 4783 799 4888 lurtum,
827 4783 899 4894 qui
922 4782 1098 4867 alienum
1117 4811 1204 4870 rem
1223 4783 1420 4869 absconse
1436 4780 1580 4866 tollit?
1622 4778 1774 4863 Verum

298 4945 303 4954 ·
361 4920 485 5002 etium
513 4917 583 5003 ille
610 4918 768 5002 furtum
786 4914 922 5016 lucit,
952 4915 1021 5025 qui
1049 4910 1137 4999 r'em
1164 4915 1244 5001 sihi
1271 4915 1326 5002 uh
1352 4914 1505 5000 ahbute
1533 4913 1776 5022 delegatum,

305 5043 314 5094 ³
362 5055 388 5142 i.
418 5082 453 5138 e.
482 5051 719 5162 deputatum
760 5049 823 5133 vel
860 5048 998 5132 datam
1040 5050 1131 5134 aliie
1168 5051 1256 5134 sirie
1275 5049 1462 5145 ,licentia
1499 5047 1659 5147 trilmit,
1703 5073 1775 5128 uec

304 5200 311 5212 '
361 5211 445 5266 nun
484 5185 606 5299 elium
648 5183 716 5264 ille
757 5183 910 5264 lurtum
954 5181 1074 5280 lircil,
1118 5183 1188 5290 qui
1216 5209 1259 5262 ee
1287 5181 1503 5264 srrlrlmhil'
1531 5181 1583 5260 de
1611 5178 1776 5261 servitiu
