3974 5778
216 301 301 394 aro
351 279 400 288 ”
806 301 1049 434 offeram

218 519 372 632 surexit
398 521 584 634 signum,
613 526 723 612 narde
759 527 885 639 digne
911 529 955 612 iu
984 529 1167 615 oratorio
1202 529 1392 616 satisfieri
1414 533 1559 646 jubet,
1586 540 1630 620 et

215 653 286 761 qni
314 653 367 736 ad
397 651 577 738 officium
607 656 789 742 divinum
813 652 932 744 tarde
959 653 1195 762 occurrerit,
1224 663 1365 772 etqui
1393 692 1469 773 per
1498 666 1630 776 negli-

214 780 399 889 gentiam
428 781 530 868 hora
556 785 792 870 relectionis
817 787 869 870 ad
900 817 1096 886 mensam,
1123 793 1168 872 et
1193 792 1229 876 si
1256 791 1324 876 cui
1353 793 1528 876 offertur
1548 793 1626 877 ali·

214 909 314 1018 quid
349 939 375 995 a
410 914 547 1020 priore
581 923 625 996 ct
659 915 843 1022 accipere
878 917 1084 1016 renuerit,
1114 922 1157 1000 et
1183 917 1218 1000 ri
1247 919 1363 1028 quis,
1392 919 1491 1003 dum
1533 951 1629 1029 pro·

171 1061 179 1074 ·
213 1040 383 1123 nuntiat
412 1043 611 1150 psalmum
640 1050 714 1127 ont
740 1044 974 1146 lectiouenr,
1003 1045 1209 1147 fefellerit,
1236 1054 1281 1132 et
1303 1049 1374 1156 qni
1394 1077 1469 1157 pro
1485 1050 1635 1158 aliqua·

213 1177 300 1250 arte
340 1172 564 1256 extollitur.
621 1172 832 1256 Secundus
872 1191 935 1256 est
962 1173 1013 1257 de
1040 1176 1295 1282 spiritalibus
1332 1178 1475 1279 rebus,
1518 1180 1630 1262 unde

95 1307 98 1314 '
179 1295 302 1403 'ipsc
341 1297 468 1384 dicit:
520 1301 570 1384 Si
607 1299 700 1408 peris
737 1302 871 1407 frater
908 1309 1123 1386 continuum
1165 1305 1237 1387 ‹uu
1277 1307 1509 1390 inobediens
1559 1317 1630 1391 ord

130 1451 134 1460 ·
211 1429 408 1530 superbus
434 1437 506 1512 aru
527 1456 790 1514 arrrrrururuus
808 1438 880 1516 card
905 1432 949 1512 iu
977 1431 1126 1536 aliquo,
1154 1431 1183 1520 i.
1209 1462 1243 1518 e.
1266 1433 1448 1537 spirituli
1473 1441 1628 1519 turrbuu

212 1560 442 1640 eorrtrmius
480 1561 659 1642 existens
694 1566 859 1642 surrctuc
897 1558 1080 1666 aepulae,
1108 1563 1179 1670 qui
1217 1562 1470 1670 proficiendo
1498 1591 1627 1672 usqne

212 1687 262 1769 ud
302 1699 458 1797 septem
486 1691 640 1798 gradus
666 1689 921 1788 extenditur,
961 1691 1121 1774 occulte
1159 1691 1347 1776 uidelicet
1373 1695 1629 1803 castigando,

213 1821 377 1929 publice
412 1821 695 1930 corripiendo,
722 1821 766 1902 in
807 1819 1027 1902 leuioribus
1053 1821 1186 1932 culpis
1222 1825 1644 1926 excommunicando,

211 1950 254 2032 iu
271 1952 437 2060 jejuniis
460 1953 593 2036 nimiis
607 1949 846 2060 affligendo,
877 1951 1113 2035 verberibus
1127 1954 1366 2054 coercendo,
1391 1983 1467 2062 pro
1481 1953 1625 2038 codem

211 2081 473 2164 iucurcndato
501 2082 554 2164 ab
582 2083 775 2165 omnibus
803 2081 973 2181 orando,
1000 2099 1126 2190 atque
1153 2083 1206 2166 ad
1236 2083 1427 2166 ultimum
1458 2084 1510 2165 de
1540 2112 1629 2166 ruo·

212 2211 391 2294 uasterio
430 2212 693 2320 expellendo,
731 2213 917 2324 quamuis
953 2213 998 2294 lri
1033 2211 1187 2321 gradus
1231 2241 1312 2296 uon
1352 2215 1394 2294 in
1435 2214 1628 2298 omnibns

211 2343 395 2450 personis
431 2341 597 2424 terrendi
639 2341 744 2444 siut,
781 2343 903 2424 sicuti
943 2349 1041 2424 suant
1083 2343 1258 2451 improbi
1301 2351 1344 2424 et
1382 2344 1477 2424 duri
1504 2349 1630 2451 atque
1684 2432 1692 2442 ,

211 2472 506 2574 inobedientes,
535 2473 586 2556 de
613 2474 762 2582 quibus
792 2473 897 2556 idern
918 2471 960 2558 S.
981 2472 1230 2557 Benedictus
1249 2475 1291 2556 iu
1322 2475 1500 2557 secundo
1518 2477 1631 2584 capi·

212 2603 301 2686 tulo
317 2602 500 2713 loquitur
513 2605 592 2688 boe
609 2604 755 2687 modo:
785 2605 1000 2710 Iuprrobos
1021 2609 1153 2686 orrlcm
1181 2611 1218 2688 ct
1233 2605 1360 2687 duros
1373 2633 1423 2690 uo
1437 2605 1632 2710 seqrcrbos

208 2733 271 2838 ccl
309 2733 575 2817 inobedientes
610 2737 817 2819 cerbcmuu
855 2734 914 2818 ccl
955 2736 1137 2840 corpor-is
1174 2737 1436 2841 rustipulioue
1464 2736 1507 2818 iri
1536 2731 1653 2841 ipso*

211 2867 328 2950 initio
350 2867 508 2970 pcccati
536 2875 722 2966 coerceat,
750 2869 883 2951 sciens
909 2869 1128 2972 scriptum:
1173 2863 1356 2950 ›Strrltus
1383 2867 1515 2950 cerdis
1545 2894 1626 2960 nou

175 2995 481 3104 ‘corripuere'
508 2995 588 3080 Sed
623 2999 799 3106 qualiter
826 2999 905 3083 boc
933 2997 1206 3106 intelligatur,
1232 2983 1416 3080 inl'erius'
1431 2997 1626 3100 dicemus,
1699 3027 1701 3034 ¹

210 3129 280 3213 ubi
306 3129 355 3211 de
377 3131 635 3214 contumacia
656 3131 889 3216 dixerimus.
926 3131 1090 3214 'lortius
1118 3129 1168 3210 de
1196 3129 1319 3211 rebus
1342 3131 1626 3232 exterioribus,

210 3265 290 3349 hoc
317 3274 403 3346 est:
433 3264 468 3346 si
496 3263 588 3371 quis
616 3263 811 3347 darnnuur
833 3293 907 3374 por
931 3261 1228 3373 negligentium
1250 3261 1418 3371 aliquod
1441 3261 1627 3348 intulerit

211 3395 471 3480 monasterio.
510 3393 708 3492 ‚Quantus
735 3393 787 3477 de
814 3394 1096 3481 criminalibus
1123 3393 1296 3480 delictis.
1337 3393 1523 3508 Denique
1552 3426 1625 3506 per
1758 3419 1760 3422 ’
1882 3378 1901 3528 3⁸

211 3529 396 3612 ordinem
426 3525 587 3610 eosdem
626 3530 881 3634 repetentes:
917 3528 969 3610 de
999 3527 1130 3636 priano
1166 3525 1376 3611 sciendum
1406 3532 1488 3625 est,
1516 3529 1624 3637 qnod

211 3657 595 3760 nullatenusalitcr,
623 3659 699 3740 nisi
724 3661 846 3769 juxta
874 3661 985 3769 quod
1009 3658 1152 3769 regula
1175 3657 1310 3764 jubet,
1342 3657 1428 3773 lieri
1456 3657 1621 3759 debent,

211 3793 251 3877 lr.
280 3821 316 3879 e.
348 3821 429 3874 uou
458 3791 659 3891 alienun,
689 3793 759 3874 sed
796 3793 1006 3902 proprium
1047 3795 1111 3872 est
1142 3787 1344 3899 judicium
1374 3789 1622 3898 ponendum.

128 3971 132 3980 .
160 3959 163 3970 ¹
211 3923 274 4006 lle
302 3924 481 4006 secundo
503 3923 677 4007 sollicite
704 3925 1059 4036 considerandum,
1089 3925 1286 4032 quianon
1315 3923 1506 4006 omnibus
1528 3953 1622 4034 per·

81 4073 87 4118 '-
208 4057 321 4138 sonis
360 4055 626 4165 suprascripti
662 4056 813 4163 gradus
856 4059 1075 4140 conuenire
1113 4061 1330 4163 poterunt,
1371 4055 1469 4165 quia
1503 4057 1626 4140 aliter

208 4188 442 4295 corrigendi
470 4194 569 4266 suut
596 4185 772 4286 honesti,
801 4185 922 4268 aliter
940 4185 1133 4293 improbi.
1173 4185 1218 4270 si
1237 4175 1466 4272 ‘contumax
1486 4185 1624 4288 luerit,

181 4360 185 4372 ·
209 4317 259 4402 de
275 4317 525 4426 monasterio
551 4316 792 4426 expellatur.
831 4314 1008 4399 Necesse
1031 4324 1092 4399 est
1111 4345 1213 4428 ergo
1237 4325 1284 4401 ut
1300 4320 1416 4425 justo
1439 4319 1625 4402 modera·
1655 4357 1657 4362 v

208 4449 320 4530 nrine
358 4454 576 4556 utrumque
621 4448 897 4550 discernatur,
944 4447 1122 4556 qualiter
1163 4449 1388 4532 secundum
1434 4448 1624 4558 regulam

207 4583 428 4662 contumax
466 4585 623 4662 secreto
663 4579 834 4662 moneri'
853 4579 983 4688 possit
1021 4579 1141 4663 etde
1180 4581 1430 4663 monasterio
1458 4578 1622 4688 expelli.

52 4808 54 4812 ,
209 4709 284 4794 lllc
322 4739 500 4820 uanique
536 4716 691 4794 secrete
727 4711 1008 4795 admonendus
1044 4717 1128 4814 est,
1171 4711 1243 4820 qui
1284 4710 1382 4795 licet
1422 4711 1625 4821 o'priore
1660 4753 1667 4768 ·

208 4844 363 4955 aliquid
404 4844 650 4955 imperatum
695 4845 880 4929 refutans
921 4873 1016 4930 mox
1056 4853 1192 4929 tanrcu
1225 4845 1458 4955 increpatus
1486 4872 1624 4928 eruen-

208 4975 415 5080 dationeru
449 4963 719 5088 promittens,
747 4979 818 5090 qui
847 4960 890 5063 et
925 4980 1121 5062 honestus
1144 4978 1238 5086 jure
1266 4977 1347 5061 diei
1376 4977 1552 5088 poterit3
1579 4981 1623 5058 et

145 5155 147 5160 ·
206 5109 278 5193 ille
306 5109 358 5195 de
385 5113 633 5195 monasterio
662 5110 928 5221 expellendus
956 5117 1032 5215 est,
1061 5112 1134 5220 qui
1162 5121 1384 5196 contumax
1414 5111 1556 5193 existit
1581 5117 1624 5190 et

118 5341 122 5350 ‚
194 5239 325 5344 vnullo
353 5221 687 5354 unquam³'pacto
716 5243 940 5357 acquiescit
966 5246 1170 5354 suscipere
1200 5243 1473 5354 disciplinam,
1501 5268 1622 5353 quem
1683 5263 1686 5270 ·
