3960 5774
249 258 333 351 loo
479 349 483 356 ¹
654 223 685 260 “·
800 162 1121 374 Ιὀιμιωιιιι

249 481 380 594 pitem
406 471 583 570 roverti.i
626 475 827 566 Similiter
861 475 1069 592 agendum
1100 481 1166 562 est
1200 475 1330 562 etism
1362 476 1410 562 in
1435 473 1529 561 aliis
1553 475 1703 580 loeis,-

250 613 337 699 sivs
372 641 468 699 cunr
502 611 669 700 infirmo
699 611 899 715 servitur,
927 611 1014 696 sire
1038 635 1133 696 cnm
1160 608 1286 694 nlism
1314 609 1442 692 trlem
1469 607 1668 706 obedien·

250 747 351 832 tiam
391 747 577 844 exercet,
612 771 719 858 quse
756 749 942 858 tempore
978 743 1089 854 signi
1132 745 1273 854 potest
1312 739 1492 844 dimitti,
1512 747 1574 826 'et
1610 742 1682 844 ire·

251 884 436 980 oratum,
464 881 509 963 ct
542 882 681 964 nmen
724 879 943 964 necessitas
978 874 1133 986 exigit,
1160 878 1209 957 ut
1246 872 1389 958 statim
1424 879 1669 968 revertetur.

252 1011 336 1131 lsts
362 1009 459 1094 talis
501 1014 548 1094 ut
566 1009 757 1115 diximus,
784 1012 895 1096 sucta
912 1009 1103 1095 oratione
1126 1012 1171 1092 et
1191 1012 1371 1094 cnntrto
1380 1006 1521 1116 cilicio
1546 1009 1672 1108 debet

250 1143 414 1230 reverti.
446 1075 473 1189 s
472 1141 633 1228 Deinde
666 1141 700 1226 si
727 1142 824 1226 talis
858 1143 985 1260 inerit
1014 1139 1241 1252 hospes,i.
1270 1168 1306 1229 e.
1342 1143 1418 1223 aut
1452 1141 1669 1252 episcopus
1726 1144 1733 1152 '

237 1269 327 1358 'aut
353 1303 491 1360 comes
524 1279 598 1358 aut
624 1275 799 1385 alicujus
827 1273 1063 1384 potestatis,
1092 1274 1164 1383 qni
1190 1271 1516 1372 scandalizatur,
1543 1270 1580 1355 si
1606 1273 1671 1356 di·

254 1407 400 1489 missus
436 1405 587 1507 luerit,
615 1407 696 1514 [et]
724 1411 823 1490 tnnc
862 1413 1034 1516 propter
1068 1405 1284 1488 ritaudunr
1316 1403 1554 1488 scandalum
1584 1433 1668 1487 nou

253 1535 377 1620 debet
416 1536 594 1640 dimitti,
621 1523 693 1620 sed
730 1536 875 1620 andito
911 1538 1033 1648 siguo
1068 1544 1112 1620 et
1139 1541 1280 1622 erecto
1306 1535 1442 1620 cordis
1476 1535 1597 1618 oculo
1627 1538 1670 1619 in

252 1669 410 1752 coelum
455 1669 577 1754 debet
610 1669 714 1778 inibi
752 1697 826 1751 sun
863 1668 1115 1752 conscientia
1145 1697 1271 1784 'omre
1310 1672 1355 1750 et
1391 1695 1486 1750 cum
1523 1669 1672 1751 timore

252 1831 370 1886 sunm
395 1802 581 1886 ,ollioimu
606 1801 937 1906 ‹lebet'eantare,
965 1800 1063 1911 qula
1083 1803 1191 1885 sient
1215 1799 1268 1883 de
1283 1799 1459 1882 infirmis
1482 1798 1672 1902 diximus,

254 1937 301 2014 nt
341 1961 426 2018 uon
465 1961 542 2042 pro
576 1931 765 2017 omnibus
795 1930 969 2014 infirmis
1000 1931 1148 2016 debent
1174 1935 1306 2031 sture,
1335 1929 1406 2012 sed
1445 1958 1671 2033 occurrere,

254 2069 298 2146 et
332 2063 383 2148 de
421 2062 503 2148 illis
538 2062 733 2163 infirmis,
762 2062 834 2172 qui
875 2064 991 2148 nullo
1030 2063 1154 2148 modo
1175 2067 1363 2173 'possunt
1401 2062 1581 2163 dimitti,
1612 2064 1672 2146 iu

255 2194 571 2306 intelligendum
600 2203 664 2280 est
693 2194 743 2278 de
771 2193 1003 2304 hospitibus
1029 2203 1073 2278 et
1100 2194 1152 2280 de
1173 2195 1265 2279 aliis
1288 2193 1423 2294 rebus,
1450 2222 1557 2304 qnae
1578 2214 1677 2302 pos··

235 2331 356 2409 mne
383 2333 439 2410 et
475 2356 559 2412 non
600 2336 774 2437 possunt
809 2325 990 2428 dimitti,
1017 2332 1061 2408 et
1100 2325 1155 2408 ad
1194 2351 1298 2434 quas
1334 2324 1524 2408 oratione
1567 2327 1674 2408 lacta
1795 2429 1800 2441 Ι

256 2457 407 2542 debent
435 2461 585 2545 reverti
620 2465 664 2544 et
693 2487 777 2542 non
805 2439 1001 2573 debent.)
1029 2457 1324 2541 Verumtamen
1353 2457 1564 2542 sciendum
1594 2461 1671 2556 est,
1710 2471 1715 2480 ’

257 2593 354 2700 (pria
389 2598 488 2676 sumt
526 2593 643 2676 nmlti
677 2589 892 2690 monaehi,
920 2590 1133 2701 quisnam
1164 2586 1439 2674 obedientiam
1469 2615 1554 2670 non
1582 2592 1670 2670 stn-

158 2801 162 2810 ,
256 2724 371 2806 diosc
407 2751 482 2808 neo
510 2725 594 2810 olto
622 2732 831 2827 exercent,
859 2724 930 2808 sed
965 2722 1209 2806 intermissis
1247 2719 1399 2802 inbutis
1437 2725 1513 2803 sut
1556 2717 1672 2802 ranis

257 2853 534 2938 locutionibus
561 2861 634 2940 aut
661 2855 785 2940 etiam
814 2854 954 2963 aliqua
980 2854 1062 2938 alia
1084 2853 1253 2938 levitate
1273 2853 1392 2938 tarde
1414 2851 1544 2959 ipsam
1573 2849 1672 2932 obe·

149 2975 158 2994 ‘
257 2984 453 3070 dientisrn
491 3003 686 3071 exercent
721 2987 853 3072 etita
882 2985 1066 3096 agendo,
1093 3013 1186 3070 cum
1215 2985 1404 3070 auditum
1432 2981 1558 3066 luerit
1585 2981 1673 3087 sig·

171 3173 175 3186 ·
258 3143 371 3220 nuru,
399 3116 665 3201 inveniuntur
685 3119 774 3226 ipsa
792 3116 1026 3200 obedientia
1042 3116 1354 3226 praeoccupatis
1381 3119 1426 3198 et
1447 3113 1545 3222 qnia
1564 3110 1674 3195 forte

218 3295 225 3310 ·
257 3245 353 3328 nnis
380 3251 442 3328 est
479 3245 567 3354 ipsa
605 3245 862 3346 obedientia,
890 3272 996 3355 qnae
1025 3273 1109 3329 non
1140 3250 1277 3354 potest
1302 3244 1393 3326 sine.
1419 3241 1572 3325 damno
1598 3244 1673 3324 aut

255 3373 394 3483 nliqna
420 3375 713 3476 contrarietate
741 3373 919 3478 dimitti,
950 3375 1031 3484 [et]
1061 3375 1241 3485 protuli
1269 3399 1392 3456 causa
1420 3400 1504 3455 non
1533 3361 1673 3456 dimil-

257 3510 357 3587 tnnt
392 3508 493 3587 tnnc
533 3505 662 3614 ipsam
700 3504 977 3588 obedientiam
1015 3505 1160 3590 audito
1198 3505 1333 3616 signo.
1388 3501 1551 3585 Deinde
1577 3529 1670 3584 cnm
1712 3599 1715 3606 ‚

256 3635 544 3744 increpantur,
573 3662 699 3743 quare
733 3662 819 3718 non
856 3634 1120 3738 dimiserunt,
1150 3642 1350 3720 excusant
1375 3638 1500 3742 atque
1529 3632 1672 3716 delen·

257 3767 363 3851 dunt
384 3794 428 3850 se
447 3767 653 3851 dieentes:
683 3765 960 3852 obedientiam
985 3775 1168 3854 nostram
1191 3767 1402 3851 dimittere
1425 3793 1510 3848 non
1534 3763 1674 3874 potui·
1848 3754 1849 3757 ‘

258 3926 360 3982 runs.
407 3895 480 3981 lsti
500 3895 603 3981 tales
625 3897 796 3981 omnino
811 3901 1068 4010 negligentes
1086 3907 1128 3982 et
1145 3899 1275 4008 tepidi
1295 3903 1393 3980 sunt
1414 3901 1458 3978 et
1476 3895 1672 3980 existunt.

260 4029 321 4112 lle
349 4029 504 4113 talibus
531 4033 575 4117 S.
592 4027 767 4112 Basilius
787 4028 974 4140 loquitur
993 4030 1155 4114 dicens:
1192 4025 1473 4134 Unusquisque
1494 4027 1539 4110 in
1557 4051 1676 4130 opere

226 4149 330 4245 'selo
366 4159 578 4245 observare
616 4159 726 4244 delet
756 4159 975 4266 propninm
1013 4161 1221 4268 sepulum,
1249 4160 1351 4245 sind
1379 4156 1598 4240 nunetrnm
1627 4155 1671 4238 in

256 4306 435 4396 corpore,
463 4297 499 4373 et
521 4291 716 4376 darianum
739 4290 912 4394 luccen,
937 4291 977 4376 si
997 4289 1214 4398 seepleeerit
1239 4289 1283 4374 in
1305 4314 1364 4395 eo,
1391 4289 1498 4394 qnod
1514 4286 1675 4390 isojnrrc·

255 4429 338 4505 tum
354 4428 413 4505 est
426 4422 484 4524 εἰς
506 4420 580 4506 scd
595 4447 838 4506 eorrrmunem
858 4419 1068 4505 utilitatem
1081 4421 1262 4525 [rutnans
1277 4419 1483 4526 srcplipens
1493 4415 1671 4520 crispilus
1702 4471 1708 4478 -

248 4551 575 4662 periclitabitur,
603 4557 640 4634 et
667 4553 759 4635 ideo
785 4542 914 4634 acerete
953 4556 991 4633 et
1017 4550 1221 4635 devotione
1247 4545 1445 4651 correptore
1477 4543 1588 4628 debet
1615 4541 1674 4641 id,

254 4682 360 4790 qnml
381 4661 676 4790 scriptumest:
705 4687 936 4767 »carrinates
956 4689 994 4765 et
1007 4679 1229 4786 psallentes
1247 4678 1296 4760 'in
1319 4675 1507 4762 corditio
1530 4675 1674 4758 uestris

255 4813 472 4902 Domino«.
528 4811 573 4898 Si
601 4813 710 4896 enim
740 4810 826 4913 hie,
868 4812 942 4922 qni
970 4814 1079 4896 circu
1118 4808 1326 4894 cellarium
1357 4808 1422 4892 vel
1456 4808 1672 4918 coquinam
1784 4795 1788 4802 ⁴

187 4967 192 4978 ·
256 4947 319 5028 vel
348 4944 429 5030 ulia
458 4941 742 5051 hujuscemodi
772 4971 896 5057 opera
924 4947 1149 5053 oocrrpntns
1176 4945 1253 5042 est,
1287 4939 1498 5046 [sienim]
1526 4967 1674 5046 corpo-

256 5077 398 5160 raliter
420 5105 503 5160 non
527 5076 752 5160 occurrerit
775 5075 916 5159 unlesse
943 5102 1037 5158 curn
1060 5072 1208 5157 ceteris
1230 5069 1500 5154 adorationis
1522 5069 1672 5167 locum,
1708 5148 1712 5154 ,
1826 5171 1829 5177 Ι

255 5210 296 5292 in
334 5239 580 5320 quocunqne
620 5209 710 5289 loco
756 5209 948 5292 iuventus
992 5208 1136 5332 l'nerit,
1178 5203 1289 5312 quod
1330 5200 1561 5284 devotionis
1600 5203 1675 5300 est,
