3930 5788
252 183 356 282 ,mo
480 219 524 276 ,-
590 196 595 206 ·
877 124 1086 277 estu

269 427 443 510 quorum
471 429 555 486 nou
582 399 694 502 licet,
722 403 830 488 sicut
846 401 997 490 hebes:
1024 398 1242 507 Jejmim
1259 431 1287 488 u
1299 403 1442 510 priore
1465 400 1686 509 [rumonim

266 537 437 638 propter
461 529 663 640 hospitem
700 533 787 616 uisi
808 530 916 638 sorte
936 531 1187 638 praecipuus
1213 533 1270 618 eit
1294 535 1384 618 dies
1400 531 1575 640 muri,
1614 533 1687 638 qni
1785 619 1791 629 ,

270 661 418 748 violori
444 689 526 750 eom
544 665 692 770 possit.
750 663 925 750 Fratres
944 669 1076 748 numm
1095 665 1418 749 consuetudinem
1432 662 1685 770 jejuniorum

265 799 579 901 prosequamur.
636 793 693 879 Et
718 795 833 892 ideo,
874 823 968 879 cum
997 793 1099 878 dicit
1114 819 1116 824 ’
1132 795 1296 896 abbati,
1337 824 1455 880 suum
1478 793 1684 904 jejunium

270 925 497 1036 frungere,
515 923 594 1010 hoc
622 933 705 1029 est,
738 933 839 1010 ente
864 926 1009 1010 horum
1038 925 1265 1036 legitimam
1296 926 1564 1026 munducare,
1602 925 1684 1032 [et]

271 1056 420 1141 fratres
447 1085 589 1142 omues
618 1084 705 1141 uon
731 1056 881 1142 debere
892 1058 925 1169 ¹)
954 1057 1224 1156 munducare,
1264 1057 1446 1166 exceptis
1473 1055 1553 1158 his,
1580 1083 1684 1165 quos

237 1215 240 1224 ·
270 1185 312 1270 S.
334 1186 582 1272 Benedictus
603 1187 740 1298 jussit,
769 1215 820 1271 eo
847 1190 959 1298 quod
987 1188 1204 1298 prandium
1226 1186 1336 1304 forte
1363 1188 1445 1271 crit
1473 1212 1684 1297 maguum,

138 1379 159 1404 .·
269 1325 313 1402 et
339 1316 523 1427 hospites
552 1319 685 1430 ponci,
713 1323 757 1402 et
784 1318 845 1402 itu
872 1320 1013 1429 pauci,
1044 1327 1092 1403 ut
1118 1323 1284 1430 superet
1311 1320 1550 1430 prandium,
1580 1309 1685 1427 quu-

271 1455 392 1534 tenns
419 1477 472 1533 ne
500 1449 750 1560 superfluum
779 1449 1050 1553 manducent,
1089 1451 1187 1558 quin
1214 1449 1336 1560 pauci
1364 1450 1546 1559 hospites
1574 1454 1683 1550 sunt,
1849 1554 1853 1559 ,
1963 1555 1964 1582 Ν

270 1581 341 1664 sed
370 1581 455 1664 cito
483 1585 526 1663 et
554 1580 764 1665 moderate
791 1581 925 1689 ipsum
944 1581 1162 1691 prandium
1185 1585 1446 1666 consumtum
1477 1581 1562 1666 fiac
1617 1580 1685 1663 Sic

95 1770 102 1785 ·
270 1713 380 1795 euim
408 1711 451 1796 S.
482 1709 728 1794 Benedictus
755 1713 800 1794 iu
828 1711 909 1795 isto
937 1710 1109 1820 prundio
1138 1712 1226 1796 fieri
1248 1713 1385 1821 jussit,
1415 1739 1507 1794 cum
1538 1711 1685 1793 iratres

162 1881 165 1890 v
273 1869 418 1925 uocare
445 1842 667 1950 praecepit,
695 1841 803 1926 sicut
824 1840 1027 1926 Dominus
1051 1839 1445 1952 proecepitJudoeis
1472 1841 1524 1922 de
1550 1867 1686 1960 come-

274 1969 410 2056 dendo
438 1969 590 2081 pasche
618 1972 677 2054 ite
704 1970 865 2056 dicens:
905 1973 944 2056 si
970 1979 1102 2056 nutem
1142 1973 1276 2056 minor
1309 1978 1369 2055 est
1394 1997 1604 2070 numerus,
1641 1977 1686 2052 ur

272 2103 460 2208 sufficere
479 2103 614 2208 possit
639 2104 698 2188 ud
724 2102 958 2190 uescendum
986 2129 1154 2210 cyrrum,
1194 2109 1371 2187 assumet
1400 2104 1586 2199 cicinum,
1614 2105 1685 2208 orci
1856 2158 1861 2163 -

275 2235 509 2340 omrjnnctns
536 2239 595 2316 est
622 2237 760 2322 dorum
786 2239 875 2342 ejns
893 2235 1019 2342 joretn
1049 2262 1260 2359 rrrrrnemrm
1287 2237 1542 2335 crrirrmrum,
1580 2261 1686 2343 quse

273 2364 462 2450 sufficere
490 2373 664 2476 possunt
690 2366 743 2450 ud
772 2395 885 2450 esum
914 2369 1025 2478 ugni,
1052 2377 1255 2479 quatenns
1279 2364 1359 2448 istc
1386 2367 1583 2450 comestio
1612 2365 1684 2448 flat

274 2497 422 2582 festiue
436 2503 712 2582 consumtuet
726 2498 1387 2610 modestcubsqucsuperfluitnte.
1418 2496 1482 2581 lto
1495 2496 1539 2586 S.
1556 2497 1687 2581 Bene-

276 2630 409 2714 dictus
437 2627 580 2714 iecisse
609 2629 772 2715 ridetur
798 2634 842 2716 in
871 2630 1081 2734 hocloco,
1110 2629 1430 2726 sicutdiximus3
1461 2657 1556 2714 num
1584 2657 1685 2713 cou-
1852 2630 1856 2637 '

272 2761 448 2846 suetudo
474 2763 701 2874 scripturae
728 2764 892 2849 diviuuc
920 2771 1005 2868 est,
1039 2764 1262 2876 aliquando
1289 2763 1349 2847 ita
1378 2763 1532 2863 dicere,
1569 2762 1686 2872 quusi

130 2905 139 2924 ·
272 2894 325 2979 cd
353 2921 497 2980 omnes
525 2895 589 2978 vei
616 2896 668 2981 de
696 2898 888 2982 omnibus
919 2899 1051 3014 dicat,
1088 2924 1180 2982 cum
1211 2925 1296 2981 non
1326 2896 1377 2980 de
1404 2895 1595 2980 omnibns
1622 2895 1687 2978 vel

133 3047 136 3058 ’
273 3028 328 3115 ud
355 3055 498 3112 omnes
528 3027 733 3139 loquutur,
773 3031 901 3116 veluti
929 3031 972 3122 S.
1008 3031 1158 3116 Paulus
1183 3029 1397 3141 apostolus
1426 3029 1559 3114 iacere
1586 3055 1687 3138 cog·
1855 3156 1856 3159 Ν

274 3160 480 3264 noscitur,
518 3187 613 3244 cum
641 3159 865 3246 Corinthiis
903 3163 1108 3273 loquitur;
1148 3163 1208 3246 uit
1236 3163 1367 3246 enim:
1410 3159 1584 3246 Grrrtios
1611 3185 1688 3268 nuo
1855 3162 1856 3165 ‘

274 3291 364 3378 Deo
404 3317 490 3374 oreo
525 3317 683 3396 serrrpcr
715 3317 797 3396 pro
832 3293 945 3378 codis
981 3297 1025 3378 in
1060 3294 1200 3402 qratia
1228 3293 1333 3394 Dei,
1372 3321 1476 3400 queue
1502 3296 1602 3378 duta
1628 3298 1687 3376 est

271 3423 384 3506 uobis
410 3423 455 3506 m
477 3421 640 3508 Oirmsto
666 3421 782 3525 Jeme,
810 3426 907 3530 qrrin
937 3427 981 3508 m
1008 3425 1191 3508 mercibus
1218 3425 1364 3509 divites
1388 3428 1490 3531 sueti
1517 3426 1615 3509 estis
1641 3426 1685 3508 iu

272 3555 370 3664 iilo,
408 3557 456 3640 io
483 3555 593 3640 orum
631 3554 749 3638 ocrim
775 3563 812 3638 et
839 3560 884 3640 in
912 3558 1023 3640 onem
1058 3557 1250 3658 soicmiu,
1290 3557 1394 3641 sime
1420 3557 1685 3640 testimoium
1739 3655 1749 3686 x

242 3729 250 3750 ·
278 3687 434 3774 Christi
460 3686 739 3791 confimnntmrr
767 3695 827 3772 est
852 3691 898 3772 in
927 3689 1049 3777 miris.
1106 3688 1257 3796 Quiu²)
1276 3687 1413 3773 edium
1434 3687 1628 3798 udjuugit
1644 3695 1688 3770 et

275 3819 395 3903 dicit:
434 3817 494 3901 ito
522 3822 566 3900 ut
593 3816 697 3902 nihil
733 3819 846 3902 vobis
880 3819 985 3904 desit
1016 3821 1061 3905 in
1096 3817 1182 3903 ullu
1215 3820 1354 3926 qratia
1390 3819 1689 3924 anxiantibus

274 3949 554 4036 revolutionem
591 3947 764 4034 Domini
801 3953 933 4036 ηοεινὶ
965 3949 1071 4036 Jesu
1108 3949 1274 4037 christi.
1343 3947 1471 4052 Ecce,
1510 3949 1687 4058 grutium

230 4087 236 4098 '
276 4081 525 4183 Dcidutum
553 4081 710 4179 usserit,
739 4080 872 4168 iactos
899 4083 946 4174 in,
971 4082 1162 4168 omuibus
1189 4080 1338 4166 divites
1362 4079 1474 4182 dicit,
1502 4081 1548 4164 in
1575 4079 1687 4165 omni

118 4251 120 4256 ·
277 4214 403 4300 verbo
429 4219 473 4298 et
499 4213 543 4296 in
573 4214 684 4297 omui
713 4213 899 4318 scientio,
928 4213 1082 4300 Christi
1111 4213 1416 4319 testimonium,
1455 4212 1485 4300 i.
1513 4242 1549 4302 e.
1577 4211 1687 4324 quod
1854 4214 1857 4217 ·
1957 4173 1964 4214 ⁶

275 4347 326 4431 dc
355 4345 576 4454 semetipso
604 4345 817 4431 moriendo
845 4352 889 4432 et
907 4346 1161 4458 resurgendo
1179 4351 1355 4432 testatus
1374 4351 1449 4448 est,
1476 4345 1523 4428 in
1545 4371 1686 4428 eorum

277 4479 363 4562 ritu
389 4479 679 4562 confirmatum
708 4481 794 4560 csse
821 4479 1030 4586 perhibet,
1070 4482 1113 4562 et
1141 4478 1246 4562 nihil
1274 4478 1333 4562 cis
1364 4479 1503 4562 deesse
1530 4477 1573 4560 in
1603 4475 1689 4558 uiis
1793 4481 1802 4508 ⁸

276 4611 413 4717 gretie
441 4612 631 4694 testetur.
688 4607 789 4705 Quis
815 4609 894 4694 hoc
924 4611 1078 4712 credet,
1105 4609 1205 4720 quio
1223 4609 1347 4718 poulo
1366 4613 1461 4717 post
1474 4635 1544 4693 eos
1559 4606 1689 4690 corri-
1859 4676 1863 4683 .

148 4769 165 4784 ·
277 4742 379 4849 pict,
407 4766 511 4850 quos
539 4740 601 4823 itu
631 4738 799 4823 laudat?
836 4741 945 4826 Num
974 4746 1071 4850 post
1088 4747 1227 4826 cetero
1253 4739 1488 4848 subjunxit:
1520 4739 1689 4824 Obsecro
