3974 5778
320 396 433 496 8⁴6(
910 387 997 482 cere
1019 387 1153 492 xxiii.

319 563 614 724 poenitentiam
629 585 768 722 gessit,
791 609 843 694 ed
867 607 1053 694 ordinem
1076 609 1380 722 presbyteratus
1393 607 1479 693 sire
1492 607 1731 694 diaconatus

320 747 481 846 venire,
518 746 551 831 si
582 771 679 830 vcro
706 743 919 827 ordinatus
945 742 1161 854 presbyter
1193 738 1401 848 publicam
1428 738 1563 848 egerit
1588 745 1731 848 poeni·
1886 728 1901 796 i-

233 895 236 904 '
271 965 272 970 Ξ
319 877 517 976 tentiam,
545 904 571 957 a
597 902 674 958 sno
695 875 818 984 jubet
844 875 1033 958 recedere
1061 869 1302 954 ministerio.
1357 869 1479 956 Unde
1507 899 1625 972 eom,
1652 875 1730 984 ,qui
1889 865 1903 938 ἶ

170 1023 174 1030 ’
319 1005 700 1090 excommunicandi
741 1003 882 1108 habet,
908 1001 1203 1102 ministerium,
1231 981 1417 1112 (caecasse
1457 1005 1521 1084 cst
1563 1029 1732 1108 perrsnre
1891 1014 1902 1085 'r

181 1229 185 1238 ,
225 1221 231 1233 ,
322 1162 551 1244 personam·
577 1137 621 1218 ct
660 1132 845 1242 culpans,
887 1134 982 1242 quia
1024 1132 1208 1242 quamvis
1249 1159 1326 1238 pro
1368 1131 1560 1215 omnibus
1600 1133 1732 1242 culpis

294 1261 576 1374 'gravioribus
614 1262 801 1346 videatur
838 1265 982 1371 regula
1023 1262 1255 1370 praecipere
1294 1267 1413 1344 entra
1443 1260 1660 1344 ‘ecclesiam
1690 1271 1733 1346 et
1891 1334 1904 1355 n

319 1391 578 1478 refectorium
619 1395 745 1502 atquc
797 1391 1051 1476 consortium
1093 1390 1266 1473 fratrum
1313 1389 1604 1497 poenitendum
1646 1421 1732 1477 esse
1891 1365 1905 1492 Ξ

321 1551 428 1620 cum,
456 1521 526 1630 qni
554 1520 755 1630 gravioris
782 1521 927 1631 cnlpae
955 1520 1156 1604 obnoxius
1186 1519 1331 1620 inerit,
1369 1526 1507 1602 tannen
1537 1521 1734 1604 discretus
1894 1493 1904 1577 i

319 1657 363 1735 et
401 1649 579 1758 prudens
606 1648 752 1733 doctor
788 1648 1018 1744 discerncre
1055 1649 1179 1733 debet
1219 1677 1458 1758 personam,
1497 1649 1563 1729 cni
1603 1649 1734 1734 oiiicit

319 1779 484 1890 publicu
513 1779 792 1888 poenitentia,
831 1779 882 1862 ad
910 1807 1067 1862 sacrum
1092 1779 1284 1862 ,ordinem
1320 1777 1559 1874 ascendere,
1597 1791 1640 1859 ct
1666 1781 1731 1862 cui
1897 1838 1902 1857 ,

322 1938 405 1994 uon
434 1909 579 1995 officit.
628 1907 682 1992 'Si
711 1936 808 1992 vcro
835 1909 930 1992 tuiis
959 1937 1007 1993 nc
1031 1917 1149 1991 tanta
1170 1908 1295 1992 inerit
1315 1907 1481 2016 gravior
1496 1907 1629 2016 culpa,
1659 1936 1733 2016 pro
1839 1953 1842 1958 ·
1904 1932 1907 1936 ’

319 2069 403 2150 qua
431 2041 653 2124 secundum
694 2040 933 2124 canonicam
974 2041 1258 2123 anctoritatem
1300 2041 1353 2124 ed
1391 2037 1576 2124 ordinem
1615 2038 1733 2122 cleri·

320 2180 436 2254 catus
465 2199 549 2254 nou
578 2170 708 2282 possit
735 2168 946 2272 accedere,
987 2176 1088 2254 tnnc
1117 2169 1272 2270 omnis,
1311 2171 1397 2254 sive
1433 2169 1622 2253 literatus
1649 2171 1735 2254 sive
1898 2230 1906 2270 =

320 2301 552 2404 illiteratus,
580 2305 665 2386 sinc
694 2299 838 2386 doctus'
864 2301 949 2386 sive
976 2301 1166 2386 indoctus
1191 2301 1329 2401 inerit,
1356 2301 1425 2410 qni
1453 2297 1734 2409 hujuscemodi

319 2435 464 2544 culpae
492 2434 695 2519 obnoxius
722 2438 806 2536 cst,
847 2432 890 2515 in
919 2431 1097 2542 graviori
1127 2432 1248 2542 cnipc
1283 2432 1529 2544 judicandus
1557 2435 1631 2518 est.
1688 2430 1733 2514 Si
1847 2481 1848 2484 a

320 2570 459 2649 numm
487 2565 577 2676 ipsa
605 2567 727 2677 culpa
753 2564 920 2678 gmvior
957 2563 1054 2649 tuiis
1094 2563 1240 2666 inerit,
1278 2565 1519 2649 andecam
1557 2591 1734 2648 canones

244 2753 247 2760 ι
320 2728 404 2784 non
441 2699 710 2810 prohibeant,
750 2699 803 2783 nd
832 2697 1018 2784 ordinem
1058 2698 1274 2782 clericatus
1315 2697 1529 2800 accedere,
1567 2702 1612 2780 et
1647 2695 1735 2806 ipsa

163 2942 166 2948 Ι
319 2858 495 2942 persona
532 2832 617 2913 siro
646 2829 858 2916 ordinatus
896 2830 1065 2914 nitrive
1102 2830 1236 2914 adhuc
1275 2859 1361 2914 non
1398 2828 1475 2930 sit,
1518 2838 1561 2913 et
1597 2835 1734 2914 tumen

82 2957 91 2974 '
242 3035 244 3042 .
323 2970 462 3072 potest
488 2963 658 3072 provehi
672 2963 705 3074 1)
733 3009 785 3026 -
815 2962 893 3046 iste
922 2961 1016 3046 tuiis
1045 2991 1121 3070 pro
1144 2960 1427 3071 hujuscemodi
1457 2967 1626 3070 peccato
1652 2988 1735 3045 non

65 3089 110 3100 ”
205 3103 214 3122 ’
321 3094 446 3178 debet
469 3094 632 3202 publice
656 3093 867 3202 poenitere
891 3122 965 3201 pro
984 3093 1095 3176 dicta
1123 3095 1319 3176 cononica
1342 3093 1589 3178 auctoritate
1614 3139 1662 3155 -
1688 3121 1761 3184 co,
1902 3070 1912 3184 Ξ

208 3243 211 3250 ’
322 3217 432 3332 qnod
460 3225 658 3307 canonica
685 3223 910 3306 auctoritas
938 3227 1014 3320 est,
1044 3223 1153 3330 quvio,
1183 3223 1253 3333 qui
1284 3223 1489 3332 pubiicum
1522 3225 1739 3333 poeniten·
1901 3277 1912 3336 ·:

232 3399 236 3407 ,
322 3353 422 3436 tiam
452 3353 562 3463 egit,
591 3382 667 3438 nec
694 3337 910 3464 presbyter
937 3379 1013 3434 nec
1040 3351 1236 3436 diaconus
1264 3380 1351 3438 esse
1379 3359 1537 3463 potest,
1578 3355 1614 3434 si
1642 3380 1739 3434 vero
1900 3342 1911 3458 ᾗ

279 3583 283 3592 ,
322 3483 364 3565 in
395 3471 681 3594 presbyteratu
711 3481 776 3567 vei
805 3482 1026 3565 diaconatu
1064 3483 1315 3567 constitutus
1353 3484 1559 3592 publicam
1598 3481 1742 3592 poeni·
1899 3541 1906 3548 -

293 3603 299 3618 ’
322 3615 496 3698 tentiam
525 3603 668 3724 egerit,
696 3614 750 3698 ab
778 3613 921 3697 ordine
955 3617 1155 3700 removeri
1183 3617 1327 3714 debet3
1358 3615 1567 3725 pubiica²)
1595 3615 1740 3725 poeni·
1900 3689 1905 3696 .

324 3748 456 3833 tentia
470 3754 543 3851 est,
558 3750 600 3830 in
616 3776 698 3858 qua
712 3745 936 3832 monachus
950 3755 1162 3858 separatus
1176 3751 1230 3834 ab
1243 3749 1411 3834 ecclesia
1426 3755 1469 3835 ct
1483 3778 1508 3834 a
1521 3747 1740 3834 refectorio

293 3880 388 3966 'vel
415 3911 441 3964 a
468 3881 677 4016 consortio
706 3879 887 3966 omnium
918 3879 1092 3965 fratrum
1122 3881 1233 3966 solus
1255 3881 1604 4012 in'poenitcntiae
1624 3879 1739 3964 inctu

322 4013 512 4099 consistit
542 4061 590 4076 -
625 4063 670 4078 -
702 4013 773 4098 scd
801 4013 846 4098 in
875 4013 1045 4100 minoris
1073 4021 1115 4100 ct
1143 4016 1307 4102 levioris
1330 4015 1488 4128 culpae,
1517 4015 1569 4098 de
1594 4043 1677 4125 qna
1695 4013 1741 4097 in

324 4148 504 4233 secundo
520 4148 642 4232 modo
657 4146 847 4250 dixinvns,
864 4147 1024 4255 jndicio
1039 4148 1242 4235 tenendus
1257 4159 1332 4249 cst,
1356 4147 1542 4259 quamvis
1559 4145 1741 4258 gravius,
1898 4241 1904 4249 ι

326 4309 450 4389 quarn
478 4281 513 4362 si
542 4277 676 4362 minor
702 4282 824 4388 culpa
851 4278 1014 4382 inisset,
1044 4309 1118 4382 nc,
1145 4308 1237 4364 cunr
1268 4283 1397 4392 possit
1425 4281 1635 4389 proficere,
1665 4305 1742 4386 pro

322 4412 397 4496 tali
420 4413 587 4496 incauto
611 4408 768 4518 judicio
795 4411 1035 4520 proficiendi
1057 4413 1101 4494 in
1126 4421 1269 4496 sancta
1294 4413 1464 4495 ecclesia
1479 4409 1740 4520 impediatur.
1897 4415 1910 4510 {-

174 4593 180 4602 ·
322 4544 475 4646 Quodsi
505 4543 599 4627 tuiis
627 4542 753 4626 inerit
793 4571 993 4654 persona,
1030 4543 1118 4628 sive
1155 4542 1351 4657 illiterata
1379 4543 1465 4628 sive
1492 4543 1595 4644 alia,
1633 4570 1741 4652 quac

323 4677 438 4762 rrniic
465 4675 591 4759 modo
620 4680 757 4784 potest
788 4674 840 4758 nd
864 4675 1057 4758 'ordinem
1089 4675 1302 4760 clericatos
1326 4675 1475 4779 venire,
1506 4705 1582 4786 pro
1609 4673 1742 4786 quali·
1910 4770 1915 4787 ,

323 4835 485 4917 cunque
511 4806 694 4916 graviori
735 4804 855 4914 culpa
893 4807 938 4887 in
978 4805 1158 4915 graviori
1194 4805 1352 4912 jndicio
1388 4805 1637 4914 judicandus
1664 4809 1739 4890 est.

327 4939 535 5024 Gravioris
562 4936 706 5059 cnlpae
736 4948 940 5040 recusent,
977 4939 1049 5046 qni
1078 4938 1328 5020 temulentus
1357 4937 1493 5039 inerit,
1522 4939 1593 5047 qni
1623 4935 1741 5019 semi·
1914 4953 1920 5003 ἱ

414 5253 444 5338 ²)
465 5245 714 5322 Anccoiuthon
736 5245 790 5334 (t).

413 5363 442 5458 ²)
462 5357 610 5450 publice
630 5357 726 5436 enim
747 5359 804 5454 (tt
