3934 5762
828 197 1012 294 Protogns.
1600 211 1643 302 11
1841 134 1892 222 ι’

214 427 271 540 α
295 417 457 526 pntttpis
480 419 604 522 uptus?
630 448 711 504 mm
739 420 1078 506 intromittuntur
1097 423 1209 507 intm
1228 429 1408 510 sumtum
1428 425 1651 513 ecclesium.
1734 411 1737 420 ¹

138 589 141 594 Δ
236 551 342 634 Vide
371 549 505 651 modo,
553 549 649 658 quio
678 555 785 635 sicut
814 580 897 636 non
925 552 1262 638 intromittuntur
1292 554 1430 638 tidcics
1458 555 1500 638 in
1531 583 1650 640 snum·

238 685 322 764 tum
365 679 600 778 ecclesiam,
647 677 726 764 nisi
763 681 1147 766 abrenuntiaverint
1183 683 1348 767 ‹tiaboio
1387 690 1428 768 et
1456 685 1649 794 operibus
1732 681 1734 685 ’
1783 755 1788 766 .

237 812 335 921 ejus,
365 811 505 895 secuto
524 815 568 893 et
595 813 893 920 pompis'ejns,
925 812 982 896 ita
1011 814 1133 897 etiam
1165 843 1247 897 non
1276 813 1555 924 suscipiuntur
1581 815 1649 900 isti
1816 881 1820 890 .
1938 873 1939 882 a

235 973 260 1026 a
286 939 504 1048 disciplina
522 941 773 1026 monasticae
787 943 1011 1044 doctrinae,
1042 943 1118 1028 nisi
1138 943 1519 1029 abrenuntiaverint
1537 945 1656 1055 psius·
1678 951 1680 954 ’

71 1151 74 1162 ,
239 1069 417 1183 propriis
446 1070 740 1157 votnututibus.
797 1073 854 1158 Et
893 1074 1000 1159 sient
1038 1072 1439 1160 seelestaestudium
1470 1081 1533 1158 est
1561 1103 1648 1160 mn·

238 1202 356 1286 xitum·
372 1200 414 1283 in
444 1200 778 1290 abrenuntiando
806 1203 1007 1288 idolorum
1039 1201 1327 1309 servitutibus,
1370 1206 1430 1289 itu
1468 1203 1649 1289 studium

237 1338 298 1418 est
327 1328 579 1417 monasticae
608 1331 846 1445 disciptinae
873 1332 916 1418 in
947 1332 1279 1418 abrenuntiando
1308 1334 1482 1444 propriis
1505 1334 1651 1419 volun·

237 1463 401 1548 tatibus.

344 1591 466 1676 Nunc
494 1591 712 1678 videndum
744 1598 817 1695 sust,
862 1592 958 1704 qnid
1001 1591 1057 1676 sit
1097 1591 1272 1700 prupriu
1309 1593 1511 1679 voinntns.
1569 1595 1648 1679 iiic

235 1723 422 1822 adtende,
453 1711 548 1833 qnia
576 1750 649 1834 per
677 1713 1081 1806 circumlocutionem
1112 1723 1226 1806 veuit
1253 1721 1304 1806 ud
1328 1722 1417 1825 hoc,
1447 1725 1557 1834 qnod
1585 1726 1649 1808 in·

100 1901 102 1904 ·
235 1857 488 1964 terrogatur,
519 1851 618 1962 quid
647 1853 702 1936 sit
730 1851 896 1962 propriu
925 1850 1128 1939 volumtas.
1191 1851 1236 1936 Si
1267 1850 1376 1936 enim
1405 1853 1647 1962 interroges,

236 1985 331 2095 quid
361 1967 415 2067 sit
444 1981 650 2092 proprium
683 1980 871 2108 hominis,
907 1979 1117 2092 proprium
1149 1981 1326 2067 hotninis
1358 1990 1432 2086 est,
1462 1984 1521 2067 nil
1551 1984 1648 2069 boni

236 2115 396 2212 habere,
425 2112 535 2224 quie,
564 2116 782 2222 postquam
814 2111 969 2223 pninms
998 2112 1121 2198 honio
1162 2113 1292 2197 libano
1332 2114 1503 2199 arbitrio
1544 2115 1648 2199 mido
1809 2204 1813 2212 ,

236 2250 353 2330 ntcus
396 2243 551 2354 ejectus
588 2248 650 2328 est
688 2242 739 2328 de
779 2241 984 2354 paradiso,
1017 2243 1075 2326 uil
1105 2241 1202 2326 boni
1234 2245 1444 2353 proprium
1484 2245 1645 2331 habuit.

235 2378 381 2460 Verum
431 2373 641 2458 sciendum
691 2379 773 2477 cst,
821 2374 919 2487 qnia
959 2373 1018 2458 ita
1060 2398 1142 2455 stou
1191 2371 1385 2476 dicimus,
1428 2383 1646 2487 postquem

235 2504 426 2614 expulsus
477 2511 540 2589 eut
586 2505 636 2588 de
689 2505 901 2614 paradiso,
945 2531 1027 2588 non
1082 2503 1272 2589 habuisse
1324 2505 1530 2590 hominem
1572 2505 1648 2590 ali·

236 2636 333 2746 quid
369 2634 468 2718 boui
508 2665 533 2720 n
571 2665 626 2738 sc,
666 2635 780 2747 quaesi
819 2637 945 2746 prius,
982 2662 1074 2720 enm
1118 2640 1206 2720 erut
1243 2635 1286 2720 in
1330 2635 1531 2746 paradiso,
1572 2636 1647 2721 lm·

235 2765 400 2868 bnissct,
437 2765 506 2851 sed
548 2763 672 2851 honm
700 2767 868 2868 boumn,
897 2765 1007 2877 quod
1036 2764 1183 2850 habuit
1205 2767 1246 2850 in
1272 2766 1474 2877 paradiso,
1503 2794 1528 2851 a
1559 2763 1647 2850 Deo

119 2919 124 2930 ·
236 2895 391 2998 habuit,
435 2902 478 2980 et
513 2895 572 2980 itu
609 2885 778 2997 habuit,
822 2902 869 2979 nt
907 2895 993 2980 sinc
1032 2895 1171 2982 tubum
1212 2897 1394 2984 heberet.
1452 2895 1511 2979 nt
1539 2922 1648 2981 instinc

235 3031 451 3138 postquam
489 3027 628 3137 pnisns
667 3033 729 3112 cst
771 3025 821 3110 de
863 3026 1075 3136 paradiso,
1123 3026 1225 3112 illud
1270 3027 1436 3130 bomnn,
1474 3026 1583 3136 qttod
1622 3056 1647 3110 n

237 3157 322 3241 Deo
359 3159 437 3242 sibi
484 3161 624 3244 (tntum
668 3155 761 3240 'sinu
807 3156 947 3241 intmrc
994 3156 1035 3241 in
1078 3157 1267 3268 paradiso
1316 3157 1531 3272 exercebat
1574 3182 1648 3266 per
1816 3221 1819 3226 ,
1931 3141 1939 3154 „

235 3288 406 3372 titnnnm
437 3287 653 3374 arbitrium
671 3287 701 3400 ¹)
735 3335 782 3351 -
815 3287 1066 3372 infinnutnm
1106 3295 1168 3373 est
1208 3287 1340 3398 ipsum
1378 3287 1550 3372 liberum
1580 3315 1648 3370 ar·

191 3527 193 3530 ¹
234 3419 425 3521 bituium,
470 3419 530 3504 ita
568 3421 618 3502 ut
654 3419 740 3503 sine
780 3417 920 3503 lubose
951 3447 1061 3504 suusne
1090 3448 1173 3502 non
1206 3419 1336 3528 possit
1364 3418 1464 3503 illud
1496 3417 1646 3501 boninus

234 3550 406 3658 operari.
463 3549 519 3633 lit
546 3550 656 3660 quod
686 3549 809 3633 homo
847 3547 950 3633 nihil
979 3548 1078 3632 boni
1107 3548 1318 3660 proprium
1348 3549 1522 3650 habeut,
1563 3563 1647 3632 tes·

235 3682 346 3764 tatur
378 3679 577 3764 Dominum
613 3679 655 3762 in
685 3678 920 3788 euuangelio,
960 3678 1029 3790 qui
1060 3679 1183 3765 dicit:
1229 3681 1329 3766 Sino
1356 3705 1419 3764 me
1446 3677 1548 3763 scidit
1569 3703 1646 3784 po-

234 3809 346 3893 testis
380 3815 536 3916 locere,
578 3814 620 3892 ut
647 3807 690 3890 iu
720 3807 799 3895 noe
829 3809 940 3910 ioco,
984 3807 1055 3892 nbi
1092 3810 1193 3895 dicit
1220 3811 1292 3912 nit,
1321 3808 1644 3894 subandiendum

235 3944 298 4024 est
324 3941 428 4031 dotti.
485 3941 541 4026 ln
577 3935 684 4026 sieut
724 3940 766 4024 iu
808 3942 885 4025 hoc
922 3938 1014 4023 ioco
1053 3967 1136 4023 non
1177 3943 1315 4050 potest
1346 3940 1508 4025 excludi
1540 3942 1647 4024 bona

235 4072 421 4182 operatio
451 4073 514 4156 vel
543 4073 766 4182 cogitatio,
807 4071 867 4155 ite
895 4071 1019 4158 etium
1049 4070 1228 4181 ipsorum
1260 4073 1459 4156 bonarum
1488 4071 1646 4180 cogitu-

235 4202 394 4286 tionum
423 4203 599 4289 intentio
631 4199 711 4288 non
743 4207 881 4314 potest
908 4201 1080 4290 excludi.
1127 4197 1182 4286 Et
1209 4199 1268 4286 ita
1288 4199 1499 4311 psalmista
1522 4199 1643 4314 dicit:

235 4331 525 4419 Misericordia
556 4333 644 4440 ejus
669 4323 899 4442 praeveniet
927 4361 1000 4433 nec
1031 4336 1074 4417 et
1104 4330 1252 4418 Paulus
1281 4331 1493 4444 apostotus
1521 4331 1648 4418 dicits

237 4463 314 4568 Qui
340 4469 532 4572 operator
559 4463 603 4550 in.
631 4457 743 4550 codis
770 4463 879 4552 uelle.
936 4463 1013 4550 His
1042 4489 1142 4573 ergo
1171 4462 1368 4573 exemptis
1398 4462 1644 4551 testantibus

234 4577 450 4700 ndseimns,
481 4623 566 4680 nun
594 4594 726 4682 solum
756 4589 865 4683 bona
884 4624 1010 4718 opera
1031 4594 1094 4680 vel
1114 4594 1399 4706 cogitationes,
1428 4595 1643 4680 sedetiam
1795 4627 1798 4632 ·
1880 4615 1884 4624 ’

236 4719 341 4836 ipsas
376 4727 499 4812 rimas
539 4727 739 4814 bonerum
779 4727 1079 4840 cogitationum
1117 4727 1172 4812 ab
1213 4724 1378 4812 homine
1420 4753 1502 4811 uon
1544 4753 1642 4810 esse.

234 4853 326 4942 Jcm
358 4861 458 4970 ¹ergo
486 4859 519 4943 si
549 4859 609 4944 nii
638 4860 737 4948 boni
764 4859 892 4950 habet
918 4857 1043 4944 homo
1070 4889 1095 4945 u
1123 4889 1186 4962 se,
1227 4857 1298 4944 sed
1326 4855 1502 4964 mutum,
1544 4864 1645 4943 tunc

196 5121 210 5200 ,¹
322 5147 350 5245 s)
372 5089 703 5245 inmolandusttt
779 5244 820 5262 ,,
979 5115 983 5126 ·
