3930 5788
31 415 39 428 .
205 361 206 366 '
321 350 406 436 566
600 465 606 476 ·
686 431 689 448 ,
922 343 1010 436 0⁸1¹·
1030 339 1122 418 ¹³¹¹·

86 571 89 578 ‘
170 627 172 632 -
322 567 459 656 ebant,
479 671 484 681 ι
503 557 773 674 ⁴(lurapmpter
800 590 905 673 opus
933 560 1134 649 mutando
1161 565 1250 648 uon'
1277 564 1436 672 peccat,
1463 559 1532 646 cni
1560 562 1735 668 usurpem

93 771 97 780 .
213 779 215 786 ,
325 695 438 806 quod
478 694 735 808 meliorest,
762 692 910 805 placet.
965 693 1108 780 Sancti
1135 693 1288 806 quippe
1321 690 1500 803 apostoli
1527 718 1623 776 cum
1650 689 1736 774 rel·

325 829 416 914 leut
441 826 520 914 'ire
558 823 733 931 alicubi,
769 824 961 912 instructi
1000 823 1099 912 alibi
1140 827 1335 938 pergunt
1390 819 1490 910 Non
1527 827 1591 908 est
1628 821 1742 907 enim

322 961 506 1074 ipsorum
532 957 724 1044 voluntas
743 961 915 1060 mutata,
944 956 1042 1070 quia
1060 956 1159 1042 illuc
1186 956 1247 1042 ire
1265 956 1483 1072 optabunt,
1510 953 1735 1066 nbiplures

206 1147 235 1159 ,.
323 1091 520 1176 credituri
547 1089 719 1198 reperiri
745 1093 927 1197 possent.
966 1089 1120 1174 Verum
1148 1089 1183 1173 si
1206 1086 1267 1171 nil
1285 1077 1430 1172 melius
1448 1115 1493 1172 re
1519 1087 1605 1190 illa,
1631 1114 1734 1196 quae

250 1324 265 1344 .
323 1222 521 1330 disposita
548 1230 624 1322 est,
651 1221 722 1306 sed
744 1223 906 1316 tantum
931 1219 1201 1304 contrarietas
1229 1218 1448 1321 invenitur,
1479 1223 1600 1301 tanto
1623 1245 1735 1300 secu·
1768 1225 1771 1228 ’

327 1350 411 1434 rius
434 1377 498 1434 res
521 1348 605 1451 illa,
634 1348 662 1436 i.
677 1379 713 1434 e.
742 1348 997 1434 consuetudo
1025 1347 1199 1457 pristina
1224 1347 1378 1432 dimitti
1401 1351 1553 1457 potest,
1580 1349 1735 1456 quanto

52 1489 56 1498 ’
132 1581 135 1588 ¹
197 1513 201 1524 ·
249 1489 261 1504 ‘
327 1479 461 1588 magis
489 1481 578 1588 ipsa
598 1481 873 1572 contrarietas
899 1476 1061 1562 animae
1088 1477 1212 1562 saluti
1240 1478 1533 1586 comprobatur
1559 1502 1647 1593 esse
1663 1472 1735 1556 ad·

326 1637 455 1695 versa.
522 1605 734 1715 Numquid
756 1645 759 1652 ·
784 1633 955 1690 censura
999 1606 1155 1692 silentii
1196 1606 1422 1691 multorum
1462 1604 1735 1691 aedificationi

323 1741 402 1822 rite
442 1743 579 1848 potest
618 1736 843 1848 praeferri?
880 1741 954 1821 aut
980 1737 1232 1822 abstinentia
1258 1736 1444 1824 ciborum
1473 1734 1735 1846 praeferenda

170 1925 176 1938 ·
324 1874 388 1954 est
415 1868 667 1979 patientiae?
693 1872 768 1952 aut
801 1867 944 1978 vigilia
980 1867 1150 1956 sensui?
1206 1867 1303 1952 Non
1342 1869 1451 1953 enirn
1480 1865 1735 1950 mediocriter

132 2107 136 2116 Ι
323 2005 448 2103 errat,
477 2001 550 2111 qui
574 2025 728 2110 magno
752 1997 864 2082 bono
886 1999 1067 2108 praefert
1090 1999 1351 2085 mediocriter
1376 1999 1545 2085 bonum.
1588 1996 1734 2080 Nonne

66 2121 70 2132 ’
225 2157 228 2174 ·
296 2130 541 2215 rationalis
569 2129 747 2215 bominis
770 2129 1014 2240 dignitatem
1023 2129 1206 2242 §amittit
1234 2131 1306 2243 qui
1328 2130 1393 2216 rel
1407 2130 1610 2242 jejumum
1636 2125 1734 2210 cari·
1780 2225 1782 2228 Ι

324 2262 401 2347 tati
429 2268 504 2346 aut
523 2251 718 2373 ‘vigiliam
748 2260 928 2370 praefert
955 2289 1096 2346 seusus
1124 2260 1371 2372 integn’tati,
1402 2267 1449 2346 ut
1472 2266 1643 2372 propter
1663 2257 1736 2341 im·

81 2475 94 2497 Α,
325 2393 578 2480 moderatum
606 2398 649 2478 et
676 2389 940 2477 indiscretum
969 2391 1218 2502 psalmomm
1244 2391 1309 2477 rel
1342 2391 1572 2480 officiorum
1591 2391 1735 2477 decan·

154 2543 157 2552 ’
323 2527 524 2612 tutionem
547 2530 621 2610 aut
642 2523 846 2610 amentiae
872 2529 947 2608 aut
974 2523 1167 2610 tristitiae
1195 2531 1339 2613 notam
1356 2526 1568 2612 incurrat?
1607 2521 1735 2608 Num·

323 2658 422 2771 quid
462 2657 680 2744 uerborum
718 2655 829 2742 flecti
873 2657 1139 2744 multitudine
1179 2658 1291 2744 Dens
1331 2667 1378 2746 ut
1414 2659 1539 2744 homo
1574 2657 1737 2768 potest?

77 2899 82 2910 Ι
326 2789 423 2873 Non
452 2789 560 2874 enim
593 2789 725 2873 verbis
754 2793 934 2893 tarrtnm,
959 2789 1031 2874 sed
1060 2790 1181 2876 rebus
1209 2793 1387 2878 orandus
1413 2798 1477 2876 est
1491 2789 1617 2888 Dens,
1645 2785 1737 2895 qnia

79 2933 86 2946 ’
264 2967 266 2975 ⁸
326 2949 409 3004 non
451 2925 549 3030 eget
582 2919 669 3029 ipse
703 2919 970 3005 multitudine
1010 2920 1250 3028 verborum,
1277 2900 1348 3006 sed
1377 2921 1511 3006 cordis
1539 2918 1735 3027 puritate3

138 3031 181 3140 .’
267 3055 271 3062 ’
325 3052 436 3161 quod
465 3051 592 3136 etiam
621 3050 708 3162 ipse
745 3052 789 3134 in
818 3049 1033 3161 evangelio
1062 3053 1321 3154 manifestat,
1348 3081 1442 3138 cnm
1471 3048 1595 3135 dicit:
1641 3045 1737 3132 Carra

174 3173 178 3182 ’
324 3181 479 3283 oratis,
516 3179 638 3266 uolile
673 3179 896 3287 multiloqui
937 3204 1045 3285 rosc,
1083 3183 1189 3270 sicul
1223 3185 1395 3287 aluric&
1431 3187 1580 3290 puteat
1620 3178 1737 3277 mrim,

266 3421 268 3426 Ι
323 3313 431 3418 quod
465 3311 511 3394 iu
551 3309 800 3418 multiloquio
838 3337 911 3398 suo
948 3313 1232 3428 exaudiuntur.
1296 3314 1559 3424 Quapropter
1597 3309 1738 3394 melior

324 3453 388 3528 est
424 3441 609 3554 quinque
643 3444 896 3553 psalmorum
934 3473 1029 3528 cnm
1068 3445 1204 3531 cordis
1239 3446 1422 3556 puritate
1449 3471 1506 3543 ac
1520 3440 1739 3526 serenitate

325 3581 370 3659 et
397 3573 573 3686 spiritali
600 3573 823 3690 hilaritate,
851 3605 974 3688 qnam
1005 3577 1190 3690 psalterii
1218 3577 1447 3663 modulatio
1473 3603 1569 3661 curu
1596 3570 1738 3657 anxie·

248 3691 253 3708 ⁸
325 3713 413 3792 tate
441 3707 576 3792 cordis
613 3712 656 3792 et
690 3708 930 3792 contusione
969 3711 1142 3813 mentis,
1170 3737 1275 3820 qnae
1319 3735 1614 3819 nonnunquam
1645 3732 1739 3815 pro·

327 3837 560 3924 nuntiantis
576 3839 841 3927 festinatione
859 3849 1080 3953 generatur
1099 3841 1196 3926 dum
1210 3839 1463 3926 residuomm
1479 3837 1738 3948 psalmorum,

325 3971 396 4081 qui
433 3971 628 4056 cantandi
667 3977 789 4074 suast,
830 3963 995 4059 modum
1035 4001 1332 4084 numerumque
1367 3972 1628 4058 considerans
1656 3995 1739 4052 nou

45 4147 49 4156 ·
189 4189 190 4194 a
260 4125 263 4132 '
323 4091 632 4189 distinctionem
672 4130 864 4190 sensuum
901 4105 1163 4191 audientibus
1189 4107 1330 4191 studet
1356 4107 1562 4218 paudere,
1589 4099 1660 4186 sed
1687 4097 1737 4182 ad

325 4235 452 4318 finem
488 4249 688 4346 synaxeos
727 4245 923 4347 properat
957 4241 1182 4356 peruenire.
1238 4237 1342 4326 Cum
1378 4241 1508 4350 igitur
1544 4261 1621 4346 pro
1648 4260 1739 4318 oen·

91 4387 95 4397 ·
208 4423 212 4432 -
265 4399 269 4408 ¹
324 4371 417 4449 tum
442 4365 659 4450 animabus
687 4368 867 4477 psalmus
892 4370 959 4454 rel
979 4370 1103 4454 missa
1125 4371 1288 4472 dicitur,
1317 4370 1421 4454 nibil
1441 4369 1590 4472 minua,
1616 4393 1737 4477 quam

173 4563 185 4587 .
322 4498 358 4580 si
386 4525 462 4607 pro
490 4522 575 4580 uno
603 4495 835 4617 diceretur„
850 4493 1025 4610 quilibet
1053 4500 1237 4613 ipsorum
1263 4504 1446 4616 accipit..
1479 4499 1636 4586 Audmt
1664 4497 1739 4580 itu·

158 4719 178 4736 ⁴,
236 4725 242 4739 ¹
324 4658 426 4739 qne,
454 4629 527 4740 qui
555 4657 624 4731 eo,
651 4657 758 4737 quae
786 4634 1011 4718 necessaria
1038 4641 1160 4738 sunt,
1186 4634 1350 4744 corpori
1377 4629 1598 4733 subtrahit,
1626 4626 1736 4726 illud,

89 4763 104 4856 J
255 4819 274 4864 χ
298 4841 303 4850 ,
323 4758 433 4868 quod
462 4787 537 4868 per
566 4763 812 4871 prophetam
843 4763 1026 4874 loquitur
1050 4751 1279 4851 Dominari
1313 4763 1404 4872 Epo
1423 4763 1629 4849 Dominus
1643 4759 1737 4844 dili·

320 4916 422 5000 pcur
454 4892 683 4998 judicium,
724 4893 817 4979 odio
842 4893 994 4980 lolem
1021 4896 1214 5004 rupinum
1253 4895 1298 4980 iu
1337 4893 1621 4980 holocaustum.
1678 4889 1738 4974 De

323 5023 471 5133 rapina
510 5052 608 5109 vero
650 5024 935 5112 holocaustum
973 5026 1061 5115 Deo
1100 5029 1243 5133 offert,
1279 5025 1352 5138 qui
1395 5026 1460 5109 rel
1499 5025 1637 5109 cibum
1675 5018 1737 5104 rel

324 5155 617 5241 vestimentum
656 5158 718 5243 rel
755 5186 944 5272 somnum
981 5160 1047 5244 rel
1075 5167 1233 5264 cetera,
1261 5161 1350 5245 siue
1384 5157 1532 5272 quibus
1560 5156 1738 5240 humana

169 5281 196 5338 ’·
325 5287 542 5372 infirmitas
571 5290 795 5376 subsistere
825 5319 906 5376 nou
936 5298 1087 5404 potest,
1117 5295 1224 5377 aient
1252 5295 1295 5377 in
1325 5288 1614 5378 collationibus
1638 5285 1738 5396 legi·
