3930 5788
29 1843 31 1874 l

38 3199 49 3516 l

32 5164 45 5740 l

819 147 904 243 cup.
929 149 1055 223 rure.
1562 156 1642 239 595

238 403 319 461 uon
356 369 480 470 (licit,
510 370 558 451 ut
587 365 852 452 nullomodo
886 369 1134 478 errupieetur‚
1172 371 1242 454 sed
1279 367 1403 474 dicit,
1445 375 1492 454 ut
1529 369 1651 454 uiuris
1798 421 1802 428 ·

238 503 481 612 erupieioous
511 523 595 580 uou
623 498 692 585 sit.
750 495 848 579 leleo
877 496 978 580 dieit
1013 497 1161 598 oriouis,
1194 526 1242 582 ue
1271 526 1399 608 usque
1428 497 1480 584 ud
1509 500 1649 583 odium

237 631 458 744 perveniet.
519 627 677 710 .Veruur
721 625 762 708 iu
804 626 952 710 divinis
992 627 1133 728 rebus,
1163 626 1204 711 h.
1233 655 1268 717 e.
1305 629 1348 712 iu
1388 627 1576 726 silentio,
1606 631 1649 712 iu

238 763 438 877 lectione„
458 763 501 843 et
541 758 689 840 celeris
727 755 841 857 eliis,
875 784 979 866 quoe
1019 757 1070 840 ud
1111 757 1249 842 diviuu
1289 785 1414 867 opero
1455 757 1676 860 attinent.

236 917 393 1002 semper
420 887 622 972 sollieitus
653 894 695 970 et
722 884 968 997 suspiciosus
997 885 1063 970 sit.
1134 962 1136 967 .

343 1019 560 1131 Sequitur:
600 1017 655 1101 lu
693 1018 797 1156 ι’ῃέἱε
834 1015 1018 1124 irnperiie
1056 1015 1143 1100 ereio
1170 1017 1225 1100 sit
1255 1017 1453 1122 prouidus
1492 1024 1529 1102 et
1557 1041 1651 1104 eou-

235 1155 460 1252 sioouoe,
491 1155 526 1234 et
554 1153 638 1234 siue
666 1152 882 1234 secumdum
912 1145 1045 1232 Deum
1081 1149 1165 1232 siue
1196 1148 1414 1234 secuudum
1447 1148 1650 1234 soeculum

236 1287 300 1386 eil,
329 1279 465 1388 opero,
495 1309 596 1388 quoe
623 1280 810 1388 iujuuyit,
840 1279 1043 1364 ‹lisceruot
1062 1285 1098 1361 el
1127 1285 1325 1384 lerooperot
1354 1281 1533 1388 eoyituus
1562 1281 1650 1364 die·

235 1415 442 1500 cretionem
468 1411 512 1500 S.
530 1413 660 1499 Jacob
686 1413 879 1498 eliceretis:
913 1409 1155 1519 »Stercore
1182 1434 1291 1496 moos
1312 1413 1413 1518 plus
1440 1415 1484 1497 iu
1512 1414 1652 1498 aurire·

235 1549 354 1634 lamo
390 1547 522 1650 locoru
560 1543 768 1645 laborare,
796 1543 1017 1629 morientur
1044 1543 1175 1626 erorreti
1201 1570 1286 1627 rouro
1313 1546 1420 1632 olio«.
1451 1593 1500 1608 -
1532 1544 1650 1644 Quod

234 1683 366 1764 uuteru
413 1675 516 1762 dieit
557 1675 639 1760 eloe
681 1674 897 1758 seeroulum
925 1669 1066 1785 Dorou
1091 1673 1176 1755 eive
1202 1677 1420 1760 oeorouduou
1447 1672 1649 1760 soeculum

233 1811 297 1911 uit,
324 1834 459 1914 opero,
502 1833 604 1917 quoue
617 1806 651 1915 ¹)
679 1803 869 1911 iujuooit
899 1802 1103 1888 dieroruot
1130 1809 1166 1888 el
1192 1807 1392 1910 tenpore,
1422 1805 1649 1891 uotuudunr
1773 1817 1802 1882 .’

235 1946 305 2041 est,
337 1937 433 2050 quia
456 1939 510 2023 eit
533 1937 654 2022 debet
677 1935 770 2034 diei,
801 1941 844 2020 et
866 1963 950 2018 nou
973 1934 1056 2016 siut
1080 1933 1314 2044 pluralitem
1344 1943 1465 2020 eleut
1482 1963 1648 2022 seusus:

233 2073 315 2156 sive
343 2068 397 2154 sit
425 2069 523 2169 hoe,
552 2067 662 2177 quod
693 2065 878 2177 injungit
904 2063 1126 2149 seeundum
1155 2063 1360 2150 sueeuluur
1395 2067 1479 2152 sive
1507 2097 1650 2174 oeeuu·

235 2204 328 2287 dum
359 2201 512 2302 Deum,
543 2200 733 2284 videlieet
770 2224 917 2308 opero,
947 2223 1051 2306 quae
1080 2195 1285 2306 iujungit3
1326 2225 1374 2282 uo
1402 2197 1435 2281 oi
1465 2198 1646 2292 dieeret:

234 2364 333 2448 opus
372 2334 473 2417 illud
515 2331 625 2444 quod
665 2327 849 2440 injungit
887 2326 1000 2452 uliie,
1030 2330 1250 2436 temperet,
1288 2330 1329 2416 lr.
1358 2358 1394 2420 e.
1433 2360 1518 2417 uou
1555 2333 1648 2444 plus

234 2495 352 2578 quom
396 2469 561 2575 oportet
603 2463 726 2548 debet
767 2461 968 2571 imperare
1010 2487 1085 2543 ouo
1128 2460 1339 2546 nrouuelro.
1411 2463 1648 2548 Discernere

235 2625 327 2683 vero
367 2601 454 2700 eet,
483 2600 620 2681 utrum
662 2592 824 2704 egendo
853 2579 1139 2689 ouutssuee'ue.
1199 2591 1307 2676 Num
1337 2623 1421 2679 uou
1451 2595 1569 2700 dieit,
1600 2604 1647 2678 ut

233 2727 301 2811 ille
323 2728 463 2829 abbas,
492 2725 578 2811 siue
597 2727 652 2810 sit
674 2724 898 2810 seeundum
920 2721 1050 2808 Deuur
1079 2723 1164 2809 sire
1182 2725 1405 2811 seeundum
1425 2727 1646 2825 soeculum,

237 2858 382 2942 debeat
421 2886 530 2964 esse,
560 2855 669 2968 quod
707 2854 946 2940 omnimodo
983 2841 1243 2940 reiutuuduni
1282 2863 1366 2976 eelj
1409 2857 1479 2941 seu
1523 2857 1646 2942 dicit:

236 2989 318 3072 uiue
346 2989 400 3072 eit
428 3018 531 3101 opuu
560 2986 757 3099 spiritalis
785 2986 871 3070 sive
899 2985 1147 3096 temporalis,
1175 2987 1280 3099 illud
1310 3017 1412 3100 opus
1441 2989 1647 3073 discernat
1724 2971 1725 2974 i

230 3125 270 3203 et
299 3125 512 3234 temperet.
561 3119 678 3221 lteuu‚
708 3119 791 3204 sivo
819 3119 1036 3203 seeundum
1062 3115 1193 3202 Deum
1222 3122 1288 3224 so,
1319 3121 1402 3205 uiue
1429 3121 1646 3204 serrorrdum

231 3251 442 3350 seruolum,
472 3253 532 3337 itu
551 3251 824 3336 construitur:
858 3251 883 3337 i.
913 3278 948 3340 e.
978 3251 1182 3336 diuoeruut
1211 3279 1258 3337 ue
1283 3257 1485 3364 temperet
1506 3280 1642 3364 opera,

231 3411 334 3492 quoe
362 3383 571 3496 iujungit3
601 3413 705 3495 quue
737 3383 1001 3492 operette.
1029 3385 1114 3470 eive
1142 3385 1361 3469 oeeuurluur
1389 3383 1533 3486 Deum,
1562 3383 1646 3468 eive
1775 3495 1777 3498 Ι
1894 3365 1898 3372 ’

232 3517 460 3624 εεοιιηάυιη
484 3517 690 3600 saeculum
723 3516 808 3600 siut
836 3513 906 3599 illu
936 3497 1218 3626 opero,'quae
1246 3517 1551 3630 injunguntur.¹
1592 3513 1646 3598 Et

229 3647 306 3731 hoo
344 3647 555 3733 sciendum
597 3652 681 3751 est,
710 3649 808 3758 quia
847 3647 962 3731 nullo
996 3647 1118 3733 moto
1158 3648 1279 3733 debes
1318 3647 1568 3758 intelligere,
1600 3655 1646 3732 ut

231 3779 355 3866 obbae
383 3783 437 3865 uit
473 3779 695 3865 secuudum
725 3779 952 3883 soeculum,
980 3779 1049 3863 sed
1079 3783 1216 3892 potius
1250 3780 1471 3865 seeundum
1503 3783 1643 3882 Deum,

230 3912 297 3995 sed
327 3917 491 3998 tuntum
520 3911 610 4021 [ud]
629 3911 744 4012 illud,
774 3910 973 4022 quod'ugi
997 3940 1158 3998 neeesse
1181 3919 1255 4016 est,
1286 3911 1434 4026 quiesi
1453 3911 1643 3997 ubbuteru

231 4045 456 4153 regularem
491 4043 716 4128 seeundum
745 4044 949 4131 saeculum
979 4044 1248 4152 intellexeris,
1278 4075 1406 4151 erres,
1436 4047 1644 4156 quianon

231 4181 292 4260 est
319 4165 517 4262 canoniea
544 4177 781 4266 auotoritas.
840 4175 944 4263 Item
984 4177 1094 4287 quod
1124 4205 1221 4262 vero
1249 4177 1351 4263 dieit
1378 4205 1514 4284 opero,
1544 4204 1645 4285 oreae

233 4307 422 4417 irry‘uuyit,'
449 4308 653 4396 discernet
681 4315 717 4396 et
746 4315 943 4416 temperet,
972 4311 1033 4396 itu
1061 4308 1240 4420 intelligi
1268 4307 1410 4394 debete
1439 4310 1464 4398 i.
1495 4340 1529 4398 e.
1559 4311 1645 4396 dio·

229 4447 376 4545 cernel,
407 4455 546 4528 utrum
570 4443 732 4556 egendo.
758 4452 856 4529 suut
882 4451 1036 4542 neeir03
1064 4445 1264 4549 temperet,
1293 4440 1319 4526 i.
1342 4471 1376 4528 e.
1399 4447 1642 4546 moderetur,

225 4597 272 4654 ue
302 4570 541 4661 alliceret:
572 4576 685 4688 prius
715 4575 919 4663 discernet
947 4589 990 4662 et
1017 4575 1278 4687 postmodum
1307 4577 1522 4685 temperet,
1552 4575 1578 4662 i.
1610 4605 1643 4664 e.

227 4702 551 4807 moderetur‚'ut
566 4735 651 4794 uon
676 4707 925 4822 p111e‚quem
947 4713 1124 4822 oportet,
1153 4707 1254 4792 illud
1277 4707 1480 4818 injunget.
1525 4707 1645 4808 Quod

229 4859 323 4920 vero
366 4836 469 4923 dieit
518 4839 698 4949 oooiluue
738 4840 1017 4929 diseretioueor
1059 4839 1104 4930 S.
1146 4835 1276 4925 Jooolr
1319 4837 1513 4925 diceretis:
1570 4840 1645 4926 »Si

305 5119 347 5212 ’1)
368 5141 486 5210 quum.
536 5123 617 5199 cod.
643 5122 781 5199 Divion.
823 5111 827 5122 ’
1420 5197 1447 5290 ἦ

357 5239 360 5246 ’
395 5239 398 5246 ’
1368 5242 1422 5325 38
1588 5275 1590 5278 ·
