3994 5770
106 313 113 328 ·
265 199 352 288 eso
446 179 450 188 '
582 249 591 316 3
892 195 980 290 cap.
996 195 1081 270 un.

267 443 368 517 esse,
397 414 432 516 si
460 443 546 501 non
573 413 779 520 discedet,
818 420 862 502 et
890 417 1094 521 discedot,
1134 416 1177 502 si.
1198 395 1280 501 rr'on
1309 416 1524 516 insument,
1554 443 1590 503 r.
1608 429 1682 526 gr.

89 561 94 570 '
267 549 409 657 potest
436 543 528 656 quis
555 545 773 632 lassescere
800 551 845 632 et
881 575 968 633 non
995 546 1231 651 discedere,
1266 573 1303 634 r.
1330 573 1395 656 gr.
1423 549 1523 630 sunt
1550 547 1683 648 multi,

267 676 420 786 quibus
458 676 693 763 obedientia
727 677 893 762 videtur
932 705 1020 761 esse
1060 675 1185 780 durs,
1227 676 1415 789 quamvis
1452 704 1581 786 parre
1617 677 1684 778 sit,

198 842 203 850 ·
268 810 406 890 tamen
449 835 503 892 ne
540 808 967 909 excommunicentur,
1007 833 1090 890 non
1128 808 1284 892 auderit
1321 805 1552 908 discedere,
1587 805 1614 890 i.
1646 841 1683 895 e.
1756 807 1758 812 ’

63 979 69 992 ·
201 975 211 1022 ,·
268 934 477 1022 dimittere
507 937 797 1024 obedientiam.
852 935 910 1020 Et
926 935 1085 1020 ,iterum
1111 943 1211 1022 sunt
1237 937 1309 1052 alii
1339 939 1506 1051 irstres,
1535 936 1683 1048 quibus

203 1091 210 1104 ·
267 1063 370 1148 levis
397 1074 461 1149 cst
487 1066 741 1176 obedientie,
762 1065 834 1151 sed
860 1071 1023 1178 tumen,¹
1042 1067 1141 1177 quis
1168 1068 1333 1152 videtur
1360 1066 1441 1150 illis
1468 1068 1559 1176 ipsa
1585 1067 1681 1152 obe·
1789 1109 1792 1115 ·

102 1229 106 1239 ·
252 1193 423 1278 dientia
452 1223 540 1281 esse
568 1196 668 1279 levis
695 1202 740 1280 et
765 1224 851 1281 non
880 1197 1043 1280 videtur
1082 1194 1256 1304 alicujus
1283 1197 1603 1306 magnitudinis,
1641 1205 1685 1280 et
1890 1184 1893 1192 ¹

107 1384 110 1392 .
268 1351 345 1432 pro
375 1323 543 1409 levitate
572 1315 647 1408 sne
674 1324 891 1409 dimittunt
917 1325 1030 1436 iliam
1060 1324 1338 1408 obedientium
1356 1332 1400 1408 et
1426 1325 1584 1408 rudunt
1610 1355 1684 1436 per

85 1507 97 1528 ι
184 1493 189 1506 ·
269 1456 490 1568 clanstra¹)
517 1466 561 1543 et
588 1459 632 1542 in
667 1458 806 1568 aliqua
843 1454 946 1542 loca.
1003 1453 1119 1538 Istud
1148 1482 1268 1556 vero,
1309 1454 1420 1563 quod
1455 1455 1572 1541 dicit:
1614 1459 1683 1561 qui

263 1591 580 1694 perseveraverit
606 1613 731 1702 deorse
758 1587 800 1671 iu
808 1587 952 1704 fircera,
979 1590 1118 1696 potest
1146 1586 1325 1672 attinere
1351 1585 1405 1668 ad
1433 1584 1628 1669 lassescet
1644 1593 1681 1670 ct

271 1716 465 1804 discedot.
521 1719 615 1805 Hoc
654 1747 772 1822 vero,
811 1718 920 1828 qnod
956 1717 1078 1802 dicit:
1119 1715 1363 1822 eorrfortetor
1383 1715 1468 1802 ¹cor
1503 1723 1614 1799 terrem
1647 1724 1685 1800 ct

270 1851 425 1935 memisse
442 1849 690 1936 Dominum!
714 1853 868 1935 attinet
893 1848 946 1933 ad
974 1847 1067 1950 hoc,
1096 1849 1207 1959 quod
1230 1848 1336 1932 dixit
1361 1853 1443 1932 nou
1471 1845 1664 1930 lassesco!
1671 1878 1684 1946 ς

270 1984 313 2064 et
342 1982 440 2091 quie
468 1984 573 2068 dixit
601 1987 644 2069 et
670 1983 886 2070 admonuit
914 1979 1161 2067 monachum
1185 1983 1394 2066 contraria
1423 1979 1570 2062 debere
1597 2007 1685 2064 sus·

98 2180 101 2186 Δ
270 2111 415 2215 tinere,
447 2114 577 2224 voluit
606 2115 685 2200 hoc
714 2115 957 2200 confirmare
985 2113 1230 2199 testimoniis
1258 2114 1553 2224 scripturarum
1582 2111 1686 2194 diui·

270 2271 439 2344 nuruum
477 2245 570 2330 ideo
599 2247 700 2332 haec
728 2247 917 2357 exempla
954 2245 1206 2357 subjungere
1243 2246 1404 2331 curavit
1429 2243 1590 2337 dicens:
1629 2242 1685 2326 Et

270 2373 505 2479 ostendeus,
546 2377 706 2484 fidetem
740 2403 823 2484 pro
861 2377 1042 2462 Domino
1065 2376 1273 2464 -oae'eerso
1315 2379 1438 2463 etium
1477 2378 1685 2463 contrario

269 2507 472 2592 sustinere
498 2507 652 2612 deboc,
680 2507 779 2595 dicit
797 2535 848 2593 ex
863 2532 1043 2614 persora
1062 2509 1351 2613 sufferentium.
1408 2509 1509 2594 Cum
1533 2507 1686 2616 dicit,²)

198 2724 203 2736 ,
270 2637 596 2722 subandiendum
638 2647 718 2726 est:
761 2640 963 2749 scriptura
1004 2639 1157 2728 divine.
1227 2640 1537 2747 sufferentiam,
1580 2639 1608 2724 i.
1648 2668 1684 2726 e.

244 2849 245 2852 i
271 2768 578 2854 sustinentium.
634 2769 811 2876 Propter
837 2778 874 2854 te
894 2777 1021 2854 ritorto
1038 2771 1246 2878 afficimur
1264 2761 1349 2858 told
1376 2775 1456 2875 dic,
1483 2772 1688 2856 aestimati

9 2941 15 2950 ·
85 2879 91 2892 ’
270 2926 412 2984 soiitos
439 2900 544 2987 siem
569 2926 661 2988 oues
687 2902 912 3018 eommunis.
971 2901 1057 2986 Ista
1078 2893 1165 2988 'vox
1201 2905 1309 3000 enim
1351 2908 1415 2988 tsi
1443 2908 1685 3013 mitium»
1778 3015 1783 3022 .

202 3031 205 3039 '
272 3059 378 3139 qnae
405 3030 590 3141 loquitur
625 3034 677 3118 ad
708 3033 954 3136 Dominum,
993 3037 1090 3145 qnia
1125 3041 1298 3146 propter
1325 3034 1458 3120 Deum
1488 3039 1578 3119 tota
1606 3033 1685 3134 die,

272 3165 298 3250 i.
329 3192 365 3246 e.
396 3191 478 3247 non
508 3169 816 3269 momentanee,
855 3165 926 3250 sed
959 3170 1050 3252 toto
1079 3171 1265 3277 tempore
1294 3167 1401 3251 vitae
1428 3195 1526 3250 suae
1554 3169 1686 3248 rnorte

143 3371 147 3378 .
193 3343 197 3349 ·
272 3295 526 3398 adiiciuntur,
548 3297 575 3379 i.
595 3325 632 3383 e.
651 3296 955 3383 mortificantur
973 3305 1020 3384 nt
1040 3329 1137 3384 oves
1155 3298 1380 3388 occisionis.
1436 3299 1551 3384 Bene
1568 3295 1686 3398 dixit,

271 3426 383 3534 quin,
411 3430 518 3511 sieut
546 3425 644 3510 ovis·
663 3454 746 3509 non
771 3430 937 3533 resistit,
965 3433 1025 3516 ita
1053 3461 1128 3516 nec
1157 3437 1357 3542 martyres
1385 3433 1584 3516 resistunt
1612 3429 1704 3539 pro*

231 3619 236 3626 ·
272 3558 424 3641 Christi
455 3558 633 3647 nomino.
690 3557 781 3644 Hoc
810 3559 936 3645 etiam
960 3564 1114 3648 attinet
1134 3564 1187 3648 nd
1206 3564 1430 3650 monachos
1448 3565 1687 3671 simpliciter

201 3725 203 3730 ·
274 3691 466 3786 viventes,
496 3698 656 3773 utnon
684 3691 880 3776 resistant
908 3700 999 3780 toto
1027 3703 1212 3808 tempore
1241 3697 1350 3780 vitae
1377 3723 1476 3790 suec
1504 3696 1616 3780 duris
1644 3706 1687 3778 ot

271 3821 488 3908 contrariis
526 3823 717 3931 imperiis.
774 3823 992 3918 Sciendum
1032 3835 1095 3914 est
1131 3829 1263 3933 enim,
1302 3829 1401 3940 qnia
1440 3829 1572 3912 tribus
1610 3857 1686 3938 pro

39 4063 46 4076 .
76 3953 81 3964 '
211 4047 219 4064 ‚
272 3957 403 4042 causis
431 3955 671 4041 assimilavit
688 3955 891 4042 Dominus
918 3961 1070 4046 electos
1092 3991 1189 4047 suos
1211 3949 1306 4061 orii
1329 3990 1425 4064 nnn,
1454 3960 1563 4044 sicut
1579 3960 1687 4044 dixi·

137 4169 143 4182 ,
185 4097 200 4118 ⁸
271 4115 362 4182 mus
390 4087 596 4197 superins:
625 4115 704 4173 uon
733 4089 901 4176 reddere
919 4091 1072 4179 errulum
1092 4119 1175 4200 pro
1203 4093 1322 4198 niolo,
1352 4095 1483 4179 alteru
1500 4122 1610 4195 vero,
1639 4096 1687 4174 ut

124 4234 128 4240 '
176 4293 180 4302 .
272 4219 526 4329 adjutorium
556 4221 731 4306 inimicis
758 4225 842 4308 suis
870 4227 1131 4336 impendant,
1169 4227 1289 4312 sicuti
1319 4229 1557 4330 inciteris,
1592 4255 1685 4309 cnut

104 4377 107 4384 ’
271 4353 409 4438 terram
424 4355 732 4462 percussoribus
747 4358 831 4440 suis
847 4357 1006 4466 tribuit,
1032 4361 1154 4445 tertia
1169 4391 1277 4464 vero,
1302 4367 1349 4446 ot
1363 4363 1684 4471 compassionem
1724 4439 1728 4446 .

227 4532 238 4568 ·.
272 4484 448 4570 inimicis
467 4487 559 4572 suis
599 4487 649 4571 de
688 4489 835 4572 intimo
873 4492 996 4574 corde
1034 4492 1237 4599 habeant,
1278 4495 1402 4577 veluti
1443 4495 1547 4577 facit
1584 4495 1685 4594 ovis,

273 4639 377 4730 quae
406 4620 470 4705 lac
498 4621 550 4706 de
579 4621 799 4716 visceribus
828 4623 911 4706 suis
940 4621 1135 4734 impertit.
1193 4625 1430 4712 Nuncvero
1454 4626 1545 4729 hoc,
1563 4625 1685 4735 ‚rflrrod

272 4752 555 4863 susbsequitnr:
587 4752 656 4846 ¹Ir't
692 4755 827 4838 securi
853 4757 904 4840 de
942 4783 1016 4862 spe
1054 4757 1330 4842 retributionis·
1357 4758 1521 4846 rtiuiaoc
1547 4759 1690 4859 subse,

273 4963 456 4973 -·-------
484 4966 488 4972 .

363 5071 392 5156 ¹)
410 5067 603 5140 claustrum
626 5071 688 5160 (t).

1 5235 9 5248 .
151 5187 154 5194 ’
238 5185 240 5190 ’
363 5183 392 5272 ²)
415 5178 566 5255 rectius:
589 5203 670 5254 uum
693 5181 800 5256 dis-it:
823 5181 921 5258 dicit.
