3994 5770
244 119 328 208 248
567 169 569 176 >
861 102 1079 210 oauovu'
1206 153 1213 164 ·
1321 69 1324 76 Ι

142 344 147 354 ’
303 271 307 282 ·
356 337 573 450 Sequitur:
611 335 742 425 Dinis
783 335 1061 426 proueniant
1100 337 1318 426 edmerum
1349 293 1413 424 nee
1441 339 1665 448 injunitinn

117 525 121 532 ·
245 498 358 560 ineos
386 469 578 576 Domino,
604 478 644 558 et
663 467 725 556 Tu
751 470 947 556 remisisti
973 471 1218 576 tinnientem
1244 469 1381 556 eordis
1407 471 1500 559 snei.
1556 471 1664 570 Quid

245 609 309 690 eet
335 602 459 691 dixi?
483 603 511 692 i.
529 631 567 691 e.
588 601 730 706 statui,
752 600 988 691 deliberavi.
1030 601 1140 700 Quid
1163 606 1229 690 est
1240 601 1550 710 pronuntiabo?
1573 601 1601 689 i.
1626 631 1662 688 e.

245 733 502 821 annuntiabo
532 733 596 820 vel
624 731 919 831 manitestabu;
947 732 1164 817 adunarent
1186 759 1262 838 me,
1288 731 1331 820 lu.
1350 759 1388 820 e.
1416 734 1564 830 eontra
1587 759 1664 856 nne,

246 866 364 976 quasi
393 863 569 948 diueretz
598 861 760 947 Tantae
786 890 829 947 ea
845 867 894 946 tu
910 861 1020 948 Deus
1041 863 1222 972 pietatis,
1250 867 1301 946 ut
1317 867 1417 950 aute
1437 861 1665 948 dimitteres

122 1011 126 1020 '
247 999 461 1110 peecatum
488 1021 625 1080 meum
643 994 760 1100 mihi,
789 1022 914 1103 quam
941 1021 1021 1106 ego
1035 993 1211 1080 iacerem
1233 993 1557 1092 contessionem
1585 1021 1665 1102 ego
1868 1112 1874 1121 .

246 1129 357 1215 euim
385 1155 469 1214 non
496 1126 631 1212 adhue
659 1123 759 1229 ieet,
798 1126 870 1210 sed
909 1131 1074 1212 tautum
1112 1126 1262 1232 statui,
1301 1156 1365 1214 me
1408 1128 1541 1214 faeere
1567 1155 1690 1244 eon·¹

247 1259 479 1372 tensionem,
508 1264 551 1348 et
577 1257 642 1346 'l'u
671 1259 863 1346 dimisisti
891 1263 1105 1382 peceatum
1136 1289 1272 1348 meum
1301 1259 1417 1350 mihi.

578 1501 641 1574 DE
662 1501 813 1575 SEXTO
836 1503 999 1578 GRADU
1020 1502 1336 1578 nummula

190 1729 193 1736 .
360 1656 510 1745 Senties
537 1654 778 1742 instititutis
801 1658 960 1764 yrudres
986 1664 1058 1762 ost,
1087 1660 1127 1745 si
1150 1659 1260 1744 oneni
1285 1657 1440 1743 uditate
1456 1653 1519 1740 nel
1536 1661 1667 1740 entre·

247 1792 386 1878 enudato
412 1793 617 1875 conetentns
644 1788 700 1873 sit
727 1788 959 1894 iniuriosius,
988 1796 1026 1880 et
1044 1789 1103 1878 ud
1123 1792 1273 1894 onmia,
1303 1815 1406 1898 qnae
1425 1787 1506 1874 siti
1528 1787 1679 1904 injnnef.

165 1943 168 1951 ·
245 1927 407 2036 queritur,
434 1919 539 2006 volnt
565 1920 796 2027 operarium
817 1920 970 2005 seruiunt
996 1946 1041 2007 se
1054 1921 1210 2029 judicet
1236 1929 1274 2008 et
1296 1921 1509 2029 indiynnm
1528 1919 1668 2006 dicens

130 2039 156 2060 ”
247 2053 328 2138 siti
365 2077 456 2138 orem
487 2050 711 2158 propone:
752 2053 824 2138 Ad
862 2052 1033 2137 niniInne
1070 2055 1259 2138 rodoctns
1298 2079 1389 2138 snm
1426 2057 1464 2138 et
1502 2051 1665 2138 roncini.

249 2187 471 2296 Postquam
507 2182 557 2267 B.
585 2183 837 2270 Benedictus
875 2180 1074 2268 docuerat
1108 2185 1320 2292 superius,
1360 2184 1405 2266 iu
1443 2184 1531 2292 ipsa
1568 2182 1667 2265 obe·
1820 2183 1821 2188 ‘

248 2312 405 2398 diantia
432 2313 535 2397 dura
573 2319 617 2398 et
653 2314 859 2400 contraria
892 2311 1041 2398 debere
1081 2313 1285 2397 sustinere
1321 2313 1587 2414 monaahum,
1625 2321 1669 2398 et

249 2474 334 2530 nou
363 2444 556 2530 lassescat
586 2444 649 2528 nel
678 2442 884 2545 discedat,
927 2441 1076 2527 deiude
1109 2443 1155 2526 in
1194 2443 1342 2553 quinto
1378 2446 1512 2556 gradu
1548 2444 1667 2544 dixit,

249 2605 391 2662 omues
419 2574 694 2687 cogitationes
722 2571 837 2659 cordi
866 2601 942 2658 suo
970 2572 1236 2659 advenientes
1271 2579 1314 2660 et
1343 2577 1543 2662 absconse
1570 2607 1597 2660 a
1623 2604 1667 2659 se

250 2709 404 2796 malum
433 2706 695 2827 commissum
723 2704 873 2790 debere
901 2704 1041 2790 abbati
1069 2735 1144 2792 suo
1170 2706 1384 2808 confiteri,
1421 2711 1532 2792 reate
1560 2735 1668 2792 nunu

146 2831 147 2834 ‘
186 2905 195 2923 .
250 2841 373 2944 elicit,
412 2843 573 2924 sextum
613 2836 859 2922 humilitatis
896 2837 1074 2950 gradum
1102 2867 1215 2944 esse,
1233 2839 1290 2926 ·si
1317 2839 1542 2926 monachus
1569 2866 1670 2926 uon·

113 3003 115 3010 '
251 2978 390 3061 tentus
419 2977 481 3058 est
508 2969 622 3059 onuui
650 2968 813 3058 vilitate
841 2976 884 3057 et
911 2973 1192 3076 extremitate,
1231 2973 1328 3085 quin
1363 2976 1467 3064 adeo
1500 2980 1564 3062 est
1598 2975 1670 3059 itte

186 3191 189 3198 ,
228 3107 538 3213 ἰιιονῐίίὶεειὲαε,
568 3107 604 3189 si
630 3105 676 3190 in
704 3105 794 3217 ipsa
817 3105 1052 3190 obedientia
1070 3105 1173 3190 dura
1201 3114 1244 3193 et
1265 3111 1473 3194 contraria
1494 3107 1671 3194 sustinet
1724 3143 1727 3150 ⁴

197 3313 200 3322 A
253 3247 295 3325 et
323 3268 403 3325 non
432 3239 628 3325 lassescet
654 3235 716 3324 nei
743 3239 939 3346 discedat,
972 3238 1076 3322 etsi
1105 3267 1246 3324 omues
1275 3239 1551 3354 cogitationes
1577 3265 1670 3320 suus

239 3372 316 3458 -vei
346 3372 454 3456 unuin
481 3399 556 3456 sna
580 3398 707 3481 opera
735 3397 760 3454 a
782 3400 826 3456 se
847 3371 1043 3456 absconse
1071 3375 1291 3457 commissa
1308 3371 1450 3458 abbati
1477 3401 1553 3456 suu
1572 3399 1671 3456 uou-
1730 3461 1735 3470 ,

255 3511 409 3609 fitetur,
439 3509 487 3590 ut
512 3505 644 3617 possit
671 3504 851 3590 Domino
873 3505 1047 3616 juvante
1074 3504 1189 3590 omui
1217 3505 1379 3592 vilitate
1407 3512 1450 3590 et
1477 3503 1672 3592 extremi·

253 3643 341 3724 tute
370 3668 456 3724 esse
484 3641 731 3739 contentum
772 3666 867 3722 uum
895 3665 1155 3749 nequaquam
1185 3639 1343 3748 poterit
1370 3638 1483 3725 omui
1511 3637 1670 3722 vilitate

255 3771 319 3854 nel
359 3769 618 3855 extremitate
657 3799 744 3856 esse
785 3775 1023 3873 contentus,
1068 3770 1149 3854 uisi
1189 3771 1302 3880 prius
1340 3799 1424 3858 uun
1462 3769 1673 3854 erubuerit
1814 3779 1817 3786 ‘

80 3927 81 3932 ‘
124 3930 128 3936 ’
254 3907 427 4014 peccata
454 3928 527 3984 sua
553 3901 758 3986 confiteri.
814 3903 935 3988 Nune
965 3900 1290 4004 videndumst,
1325 3901 1673 4014 quidsitvilitas

255 4032 318 4118 vel
348 4013 597 4117 entremitus.
644 4029 795 4118 Vilitas
822 4035 976 4120 attinet
1003 4035 1053 4120 ad
1083 4034 1221 4119 eibum
1249 4034 1315 4118 vel
1341 4040 1488 4145 potum
1516 4040 1560 4118 et
1583 4047 1673 4116 n'es·
1767 4131 1770 4138 Ι

254 4166 393 4269 titum¹
421 4165 750 4268 calciamentum,
778 4166 1003 4251 adlectum
1030 4167 1240 4252 ueletiam
1269 4168 1323 4252 ad
1351 4167 1671 4265 habitationem

255 4299 368 4384 istud
396 4299 505 4386 enim
532 4297 617 4402 nel¹
651 4299 760 4409 quod
790 4301 1040 4412 interposuit
1066 4302 1176 4385 inter
1201 4300 1395 4387 uilitatem
1422 4307 1460 4384 et
1486 4297 1676 4384 antenni-

255 4437 389 4535 tntenr,
418 4431 661 4542 simpliciter
687 4460 764 4543 pro
791 4439 828 4520 et
855 4434 1036 4544 ponitur.
1092 4432 1192 4520 Ideo
1220 4433 1327 4518 dixit
1354 4431 1486 4536 neerei,
1514 4434 1673 4517 utnon

258 4567 390 4653 solnm
419 4565 464 4650 iu
493 4594 576 4652 uno
604 4566 697 4652 loeo
733 4565 788 4650 sit
821 4571 1047 4669 extremus,
1085 4567 1164 4652 huo
1200 4571 1265 4652 est
1302 4566 1494 4670 ultimus,
1529 4563 1674 4652 sedin

257 4699 515 4802 omninno,
557 4699 636 4785 hoe
673 4702 735 4783 est
771 4697 813 4784 in
850 4701 978 4785 atrurn
1014 4699 1265 4810 stuudnuu,¹)
1303 4700 1347 4785 in
1385 4697 1591 4811 capituto,
1629 4689 1683 4782 in'

256 4831 474 4919 refectorio
503 4836 546 4917 et
564 4834 606 4917 iu
628 4832 773 4918 ceteris
794 4833 885 4919 aliis
914 4833 1028 4922 loeis.
1071 4834 1251 4919 Possunt
1277 4834 1402 4920 etium
1431 4832 1551 4916 multi
1575 4830 1674 4916 viles
1701 4848 1706 4859 ·

160 5095 170 5112 ⁰
347 5124 375 5212 ¹)
398 5121 495 5192 etune
517 5120 577 5210 (t).
