3994 5770
230 321 235 332 '
274 317 356 408 164
908 313 996 410 ‘ho
1018 313 1082 395 IV·

72 557 75 564 '
228 530 231 536 ’
272 539 354 642 est,
375 535 448 650 qui
473 535 607 624 laesus
632 564 720 626 non
745 537 878 626 solum
907 565 993 624 non
1016 535 1159 644 laedit,
1185 535 1397 626 sedetiam
1417 545 1588 650 paratus
1615 541 1692 644 est,

272 674 323 755 ut
349 668 524 784 amplior
550 669 750 762 laedatur.
805 667 864 756 lte
891 671 998 757 siout
1025 672 1102 754 iste
1129 667 1310 781 optimus
1337 673 1424 778 est,
1460 670 1531 782 qui
1559 668 1692 755 laesus
1731 755 1736 766 ,

224 853 227 858 -
272 830 358 886 non
386 801 519 889 rolurn
547 830 633 887 non
661 801 808 906 laedit,
849 803 1071 888 sedetiam
1112 807 1280 924 paratus
1317 808 1402 908 est,
1441 809 1491 889 nt
1516 802 1694 912 amplios

272 934 470 1039 laedatur,
500 936 560 1021 ite
586 961 611 1030 e
638 935 1074 1046 contempserimus
1101 939 1164 1020 est
1191 935 1279 1038 ille,
1320 937 1417 1050 qni,
1454 933 1691 1048 prinsquam

272 1066 471 1170 laedatur,
488 1065 641 1168 laedit,
670 1067 767 1178 qnia
794 1065 887 1171 ille,
912 1070 984 1176 qui
1013 1066 1139 1156 dixit:
1172 1067 1339 1154 Oculum
1358 1095 1442 1176 pro
1468 1067 1592 1170 oncle,
1621 1067 1693 1150 ille

272 1199 396 1282 etiam
435 1199 665 1310 praecepit:
706 1198 898 1310 injuriam
938 1198 1127 1311 proximo
1165 1204 1241 1284 tuo
1280 1227 1334 1284 ne
1374 1199 1512 1289 lanias.
1570 1197 1692 1283 Nnno
1841 1303 1845 1308 ι

271 1311 411 1413 autern
452 1327 674 1413 ridendum
713 1332 796 1426 est,
837 1358 919 1439 qua
955 1330 1116 1415 ratione
1157 1331 1357 1416 Dominus
1397 1331 1569 1415 dixerit:
1611 1358 1689 1414 non

270 1463 464 1546 resuere
486 1459 612 1562 mulo,
641 1465 686 1546 et
713 1488 796 1544 nou
824 1460 996 1546 dixerit:
1035 1459 1205 1546 reddere
1216 1462 1248 1565 ¹)
1276 1462 1430 1548 malum
1458 1489 1535 1570 pro
1564 1459 1688 1562 molo,

272 1619 517 1702 quamquam
546 1597 588 1674 et
614 1591 694 1676 hoe
722 1591 877 1676 bonnm
907 1593 991 1676 sit?
1019 1617 1103 1675 non
1134 1592 1320 1678 resistere
1345 1593 1455 1678 eninr
1479 1593 1588 1677 malo
1616 1594 1690 1680 est.

61 1707 64 1714 ¹
179 1745 181 1750 ·
272 1753 356 1807 non
385 1722 517 1808 solum
545 1722 680 1808 laesus
708 1721 765 1806 nil
794 1721 985 1826 reddere,
1023 1722 1093 1806 sed
1131 1722 1254 1806 etiam
1295 1752 1338 1806 se
1368 1751 1613 1833 praeparare
1639 1723 1741 1806 aal‘
1902 1698 1912 1801 i

271 1854 447 1964 arrrplins
474 1883 518 1937 se
546 1854 803 1942 laedendum.
860 1851 981 1938 Unde
997 1850 1197 1938 Dominus
1211 1852 1366 1955 rolens,
1394 1853 1474 1938 boe
1500 1854 1552 1938 od
1578 1884 1693 1964 prae·

272 1983 537 2094 parationem.
557 1989 708 2072 mentis
734 1988 923 2087 attinere,
950 2013 1074 2095 qnam
1094 1984 1170 2068 soli
1192 1986 1324 2069 saneti
1348 1985 1516 2085 babent,
1544 1992 1586 2068 et
1607 2014 1686 2068 non

175 2157 179 2172 ¹
271 2116 323 2200 ad
364 2119 681 2204 ostentationem
723 2111 879 2229 operis,
923 2117 1015 2203 ideo
1057 2115 1274 2226 subjunxit
1317 2119 1431 2229 quasi
1470 2147 1690 2230 exponens,
1813 2201 1815 2206 ,

273 2249 372 2357 qnid
401 2249 469 2351 sit,
498 2277 583 2335 non
612 2251 801 2337 resistere
829 2251 960 2337 malo:
991 2249 1041 2336 Si
1068 2250 1161 2356 nnis
1188 2255 1225 2332 te
1247 2251 1494 2356 manasserii
1520 2249 1565 2332 in
1593 2251 1692 2332 ‹lor-

270 2385 398 2465 lernm
423 2379 650 2486 rrrnoeillnm,
672 2385 882 2490 praeberi
902 2383 1144 2470 etalterunr.
1203 2381 1321 2468 Hane
1344 2410 1442 2469 vero
1465 2382 1547 2466 rim
1571 2409 1695 2465 enan·

270 2511 368 2623 gelii
398 2512 441 2596 in
469 2513 543 2598 illo
582 2519 792 2627 ntennqne
819 2517 1128 2628 cognoscimus,
1167 2516 1240 2628 qni
1269 2543 1482 2628 percussus
1512 2543 1538 2601 u
1566 2514 1692 2597 dilec-

269 2644 430 2730 tissimo
459 2646 545 2730 filio
574 2674 649 2732 sno
677 2647 873 2760 parvulo,
913 2679 997 2736 non
1025 2650 1158 2736 solnm
1188 2647 1246 2732 nil
1275 2648 1433 2752 reddit,
1468 2647 1539 2732 sed
1568 2649 1691 2730 etiarn

269 2783 437 2886 paratus
477 2784 561 2881 est,
603 2784 651 2862 nt
686 2778 864 2888 amplius
904 2783 1171 2890 percutietur.
1228 2781 1430 2866 Similiter
1467 2785 1512 2864 et
1547 2779 1591 2863 in
1620 2777 1692 2860 illo

269 2911 475 3018 uteunque
502 2905 612 2992 ¹buno
641 2909 723 2992 vim
744 2912 948 3021 evangelii
966 2911 1266 3022 cognoscimus,
1295 2910 1367 3019 qni
1388 2908 1544 2993 babens
1566 2907 1692 2991 earis-

71 3125 72 3130 Ν
268 3037 416 3121 simum
445 3039 622 3123 amioum
652 3039 893 3126 infirmitate
921 3040 1132 3126 detentum
1155 3041 1263 3126 forte
1291 3038 1589 3150 phreneticum,
1622 3039 1692 3147 qni

268 3195 484 3276 percussus
512 3169 566 3252 eb
595 3171 681 3275 illo,
722 3171 758 3254 si
787 3170 957 3273 viderit,
998 3171 1059 3254 illi
1088 3173 1292 3283 expedire,
1321 3177 1541 3283 preepnmt
1568 3170 1691 3254 send

267 3297 443 3408 amplius
484 3303 809 3408 percutiendum.
875 3301 929 3385 Hi
968 3307 1108 3387 autern
1147 3303 1298 3388 ideireo
1337 3303 1438 3386 haee
1475 3303 1692 3400 sustinent,

268 3429 366 3538 quia
395 3458 501 3513 unns
530 3431 693 3516 illorum
724 3437 935 3540 exspectat
964 3433 1089 3518 tinem
1118 3434 1280 3536 aetatis,
1320 3435 1429 3519 alter
1456 3460 1553 3517 vero
1580 3434 1692 3514 simi·

267 3559 363 3641 liter
391 3561 515 3643 linem
544 3559 808 3663 infirmitatis,
845 3591 927 3671 quo
964 3562 1165 3648 desistant
1192 3564 1293 3649 haee
1322 3593 1467 3672 agere:
1510 3568 1555 3646 et
1580 3561 1690 3671 quod

267 3689 429 3773 abillis
457 3689 588 3801 exigit
614 3718 732 3776 emor
759 3694 957 3796 earnalis,
998 3694 1077 3780 boe
1107 3725 1133 3780 a
1163 3701 1208 3790 te
1236 3695 1360 3780 debet
1386 3696 1552 3806 exigere
1577 3721 1693 3777 anmr

157 3873 160 3882 ·
193 3850 230 3909 ·,
270 3822 481 3930 spiritalis,
510 3829 553 3906 et
579 3824 633 3908 ab
663 3823 745 3908 illis
772 3825 1006 3910 carnalibus
1034 3827 1314 3928 convinceris,
1355 3833 1398 3912 te
1427 3825 1616 3928 mentiri,
1657 3823 1691 3905 si
1889 3905 1903 3916 ,

234 3952 429 4054 dixeris,
458 3953 538 4038 hoe
566 3951 831 4066 praeceptum
862 3957 1029 4042 Domini
1057 3958 1309 4070 impossibile
1339 3987 1438 4061 esse,
1463 3959 1558 4069 qnia
1585 3959 1691 4042 sient
1835 3957 1838 3960 ’
1888 3915 1904 4074 Ξ

233 4152 239 4162 .
267 4083 328 4166 illi
339 4111 415 4192 pro
428 4084 583 4169 carnali
593 4114 733 4170 anmre
745 4088 948 4172 sustinent
959 4089 1267 4201 improbitatem
1286 4089 1622 4202 proximomm,²)
1639 4137 1690 4152 -
1887 4079 1904 4122 s

266 4218 363 4302 ate
392 4219 528 4300 antem
565 4244 647 4300 non
686 4219 818 4304 solum
856 4221 938 4321 ita,
979 4221 1049 4304 sed
1091 4221 1216 4304 etium
1245 4220 1338 4330 plus
1375 4220 1498 4306 debet
1526 4221 1690 4330 exigere

88 4385 93 4396 ·
266 4373 383 4430 emor
411 4345 589 4433 divinus.
645 4347 752 4446 Quid
784 4379 884 4460 ergo
915 4351 1026 4435 alind
1057 4351 1259 4439 Dominus
1293 4354 1480 4440 eoelestis
1510 4351 1689 4436 medians

123 4575 124 4578 p
266 4475 410 4559 debuit
437 4474 584 4561 dooere
613 4507 694 4582 eos,
723 4483 790 4591 qui
822 4489 869 4590 nt
895 4511 939 4567 se
968 4482 1119 4566 debent
1152 4484 1362 4593 proximos
1389 4484 1575 4593 diligere,
1608 4481 1686 4564 nisi

183 4715 219 4738 Ἀ
267 4611 506 4708 uteorum,
537 4636 641 4718 quos
669 4607 872 4721 diligunt,
910 4611 1197 4723 improbitates
1231 4615 1431 4699 deberent
1458 4613 1688 4697 sustinere?
1733 4677 1736 4686 .

267 4735 324 4819 de
350 4738 458 4822 siout
486 4766 536 4820 ex
564 4740 807 4824 infirmitate
844 4744 1027 4852 eorporis
1065 4742 1279 4826 deseendit
1320 4741 1390 4828 illu
1429 4742 1686 4851 improbitas,

267 4894 350 4973 qna
377 4867 567 4976 proximi,
584 4871 884 4978 percutiuntur,
912 4872 1038 4958 itaer
1058 4872 1299 4958 infirmitate
1327 4873 1456 4960 urrinni
1476 4871 1686 4957 descernlit

358 5177 384 5262 ¹)
405 5190 475 5243 non
498 5171 646 5244 reddere
667 5175 725 5267 (t).

356 5289 384 5372 t)
406 5284 657 5356 Anueolutbon
