3930 5788
762 109 768 118 '
821 87 823 92 ’
878 121 961 211 cap.
985 119 1091 192 arn.
1556 133 1558 136 ·
1607 122 1686 208 509

285 336 492 424 rnonuclris
528 335 749 445 eligantur.
793 336 970 456 ⁸Priscis
992 340 1126 448 'lpida
1146 365 1226 446 pro
1254 340 1320 422 sni
1354 339 1574 424 reverentia
1603 365 1689 422 erra·
1743 379 1771 428 ‚⁴

284 468 464 556 urentibus
492 467 716 552 curialitatis
746 531 920 555 .....
944 471 1202 576 praestitisse
1229 472 1392 556 (deuotio.
1411 471 1444 577 Ι)

323 627 325 632 ’
391 597 563 710 Insuper
592 600 634 682 et
661 599 747 710 ipsc
770 599 968 710 magister
986 599 1245 687 Hildemarus
1272 599 1436 712 scripsit
1459 599 1581 684 etiarn
1612 597 1689 680 lroc
1806 625 1807 629 ‘

282 735 330 816 de
368 760 426 832 eo,
442 731 476 842 ²)
514 729 622 840 qnod
665 731 734 839 qui
776 729 1039 815 homicidium
1082 733 1267 843 quolibet
1307 737 1492 841 tempore
1533 729 1687 829 lecerit,

282 863 463 978 quamvis
492 861 579 972 ejus
608 861 692 948 vila
720 858 947 971 probabilis
975 860 1029 944 sit
1066 862 1129 946 rel
1155 860 1328 971 alicujus
1356 861 1586 962 doetrinae,
1618 889 1689 942 ne·

282 1021 482 1111 quaquam
520 989 753 1101 promoveri
790 995 947 1101 pateam
985 991 1035 1076 de
1063 1019 1132 1094 eo,
1161 992 1295 1104 quod,
1324 990 1395 1100 qni
1431 1020 1523 1077 cum
1562 1016 1689 1073 uxore

280 1123 445 1214 alterins
482 1123 543 1207 rel
585 1151 677 1208 curn
716 1123 1015 1210 sanctimoniali
1054 1121 1300 1236 peccaverit,
1346 1123 1575 1232 promoveri
1606 1150 1688 1206 non

282 1261 439 1374 potesl;
479 1256 637 1342 sivero
669 1256 711 1340 in
745 1252 920 1365 juvenili
959 1259 1095 1340 aetate
1134 1283 1225 1342 cunr
1265 1253 1425 1364 virgine
1465 1254 1528 1338 vel
1570 1254 1690 1342 vidua

282 1389 507 1504 peccaverit
543 1394 585 1474 et
612 1388 737 1501 ipsius
768 1387 851 1475 rita
880 1387 1137 1498 postmodum
1179 1384 1405 1500 probabilis
1445 1391 1568 1498 atque
1597 1386 1690 1471 inri-

281 1519 403 1608 tanda
432 1549 503 1634 per
532 1520 670 1608 omnia
699 1519 836 1625 luerit,
865 1519 898 1606 si
929 1518 1146 1606 necessitas
1169 1523 1287 1604 tanta
1312 1517 1447 1625 luerit,
1476 1525 1524 1604 ut
1543 1519 1688 1620 desint,

279 1653 348 1767 qul
377 1651 665 1742 administrare
694 1649 864 1766 possint,
894 1649 961 1738 lric
989 1677 1081 1736 cum
1105 1678 1254 1760 pavore
1283 1649 1583 1762 promovendus
1611 1655 1686 1736 est.

281 1783 341 1871 De
369 1813 438 1888 eo,
470 1783 600 1896 quod,
630 1783 699 1894 qni
730 1781 773 1868 in
802 1781 978 1894 pueritia
1009 1782 1071 1867 vel
1100 1782 1144 1866 in
1172 1781 1445 1868 adolescentia
1472 1787 1587 1866 tactu
1619 1809 1685 1866 ne·

281 1915 406 2000 fundo
433 1914 703 2024 inquinantur
732 1913 883 2024 diuque
912 1913 954 2001 in
981 1913 1057 1999 lrac
1075 1913 1411 2024 coinquinatione
1435 1917 1689 2023 permanent,

283 2045 315 2129 si
343 2044 588 2156 contigerit,
616 2051 664 2129 nt
691 2044 831 2128 divina
863 2043 1131 2154 inspiratione
1158 2043 1256 2128 tacti
1294 2044 1343 2128 ad
1376 2047 1539 2154 portura
1570 2072 1689 2128 runn-
1784 2145 1786 2148 Ι
1823 2038 1825 2042 ’

281 2175 406 2262 ditias
420 2174 684 2286 confugerint
702 2171 1067 2286 immunditiaeque
1085 2175 1236 2262 malurn
1255 2173 1460 2260 horrendo
1478 2171 1521 2257 in
1537 2171 1689 2257 sancti·

283 2311 367 2392 tate
395 2310 436 2392 et
465 2305 644 2416 puritate
673 2302 908 2409 nutrierint,
937 2305 981 2392 lri
1004 2334 1095 2390 cunr
1118 2333 1269 2416 pavore
1289 2303 1555 2415 promovendi
1579 2307 1689 2404 sunt,

281 2435 337 2522 ita
374 2439 530 2539 tamen,
565 2433 598 2520 si
636 2435 796 2540 desint,
826 2435 896 2545 qni
932 2435 1247 2522 ecclesiasticum
1286 2435 1469 2520 cilicium
1511 2431 1688 2518 nobilius

198 2569 200 2574 ’
278 2593 470 2678 peragere
500 2565 671 2680 possint.
722 2567 911 2655 Celerum
941 2567 975 2651 si
1004 2564 1247 2651 sodomitico
1277 2591 1388 2649 ruore
1419 2565 1687 2674 peccaverint,

278 2725 350 2781 nec
380 2724 470 2782 curn
500 2724 651 2807 pavore
679 2699 871 2784 accedere
899 2695 1063 2785 debent.
1109 2695 1258 2798 Deeo,
1280 2695 1402 2808 quod,
1433 2693 1503 2804 qui
1533 2696 1687 2779 furtum
1811 2761 1814 2768 .

277 2822 317 2908 in
360 2826 600 2937 majoribus,
629 2829 805 2914 rncxinre
840 2831 882 2914 iu
924 2827 1205 2914 ecclesiasticis
1237 2827 1405 2937 Dcoque
1442 2827 1688 2910 consecratis

277 2955 393 3042 robus
424 2957 577 3061 l'eccrit,
608 2985 865 3069 nequaqnam
896 2957 1196 3071 promovendus
1225 2963 1297 3047 cst.
1342 2955 1385 3042 Si
1416 2983 1511 3041 raro
1539 2956 1588 3070 in
1613 2957 1688 3040 rni-

278 3084 443 3172 noribns
472 3091 514 3172 at
543 3089 718 3174 rnnxirnc
746 3117 822 3202 pro
852 3085 1094 3173 necessitate
1123 3083 1278 3189 lecerit,
1308 3111 1397 3172 cunr
1420 3112 1569 3196 pavore
1590 3115 1687 3197 pro·
1800 3121 1801 3126 ¹

277 3215 429 3300 moveri
458 3222 607 3327 potest.
655 3218 715 3303 lle
740 3247 801 3322 eo,
831 3217 954 3329 quod,
985 3215 1053 3328 qul
1083 3217 1246 3301 infirma
1274 3222 1408 3302 uelata
1438 3243 1559 3302 cansa
1588 3215 1688 3300 levi·

89 3343 94 3352 ”
207 3455 208 3458 p
276 3346 369 3428 tatis
407 3347 562 3458 aliquid
601 3348 718 3433 alleri
749 3348 951 3458 juraverit
992 3356 1035 3433 et
1062 3347 1140 3432 lroc
1169 3347 1300 3458 ipsnrn
1332 3348 1565 3451 violaverit,
1595 3373 1685 3432 curn
1804 3445 1805 3450 Ν

277 3503 427 3583 pavore
453 3479 756 3590 promovendus
785 3487 858 3564 est.
917 3478 960 3564 Si
1000 3509 1096 3564 vero
1133 3479 1177 3564 in
1215 3479 1393 3590 perfecta
1430 3483 1566 3562 aetate
1598 3507 1687 3588 per·
1756 3478 1763 3490 ’

271 3605 482 3713 juraverit,
512 3637 587 3693 nec
616 3636 707 3696 cnm
739 3637 889 3718 pavore
917 3610 1219 3721 promovendus
1247 3616 1327 3713 est,
1358 3611 1401 3694 et
1428 3610 1624 3712 proxime,
1653 3611 1686 3693 si
1722 3629 1723 3632 ‘

273 3732 492 3844 cupiditate
516 3739 732 3849 juraverit.
779 3739 838 3824 De
867 3769 928 3845 eo,
959 3739 1081 3851 quod,
1113 3739 1182 3852 qni
1212 3739 1359 3823 falsum
1390 3738 1539 3823 dixerit
1567 3740 1683 3823 testi·

272 3868 449 3952 nroninnr
490 3867 532 3950 in
571 3867 852 3979 hujuscemodi
894 3899 1041 3975 causa,
1071 3872 1119 3954 nt
1159 3871 1227 3954 ille
1269 3897 1350 3953 non
1389 3867 1584 3978 puniatur
1621 3869 1684 3950 vel

181 4003 182 4007 '
273 3997 568 4102 proscribatur,
599 4000 792 4084 advorsus
831 4029 951 4110 qnenr
985 4000 1190 4110 prolatum
1221 4004 1283 4083 est
1311 3998 1614 4100 testimoninm,
1644 4005 1685 4081 et

186 4229 189 4236 Δ
271 4124 356 4232 ejus
376 4127 459 4211 rita
480 4129 524 4212 iu
547 4131 738 4216 omnibus
761 4131 886 4216 luerit
907 4158 1010 4242 pura
1038 4135 1162 4241 atque
1181 4129 1394 4231 imitanda,
1423 4154 1516 4211 cum
1534 4154 1684 4236 parcre

270 4257 499 4362 promoueri
539 4265 689 4370 potest.
746 4263 934 4350 Ceterum
975 4262 1008 4344 si
1044 4260 1106 4346 vel
1134 4258 1301 4370 punitus
1340 4260 1404 4342 rel
1433 4257 1684 4368 proscriptus

269 4381 413 4493 aliquis
444 4390 566 4475 luerit
595 4392 681 4502 ejus
703 4391 807 4480 falso
825 4390 1077 4498 testimonio,
1107 4418 1361 4500 nequaqnam
1379 4389 1681 4499 prorrrorerrdus

263 4516 343 4603 est.
405 4515 697 4609 Verumtamen
726 4521 936 4610 sciendum
968 4527 1051 4630 est,
1080 4519 1199 4631 quia,
1228 4519 1263 4605 si
1291 4519 1353 4604 ito
1380 4519 1565 4640 docuerit
1596 4547 1682 4602 nro·

268 4717 370 4739 ¹⁸-
378 4727 527 4742 mae-n-

355 4844 381 4932 ⁸l
404 4843 535 4936 Mirus,
558 4850 643 4921 tom.
667 4853 724 4923 59.
746 4851 812 4925 col.
834 4851 889 4923 ln.

286 5051 294 5069 ι
354 4950 382 5038 ²)
404 4949 501 5024 llaec
522 4954 570 5025 ab
592 4953 819 5032 auditoribus
840 4957 897 5070 rpl
920 4952 1068 5060 notariis
1091 4957 1156 5027 aut
1174 4951 1222 5024 ab
1245 4971 1297 5038 oo,
1321 4949 1383 5046 qui
1406 4949 1542 5044 scripta
1560 4949 1682 5044 ,diges-

266 5057 325 5138 ⁸¹b
345 5065 430 5194 runt
449 5060 593 5136 inserta.
1328 5069 1331 5082 ·
