3994 5770
259 185 350 324 ’252
723 349 726 358 Ι
889 227 1080 327 cup'vu
1119 160 1123 166 ¹
1277 181 1346 274 ·.'

269 451 340 539 alii
379 453 476 538 mali
515 452 733 570 homiues,
771 482 810 544 r.
852 480 917 566 gr.
953 451 1148 558 adulteri,
1195 452 1445 556 homicidae,
1495 456 1605 539 iures
1647 461 1691 540 et
1736 453 1742 468 ’

199 677 201 682 .
269 584 386 696 reliq.
442 583 657 684 Quomodo
684 610 786 694 ergo
812 590 988 693 possunt
1013 585 1083 668 isti
1112 584 1210 670 boui
1239 613 1283 668 se
1307 583 1526 670 aestimare
1546 580 1691 676 inieri-
1769 599 1774 606 “

115 746 121 760 ·
270 743 361 800 ores
390 719 433 800 et
460 715 625 798 viliores
651 713 734 797 illis
762 713 912 800 malis?
952 712 1062 798 Vere
1079 721 1265 824 possunt,
1294 716 1330 798 si
1353 715 1434 798 ista
1456 714 1690 799 cousidere-

222 951 225 981 Ι
272 847 430 947 verint,
473 842 745 950 injudicio
778 845 851 928 Dei
878 842 1308 954 incomprehensibilia
1345 847 1392 949 et
1418 843 1542 928 linem
1570 872 1689 928 snum

223 1008 226 1039 ÷
271 981 314 1059 et
342 969 507 1062 illorum
536 973 761 1076 malorum,
800 1001 961 1058 necnon
1000 975 1123 1056 etiarn
1163 980 1331 1083 peccatu
1371 974 1544 1058 latentia
1574 974 1618 1056 in
1646 1003 1690 1068 se

109 1133 111 1139 ·
152 1105 161 1120 '
271 1112 315 1190 et
346 1107 458 1192 bona
487 1105 663 1190 latentia
691 1103 734 1186 in
763 1104 893 1188 mulis.
950 1103 1114 1192 Judicia
1140 1105 1295 1214 quippe
1317 1107 1388 1190 Dei
1414 1104 1706 1210 considerent,¹

272 1237 370 1346 quia
396 1245 493 1328 snut
522 1233 661 1336 multi,
700 1233 772 1344 qui
811 1235 978 1319 suerunt
1015 1235 1111 1318 rurali
1153 1239 1196 1319 et
1230 1237 1273 1318 iu
1314 1237 1397 1320 line
1434 1237 1689 1346 comprobati

271 1373 370 1450 sunt
397 1367 646 1495 boui„siout
673 1365 825 1450 Paulus
853 1367 1079 1476 apostolus,
1107 1374 1150 1452 et
1178 1370 1439 1454 econtrario
1469 1368 1588 1452 rrrulti
1613 1369 1691 1456 risi
1782 1420 1786 1426 ι
1880 1322 1888 1347 ³

134 1581 139 1590 .
273 1499 442 1582 luerunt
471 1499 570 1584 boui
606 1497 720 1581 etin
750 1497 833 1581 line
871 1499 1028 1583 inventi
1056 1506 1154 1583 suut
1181 1501 1301 1596 merli,
1342 1502 1450 1586 siout
1476 1500 1607 1585 ludus
1648 1509 1692 1585 et

271 1629 397 1714 ueteri
424 1629 518 1730 alii3
549 1627 750 1740 judicium
780 1611 889 1712 enim
920 1627 996 1714 Dei
1026 1631 1178 1714 attinet
1206 1633 1258 1714 ad
1287 1633 1425 1732 linens,
1453 1640 1497 1717 et
1523 1634 1602 1718 hoc
1630 1642 1692 1718 est

98 1833 103 1846 .
273 1761 477 1866 terribile,
505 1789 601 1846 curn
632 1761 753 1842 multi
784 1761 974 1845 videntur
1002 1761 1123 1864 moli,
1161 1769 1204 1847 et
1231 1763 1426 1849 destinati
1456 1772 1553 1850 sunt
1581 1769 1692 1867 boni,

117 1979 122 1991 ,
275 1893 481 1976 etiterum
506 1892 626 1976 multi
646 1892 839 1977 videntur
857 1893 965 1994 boni,
995 1895 1066 2003 qni
1090 1895 1285 1979 destinati
1306 1903 1405 1980 sunt
1426 1897 1479 1981 od
1504 1905 1691 1987 mortern.

275 2025 388 2110 Haec
423 2025 581 2135 judicia
618 2025 900 2110 admirabatur
930 2023 1077 2125 David,
1116 2053 1209 2108 curn
1247 2005 1452 2113 dicebat:¹
1487 2027 1623 2113 Venite
1656 2039 1693 2114 et

274 2157 402 2241 videto
441 2182 566 2262 mmo
606 2155 799 2258 Domini,
842 2180 964 2259 pronon
1004 2153 1203 2239 terribilis
1244 2156 1286 2240 in
1331 2158 1543 2243 consiliis!
1591 2160 1693 2244 ubi?

159 2323 162 2328 ·
274 2313 397 2390 snper
433 2287 546 2391 filios
580 2284 799 2371 hominumn.
858 2282 907 2366 ln
935 2312 1006 2386 eo,
1046 2285 1168 2368 sicuti
1197 2286 1395 2371 diximus:
1439 2287 1511 2370 Dei
1535 2289 1693 2396 judicio

279 2416 442 2501 occulto
480 2415 878 2524 bonidesignantur
917 2413 1064 2498 merito
1100 2413 1263 2524 aliquo,
1307 2419 1416 2526 quod
1458 2447 1540 2504 non
1580 2447 1694 2501 corrr-

248 2571 251 2576 ·
276 2547 476 2659 prehendi
498 2551 651 2658 potest,
679 2545 731 2630 ud
755 2550 943 2648 mortem,
971 2551 1015 2630 et
1037 2544 1134 2628 nrnli
1155 2548 1319 2631 occulto
1341 2547 1500 2654 judicio
1522 2547 1598 2630 Dei
1620 2576 1694 2630 sura

196 2699 202 2704 '
280 2679 560 2765 misericordia
588 2676 949 2790 praedestinantur
976 2677 1028 2760 ad
1049 2677 1189 2764 vitum.
1236 2677 1392 2761 Deinde
1411 2677 1534 2761 debet
1553 2705 1694 2760 uuona-

274 2811 376 2895 ohus
405 2809 666 2895 considerare
706 2809 828 2894 linem
858 2837 975 2893 suum
1006 2813 1050 2893 et
1079 2809 1203 2891 iissem
1234 2809 1398 2892 illorum
1433 2787 1650 2911 bonorurn,⁴
1660 2811 1694 2918 ¹)

195 2964 205 2982 ·
276 2972 326 3028 ne
356 2945 461 3028 sorte
491 2942 710 3028 videantur
741 2971 828 3028 esse
856 2941 956 3027 boui
991 2944 1034 3024 ct
1070 2939 1114 3024 in
1155 2941 1237 3024 line
1276 2941 1541 3026 inveniantur
1573 2943 1693 3040 rurali3

141 3181 146 3194 ⁸
199 3107 203 3114 ’
275 3082 318 3160 et
345 3076 433 3189 ipse
455 3075 621 3186 quidem
641 3073 867 3160 monuehns
884 3075 1051 3159 illorum
1075 3071 1274 3156 mulorum
1300 3073 1423 3157 tinem
1448 3073 1693 3175 consideret,

184 3273 187 3282 .
276 3205 463 3318 quamvis
490 3207 552 3292 illi
582 3207 667 3292 sint
695 3207 813 3309 nruli,
854 3207 963 3290 iorte
991 3207 1035 3288 in
1064 3205 1147 3290 fine
1175 3208 1445 3294 inveniuntur
1473 3210 1585 3293 boni.
1643 3209 1698 3292 llt

276 3341 425 3424 iterum
452 3340 627 3424 latentia
655 3346 824 3450 peccata
851 3367 945 3436 sua3
975 3341 1083 3423 forte
1110 3336 1154 3420 in
1179 3367 1223 3422 se
1250 3347 1348 3424 sunt
1378 3342 1484 3426 rnalu
1507 3341 1694 3441 latentia,

275 3502 394 3584 quiue,
421 3472 609 3583 quamvis
637 3472 717 3556 sibi
745 3471 832 3556 sint
859 3463 1104 3582 incognito,
1139 3477 1277 3556 tuuren
1310 3473 1610 3581 Deo'putent.¹
1642 3472 1695 3555 lit
1759 3472 1762 3478 ’

276 3589 425 3688 ite'rurn
464 3604 587 3687 debet
625 3603 885 3689 considerare
927 3603 1061 3703 bona,
1103 3631 1212 3712 quoe
1253 3606 1360 3688 forte
1399 3606 1441 3688 in
1483 3605 1564 3688 illis
1600 3611 1697 3688 sunt

181 3761 183 3766 ’
277 3733 462 3835 lotentin,
485 3762 602 3843 (pune,
629 3733 814 3842 quumvis
830 3732 909 3816 sibi
928 3733 1013 3816 sint
1030 3733 1257 3842 incognito,
1280 3739 1420 3818 tamen
1437 3738 1525 3821 Deo
1537 3740 1696 3846 putent.

277 3863 364 3948 lsta
382 3864 540 3975 judicia
560 3863 635 3948 Dei
657 3863 790 3948 David
812 3862 913 3947 dicit
935 3889 1022 3946 esse
1044 3862 1484 3972 incomprehensibilia,
1515 3867 1696 3976 eoquod

277 3994 587 4106 comprehendi,
615 3997 642 4084 i.
662 4022 697 4081 e.
717 3993 909 4102 intelligi,
939 4021 1064 4102 quere
1082 3994 1163 4078 istn
1177 3997 1293 4096 liunt,
1322 3995 1491 4082 minime
1511 4003 1697 4106 possunt.

122 4171 127 4182 ·
257 4129 395 4213 'Istud
423 4154 534 4233 vero,
562 4128 674 4239 qnod
704 4126 826 4216 dicit:
860 4127 952 4235 Epo
978 4151 1069 4210 seron
1097 4126 1258 4229 vermis,
1287 4133 1325 4211 et
1353 4153 1432 4211 non
1460 4129 1589 4231 honio,
1618 4157 1696 4214 vox

277 4257 429 4346 Christi
467 4268 543 4350 est.
600 4258 711 4345 Bene
739 4259 926 4343 Christus
966 4257 1093 4341 vermi
1131 4264 1416 4369 computetur,
1458 4262 1484 4347 i.
1523 4287 1559 4344 e.
1599 4257 1699 4342 assi-

9 4419 11 4518 ἑ
117 4489 119 4494 Ι
278 4391 465 4492 rnilatur,
513 4391 631 4501 qnia,
675 4390 782 4475 sicut
819 4391 968 4474 vermis
1008 4419 1093 4474 uon
1130 4392 1315 4476 noscitur
1353 4392 1405 4476 de
1443 4391 1580 4492 coitu,
1624 4387 1696 4472 sed

279 4523 330 4606 tle
372 4523 460 4606 solu
487 4527 619 4624 terra,
658 4523 718 4606 ita
746 4526 789 4606 et
817 4521 1004 4607 Christus
1035 4549 1120 4605 non
1149 4527 1272 4606 nutus
1300 4528 1362 4606 est
1390 4523 1442 4606 de
1469 4523 1584 4607 coitu
1620 4521 1697 4604 viri

137 4697 141 4706 ·
279 4658 322 4736 et
353 4651 555 4757 feminac,
594 4655 665 4740 sed
708 4653 759 4737 de
796 4651 883 4736 sola
910 4653 1041 4750 Beata
1081 4659 1124 4737 et
1163 4681 1323 4765 semper
1350 4653 1525 4764 Virgine
1553 4651 1697 4737 llario.

280 4781 337 4868 Et
364 4808 442 4870 non
471 4763 606 4892 ironico,
645 4813 694 4870 uc
721 4784 757 4868 si
786 4784 897 4868 dicut
923 4783 1011 4894 ipse
1038 4783 1244 4872 Christus:
1286 4787 1349 4872 De
1376 4785 1538 4897 virgine
1576 4786 1699 4867 natus

124 4929 128 4936 '
279 4945 382 5022 sirm,
411 4945 496 5002 non
525 4919 576 5005 de
598 4899 729 5021 coitu,
757 4915 865 5002 sicut
886 4901 1041 5018 'homor
1065 4921 1110 5002 et
1135 4945 1221 5002 non
1249 4947 1339 5005 sum
1368 4923 1572 5030 peccator,
1601 4912 1699 5024 quia

371 5212 398 5304 ¹)
419 5210 548 5282 Omnes
571 5192 710 5281 codices
733 5225 898 5280 erroneo:
920 5205 1104 5278 molonnn.
