3930 5788
886 159 974 251 (lap.
999 159 1128 233 tvru.
1614 168 1690 252 541

284 380 348 464 liic
378 375 520 458 rolens
549 375 676 474 erit«,-
715 383 752 456 rl
781 386 998 481 ,ponpa
1026 375 1125 482 lepis
1153 380 1282 460 canda
1309 378 1461 460 leceline
1495 379 1537 460 in
1568 380 1696 460 sarri·

284 507 376 615 sirio
396 505 560 611 ,irrlrrlur
589 505 739 606 offerri,
771 509 811 588 io
842 510 969 590 cando
1000 508 1158 612 prridrro
1184 511 1282 613 finis
1310 517 1367 592 cst
1396 513 1587 613 eorporis.
1647 509 1695 590 ln

285 637 378 718 liene
406 633 475 717 ille
504 635 699 735 inunolnt,
726 638 795 739 pai
820 636 1063 760 srrcripicinor
1088 633 1178 718 liniri
1202 639 1335 742 operis
1357 665 1480 742 respue
1499 637 1693 739 adfinem

283 765 437 848 debitae
471 761 658 866 perdendi
702 765 883 848 odionis,
954 764 1065 850 Hine
1109 763 1259 869 Jorepd
1306 763 1475 850 lulur‘eor
1518 770 1694 849 tnrrirunr.
1822 807 1829 820 ¹

148 959 154 970 .
283 894 470 978 loriculae·
488 893 751 994 varietatene
778 895 914 977 lrrniro
940 894 1086 998 perpure
1108 920 1230 1000 aspin,
1246 897 1302 977 ud
1324 895 1447 978 toleror
1471 905 1529 980 av!
1552 899 1693 978 lnunno

283 1051 382 1130 opus
411 1051 532 1128 nepae
554 1022 610 1104 od
631 1025 1018 1106 corrsrrnnnodooeor.
1036 1025 1067 1123 ¹)
1113 1023 1167 1104 lu
1189 1023 1227 1104 iu
1255 1024 1437 1107 lineclriel
1466 1054 1557 1107 eum
1583 1036 1695 1108 stero-

283 1155 581 1238 libosslalraut
610 1159 763 1236 eteruu
789 1152 1395 1238 arribulautilrusaruluvlulavut.
1444 1158 1693 1238 Slureeuiru
1788 1149 1791 1155 ’

282 1297 341 1374 est
379 1287 420 1369 iu
459 1288 649 1394 incoepto
692 1285 800 1368 bono
839 1312 960 1394 opere
1004 1310 1270 1392 perseverane.
1331 1284 1409 1368 Ubi
1440 1285 1695 1370 auioiadrer·

281 1419 447 1502 ternlunr
480 1422 554 1516 est,
584 1415 692 1525 quia,
723 1417 755 1496 si
786 1441 869 1496 nou
895 1415 1210 1524 perseveraverit
1238 1415 1279 1496 iu
1306 1415 1376 1499 illo
1400 1424 1549 1524 coepto
1573 1445 1694 1525 apere

281 1553 350 1630 aut
381 1546 608 1644 desiderio,
638 1545 706 1627 sed
737 1552 809 1628 out
834 1544 973 1633 ,ruirrus
1001 1545 1154 1654 aliquid
1187 1551 1259 1628 aut
1287 1575 1336 1628 ex
1367 1553 1458 1629 tato
1490 1573 1570 1628 nou
1603 1575 1693 1653 per·
1741 1613 1743 1619 ,
1857 1637 1861 1650 ,

173 1721 176 1728 ·
281 1677 536 1777 reseraverit,
566 1678 641 1758 isle
672 1675 777 1775 talis,
806 1677 838 1778 si
861 1677 1045 1758 videatur
1067 1681 1187 1758 stare'
1207 1675 1247 1758 iu
1282 1677 1527 1760 nrorrusterio
1558 1705 1691 1758 eorruu
1859 1787 1861 1792 ,

282 1807 527 1910 lionriuilvuu
562 1813 699 1890 taruco
731 1833 866 1889 corani
902 1806 986 1887 lleo
1019 1833 1099 1887 uou
1120 1813 1225 1903 slat.
1288 1805 1442 1888 lleiurlc
1470 1808 1693 1887 reevuuluru
1799 1845 1801 1849 v

282 1946 364 2037 est,
394 1939 501 2046 (prod
542 1938 773 2050 promittit.
803 1939 853 2028 de
881 1937 1135 2020 conversione
1168 1961 1323 2020 otorano
1353 1964 1528 2022 errorvno.
1587 1938 1694 2016 (loo-

282 2069 409 2149 versio
441 2053 596 2153 ruorvnu
627 2077 689 2151 est
717 2069 938 2152 eradicatio
966 2069 1157 2152 vitiruuuv
1188 2073 1231 2150 ot
1256 2068 1458 2176 plantatio
1480 2069 1691 2152 virtutuvo.

281 2195 387 2278 Sunt
415 2195 521 2280 euiru
554 2198 653 2282 tolio
683 2199 803 2294 vitia,
837 2199 985 2306 quilurs
1016 2224 1227 2305 passuruus
1256 2197 1431 2305 pleniter
1459 2195 1688 2294 ulrstiuore3

171 2333 173 2338 ’
247 2413 250 2422 ,
279 2332 321 2405 et
350 2325 494 2408 iteruur
525 2334 622 2410 suut
651 2329 748 2410 talia
777 2328 886 2428 vitia,
916 2327 1110 2436 aquibus
1139 2353 1217 2408 uou
1239 2354 1451 2432 poossumus
1470 2328 1687 2428 abstinere,

282 2456 404 2538 veluti
446 2461 508 2538 ost
549 2464 769 2543 roruruotio
804 2456 987 2566 corporis
1024 2461 1067 2539 et
1094 2453 1233 2537 uuivui.
1295 2454 1345 2536 lu
1375 2463 1591 2564 propterea
1622 2460 1689 2540 dr·

264 2571 418 2669 'berun
447 2587 550 2669 tales
580 2589 750 2671 virtutes
777 2585 1022 2670 econtrario
1048 2612 1262 2682 assvuuera
1293 2613 1396 2692 (pirae
1416 2590 1689 2694 corupriruaat
1740 2583 1755 2608 *

279 2714 497 2818 illontia,
542 2747 566 2800 a
605 2717 753 2826 quibus
794 2715 956 2826 penitus
996 2744 1075 2796 nou
1120 2742 1330 2824 possvuuus
1369 2743 1441 2798 uos
1470 2716 1687 2804 abstinere.
1742 2743 1744 2746 ·
1838 2725 1843 2738 ”

280 2847 320 2929 ui
350 2847 456 2929 enirn
489 2875 572 2931 nou
601 2848 868 2930 eradicaveris
899 2847 997 2930 vitia
1033 2853 1076 2930 et
1106 2845 1353 2955 plantaveris
1384 2847 1574 2946 virtutes,
1606 2877 1685 2930 uou
1777 2845 1780 2852 ’

280 2983 341 3058 est
379 2976 591 3062 conversio
633 3005 815 3077 moruorr
857 2978 890 3061 si
919 2977 1026 3060 eoiur
1058 2976 1322 3060 eradicaveris
1353 2974 1451 3058 vitia
1479 2985 1520 3058 et
1550 2985 1685 3058 taiueu
1725 3083 1728 3092 Δ

164 3205 165 3208 p
235 3177 238 3186 .
281 3133 362 3188 nau
393 3107 639 3214 plantaveris
668 3108 853 3209 virtutos,
885 3137 965 3190 uou
991 3108 1069 3191 eris
1094 3106 1328 3202 laudabilis3
1358 3104 1426 3188 ille
1457 3113 1519 3188 est
1547 3106 1686 3189 laudri-

283 3235 385 3338 bilis,
415 3237 556 3346 quiet
584 3239 764 3323 eradicat
792 3241 891 3322 vitia
920 3249 962 3321 et
991 3239 1153 3346 plantat
1180 3237 1362 3324 virtutes.
1405 3237 1448 3321 Si
1472 3239 1579 3320 eoiru
1606 3269 1686 3322 uoo

280 3377 341 3448 est
370 3368 597 3472 laudabilis,
627 3371 698 3478 qui
726 3370 983 3453 salvamunda
1012 3367 1205 3460 eradicat,
1229 3367 1276 3450 'et
1305 3373 1441 3450 truueu
1469 3397 1549 3477 uou¹
1572 3370 1686 3478 plau·

279 3506 363 3595 tat,
393 3499 489 3607 quid
521 3501 600 3584 erit
627 3499 678 3582 de
707 3501 807 3600 isto,
836 3499 905 3608 qui
937 3527 1009 3582 uec
1040 3496 1261 3580 eradicavit
1299 3525 1428 3605 neque
1456 3499 1686 3604 plautavit?

284 3628 400 3736 l’ejus
428 3637 490 3712 est
519 3655 682 3738 pagano
712 3635 784 3712 aut
812 3629 1022 3732 saeculari,
1052 3628 1375 3737 quiaquantum
1409 3627 1501 3736 plus
1523 3627 1686 3737 religio·
1774 3639 1775 3644 '

280 3757 424 3842 siorcru
454 3759 638 3844 habitura
668 3759 793 3843 euruit
822 3760 924 3868 quis,
956 3764 1116 3844 tantuin
1137 3759 1252 3868 pejus
1277 3766 1337 3840 est
1365 3758 1424 3841 illi
1444 3759 1684 3866 perieulruu,
1756 3865 1757 3868 p

279 3887 310 3969 si
352 3917 434 3972 uon
475 3899 584 3974 recte
625 3900 667 3975 et
706 3891 1006 3976 rationabiliter
1038 3891 1196 3977 vixerit.
1249 3886 1434 3973 ‘Pertiuur
1467 3897 1548 3982 est,
1579 3891 1684 3999 arrad
1796 3919 1800 3927 ·

281 4022 503 4125 promittit:
533 4028 569 4106 et
597 4022 860 4106 obedientiarii
889 4047 1023 4106 conara
1050 4018 1151 4106 Deo.
1208 3997 1451 4124 Obediieutia
1478 4026 1552 4119 cst,
1582 4049 1685 4129 quac

278 4149 316 4232 iu
349 4150 553 4263 prosperis
583 4181 665 4238 acu
697 4152 822 4240 habet
859 4153 908 4238 de
936 4179 1032 4252 suc,
1061 4159 1102 4234 et
1129 4151 1173 4235 iu
1202 4151 1380 4236 adversis
1408 4152 1458 4234 de
1486 4178 1576 4249 suo,
1608 4152 1706 4236 lroc.
1764 4169 1765 4172 ‘

215 4325 224 4348 ι
277 4290 361 4383 est,
391 4303 496 4392 quae
531 4284 582 4369 ed
624 4284 821 4370 honorem
866 4289 908 4366 et
940 4281 1252 4367 delectationem
1293 4295 1335 4366 et
1372 4283 1683 4392 prosperitatem

276 4414 424 4498 saeculi
462 4398 601 4526 pergit
638 4413 790 4518 invite,
821 4415 871 4500 ed
901 4413 1131 4517 tristitiam,
1160 4413 1211 4497 ad
1245 4414 1394 4524 probra
1434 4422 1477 4498 et
1503 4413 1684 4500 adversi·

277 4531 400 4630 tatem
440 4545 590 4631 saeculi
630 4542 768 4656 pergit
806 4553 965 4656 sponte.
1022 4543 1066 4629 Si
1096 4545 1204 4630 euim
1234 4545 1286 4628 ad
1315 4545 1465 4658 gaudia
1496 4551 1539 4629 et
1568 4575 1683 4655 pros·

253 4677 503 4782 ¹peritatenr·
522 4675 616 4762 ieris
645 4684 804 4788 sponte,
833 4704 917 4764 nou
938 4705 980 4760 es
1000 4674 1213 4773 obedieus3
1242 4675 1275 4758 si
1304 4683 1442 4762 autera
1470 4677 1520 4760 ad
1552 4678 1705 4760 tristia.

277 4812 318 4888 et
335 4805 596 4916 tentationes
626 4809 848 4919 perrexeris
877 4809 1017 4908 iovite,
1047 4835 1130 4891 nou
1153 4835 1196 4891 es
1215 4806 1428 4907 obedieue;
1460 4808 1566 4892 uude
1585 4839 1682 4891 coo·

221 4999 222 5003 ¹
276 4995 537 5012 m

365 5093 391 5182 ¹)
415 5093 542 5168 liomil.
570 5086 726 5164 xxvio
750 5090 885 5183 Evaug.
930 5089 1183 5194 (dignatam.
1207 5091 1347 5200 idicol.
1375 5091 1485 5185 1189.)
1612 5177 1614 5180 Ι

1465 5359 1474 5398 l
