3974 5778
717 282 722 294 '
878 279 961 372 cap.
986 279 1059 354 XV·
1196 259 1197 262 ‘
1587 285 1668 370 303

257 533 382 595 unnim
419 501 744 613 responsorium,
787 501 841 586 ad
876 443 993 612 'quod
1030 501 1091 585 illi
1130 501 1279 586 nolunt
1308 493 1494 588 Gloriam
1521 503 1667 602 dicore,

258 635 518 726 novissimum
548 637 635 732 est,
677 635 864 743 quamvis
892 635 947 718 sit
988 659 1137 732 uuum,
1176 633 1283 718 siout
1310 634 1576 720 novissimum
1606 641 1669 719 est
1727 703 1732 718 .
1780 686 1783 694 ,
1900 687 1905 700 ·

95 857 103 868 ,
254 771 354 858 illud
382 769 551 855 tertium
581 763 665 850 sire
705 771 919 876 quartum,
959 765 1011 849 ad
1039 765 1148 877 quod
1188 766 1394 852 cantanda
1422 773 1485 854 est
1512 767 1667 855 Gloria.

255 903 362 990 'Palis
391 905 453 984 est
481 925 622 982 sensns
648 896 692 980 in
721 896 804 980 isto
832 923 915 980 nno
932 924 1143 1006 responso,
1172 898 1305 1008 qualis
1327 904 1390 982 est
1407 897 1451 982 iu
1468 897 1541 984 illo
1562 898 1667 1000 loco,

256 1034 322 1120 ubi
359 1032 409 1118 de
446 1027 625 1116 Domino
666 1027 767 1111 dicit
801 1026 1098 1136 prirnopenitns
1133 1033 1176 1113 et
1211 1027 1466 1136 congenitum
1513 1029 1670 1138 primo·⁸
1760 1046 1761 1050 '

253 1163 415 1274 genitus
444 1160 552 1244 enim
582 1157 751 1258 dieitur,
792 1157 889 1265 quia
926 1157 1080 1266 primns
1109 1163 1230 1242 oratus
1260 1163 1323 1243 est
1350 1159 1574 1244 seorrnclum
1602 1161 1692 1242 iu··
1775 1249 1778 1256 ,

253 1292 544 1393 cassationem,
574 1295 616 1374 et
644 1287 895 1398 unigenitos,
925 1287 1023 1396 quio
1051 1291 1212 1401 tantum
1243 1315 1360 1374 nnus·
1377 1297 1499 1373 natus
1526 1296 1590 1374 est
1617 1289 1668 1373 do

253 1425 300 1510 B.
320 1421 372 1512 V.
395 1421 537 1524 Maria,
566 1447 615 1504 ac
636 1446 711 1530 per
733 1419 812 1503 hoc
834 1419 966 1503 omnis
988 1418 1228 1528 unigenitus
1256 1425 1394 1530 potest
1411 1420 1489 1506 dici
1513 1419 1667 1532 primo·
1786 1445 1789 1452 ·

89 1543 91 1546 ⁵
253 1555 438 1667 genitus,
477 1551 662 1663 quamvis
690 1578 774 1635 non
804 1549 937 1634 omnis
975 1550 1275 1662 primogenitus
1308 1553 1438 1664 possit
1465 1552 1545 1638 diei
1575 1554 1668 1637 uni·
1830 1553 1838 1578 '

251 1683 435 1795 genitus,
475 1683 571 1794 quio
619 1678 918 1790 primogenitus
945 1687 1085 1791 potest
1112 1679 1213 1784 dici,
1255 1681 1340 1768 sive
1366 1681 1669 1796 subsequuntur
1719 1723 1722 1730 ’

250 1809 332 1914 ulii,
360 1811 444 1896 sive
471 1839 569 1899 non
920 1801 929 1822 ⁸

842 2007 942 2114 Cep.
975 2005 1076 2096 XV.

396 2189 583 2282 QUIBUS
612 2187 943 2267 TEMPORIBUS
965 2189 1202 2268 mennon
1230 2189 1517 2270 autunum.

357 2337 397 2418 A
417 2342 555 2419 secreto
572 2335 734 2421 Posclro
753 2360 877 2442 eccene
900 2337 957 2419 cci
975 2334 1232 2420 Pentecosten
1254 2335 1342 2420 eine
1365 2335 1664 2422 iratercnissione

250 2466 407 2550 clicotrcr
435 2464 615 2572 Allclnjo
644 2473 726 2549 tenc
756 2468 801 2550 in
821 2463 1014 2571 pectinis,
1043 2491 1166 2574 ccccm
1196 2465 1241 2550 in
1269 2467 1555 2572 responsoriis.
1601 2468 1664 2552 De
1719 2521 1721 2526 ·

43 2575 50 2715 ξ
138 2637 142 2644 ·
174 2702 177 2708 ¹
250 2595 427 2703 Allelnja
449 2597 536 2704 jam
564 2597 752 2706 superius
781 2595 935 2682 (lictum
966 2603 1039 2700 est,
1071 2595 1187 2705 eujus
1217 2594 1385 2705 liuguae
1408 2597 1465 2682 sit
1490 2601 1533 2682 et
1563 2598 1663 2709 qnid

109 2759 113 2770 ¹
249 2725 560 2834 interpretetur,
600 2733 643 2808 et
684 2753 811 2835 quare
852 2726 1117 2810 translatores
1146 2723 1246 2809 illud
1285 2725 1509 2812 noluerunt
1536 2730 1665 2812 inter·

249 2855 398 2962 pretari
432 2855 476 2938 in
503 2855 680 2941 latinum
707 2857 750 2940 iu
776 2855 874 2966 ipsis
900 2853 1027 2959 libris,
1056 2856 1100 2940 in
1130 2855 1279 2966 quibus
1307 2856 1526 2960 invenitur,
1555 2859 1663 2944 sicut

246 2984 323 3069 elia
363 2987 487 3071 verim
524 2987 788 3096 interpretari
833 2985 1091 3073 studuerunt.
1162 2987 1283 3072 Nunc
1305 2987 1544 3072 ‚ridendum
1587 2998 1660 3093 est,

109 3135 111 3140 ’
245 3143 324 3226 qna
366 3115 527 3200 ratione
566 3117 667 3203 dicit
704 3147 732 3202 n
768 3121 906 3201 sarecto
942 3115 1105 3201 Paeona
1141 3141 1265 3224 cosque
1299 3117 1356 3202 od
1391 3118 1660 3220 Pentecosten,

246 3273 336 3331 cnm
367 3245 524 3334 Pascha
561 3249 711 3334 dicitur
750 3247 850 3334 totis
894 3246 975 3332 illis
1014 3247 1317 3358 qninquaginta
1351 3245 1525 3333 diebus?
1580 3248 1662 3332 Sed
1834 3291 1836 3299 ι
1929 3287 1932 3294 ¹

246 3404 335 3460 cnm
383 3374 483 3462 dicit
522 3405 550 3464 e
586 3385 724 3492 sarecto
766 3377 929 3465 Pascite
966 3403 1090 3488 nepote
1127 3379 1184 3463 od
1223 3377 1503 3482 Pentecosten,
1544 3381 1661 3491 quasi

244 3505 417 3594 diceret:
455 3511 510 3596 ab
549 3509 671 3596 initio
700 3509 882 3595 Paschae
911 3539 1039 3622 neque
1076 3511 1281 3596 adfinem
1313 3509 1504 3599 Paschae.
1561 3510 1671 3595 ideo

243 3637 351 3722 enim
398 3639 500 3726 dicit
548 3642 638 3726 sine
677 3642 997 3742 intermissione,
1046 3641 1144 3750 quia
1182 3639 1226 3726 in
1267 3641 1456 3727 omuibus
1494 3639 1660 3752 psalmis
1719 3713 1724 3726 .

244 3775 405 3876 praeter
433 3771 481 3856 de
510 3773 803 3884 completoriis,
833 3780 875 3858 et
902 3775 944 3858 in
969 3773 1160 3859 omnibus
1188 3773 1370 3858 versibus
1398 3780 1443 3858 et
1469 3773 1661 3862 inomni·
1718 3817 1724 3842 ·⁴
1801 3885 1802 3890 Ν

244 3901 319 3984 bus
359 3905 625 4014 responsoriis
666 3905 757 3990 vult
794 3905 874 3989 dici
913 3907 1104 4014 Alleluja.
1162 3903 1403 3989 Notoudnm
1444 3913 1509 3990 est
1535 3901 1687 4008 enim,¹
1726 3971 1728 3978 .

243 4034 361 4143 qnia,
400 4064 493 4121 cum
532 4036 633 4122 dicit
670 4063 796 4146 cosque
826 4038 1109 4140 Pentecosten,
1137 4037 1408 4150 intelligitur,
1441 4052 1579 4147 'nsque
1605 4036 1659 4121 acl
1803 4037 1807 4046 ’

241 4173 424 4252 octavam
451 4167 722 4257 Pentecosten
752 4171 933 4282 Alleluja
960 4169 1118 4256 cantari
1147 4169 1306 4256 debere.
1347 4169 1398 4254 Iu
1425 4169 1504 4256 hoc
1533 4169 1659 4254 etiam

241 4294 331 4382 loco
358 4299 578 4388 videndum
609 4307 696 4408 est,
734 4331 860 4413 quare
885 4286 959 4388 valii
990 4301 1208 4388 dimittunt
1236 4300 1415 4413 Allelnjo
1442 4331 1467 4386 a
1495 4306 1665 4412 septua·¹
1839 4409 1842 4418 .

240 4429 417 4537 gesimo,
450 4460 544 4520 curn
573 4433 617 4524 S.
647 4433 895 4521 Benedictus
924 4461 1054 4545 usqne
1081 4434 1135 4519 ed
1163 4444 1289 4544 eaput
1318 4431 1654 4545 quadragesimae

241 4559 341 4646 dicit
379 4565 608 4650 canendum
644 4595 731 4652 esse
775 4566 967 4676 Alleluja.
1037 4561 1136 4652 Ideo
1183 4566 1400 4650 dimittunt
1436 4563 1479 4648 in
1522 4564 1658 4674 capite
1751 4569 1753 4574 ’
1831 4595 1833 4598 ·
1923 4653 1926 4660 Δ

239 4697 574 4807 septuagesimae,
604 4701 710 4810 qnia
730 4725 824 4814 mos
843 4697 923 4783 fuit
946 4697 1056 4808 apnd
1073 4697 1277 4808 antiquos,
1307 4725 1332 4781 a
1353 4697 1657 4807 septuagesima
1812 4697 1814 4702 ’

166 4855 168 4860 ·
238 4818 416 4936 incipere
443 4829 610 4916 initium
640 4827 981 4941 quadragesimae
1002 4835 1044 4912 et
1066 4828 1124 4914 sic
1148 4827 1434 4914 dimittebatur
1461 4827 1655 4940 Allolnja.
1827 4895 1828 4900 Ν

239 4945 345 5039 Nom
383 4959 566 5070 antiquis
601 4990 697 5047 usus
726 4960 829 5062 tuit,
867 4961 1087 5071 antequam
1131 4957 1433 5070 septuagesima
1471 4958 1654 5070 celebra·
1724 4983 1730 5001 ·

238 5089 364 5190 retur,
392 5087 436 5174 in
459 5090 595 5202 eapite
612 5077 950 5202 quadragesimae
972 5087 1127 5176 dimitti
1144 5089 1338 5200 Allelnja,
1357 5087 1466 5176 sient
1485 5085 1654 5175 initium
1695 5135 1705 5154 ·
1799 5185 1801 5190 ¹

237 5215 570 5332 quadragesimae
584 5221 871 5334 incipiebatur,
896 5219 1004 5307 sicut
1017 5221 1141 5312 etiam
1166 5247 1277 5305 nunc
1296 5221 1449 5307 multoe
1467 5221 1658 5349 eeclesiae
