4334 5750
298 301 375 386 mc
487 265 546 364 '.
778 355 792 374 .
923 295 1097 388 oum

292 517 405 602 Deus
443 517 588 628 perdet
616 533 711 620 erm,
751 519 821 630 qui
851 520 1077 630 loquuntur
1104 517 1385 620 urenduuiuur,
1421 521 1466 606 it
1492 551 1561 623 ιιιι,
1600 523 1712 634 quon
1748 569 1752 578 Δ

227 647 240 664 ‘
294 647 505 751 mentitur,
534 651 688 734 occidit
713 651 914 752 ultimum,
942 650 1168 736 cavendum
1198 656 1263 734 eut
1290 651 1334 734 in
1363 653 1477 738 oluui
1506 653 1715 739 locutione

294 780 560 882 mendacium,
589 784 697 870 ciunt
723 783 895 896 perlirliu
923 783 965 866 iu
977 785 1226 894 juramento.
1280 779 1432 868 l'irleliu
1452 785 1563 870 euim
1591 787 1713 898 quiri·
1751 795 1756 804 ’

289 911 394 1022 'quit
425 912 621 1022 loquitur,
652 915 852 1000 veraciter
879 915 1003 1000 debet
1030 913 1169 1026 loqui,
1210 915 1271 998 ite
1299 919 1347 998 ot
1361 943 1452 1026 ‘pru
1474 917 1714 1027 juramento

204 1031 206 1036 ⁵
294 1044 540 1154 accipiatur,
583 1047 682 1154 quiu
711 1046 911 1157 scriptum
938 1052 1023 1132 eut:
1069 1045 1202 1132 Tectis
1224 1047 1363 1152 fidelis
1390 1073 1469 1130 uon
1496 1051 1747 1152 mentitur3'

292 1203 543 1286 quemquam
581 1177 660 1260 hoc
702 1176 936 1284 specialiter
975 1176 1027 1260 ud
1066 1176 1274 1262 Christum
1312 1179 1531 1278 referatur,
1573 1183 1712 1264 tumen

292 1305 346 1390 ed
380 1306 700 1416 unumquodque
742 1307 968 1390 membrum
1005 1309 1094 1416 ejus
1130 1313 1270 1418 potest
1309 1308 1471 1407 reterrig
1513 1307 1714 1394 Dominus

292 1435 423 1534 euim,
464 1438 535 1546 qui
564 1437 763 1545 praecipit
806 1463 890 1520 nou
924 1436 1092 1544 jurum,
1129 1439 1284 1546 legitur
1314 1437 1485 1546 jumuue.
1551 1439 1714 1536 Quare?

294 1565 472 1676 Propter
501 1565 714 1676 perfidiam
743 1563 998 1650 Juducorum
1039 1567 1119 1654 hoc
1149 1567 1348 1666 luciebut,
1392 1569 1490 1677 quriu
1518 1568 1580 1652 illi
1610 1569 1711 1651 nulli

129 1717 132 1723 '
206 1747 210 1756 ·
292 1694 494 1782 locutioni
526 1697 762 1798 credebaut,
793 1696 869 1780 uisi
894 1697 1133 1805 juramento
1163 1697 1408 1799 lirmuretur,
1436 1703 1479 1782 et
1497 1705 1712 1812 propterea

287 1827 459 1936 jurabat
490 1825 711 1927 Dominus,
753 1834 820 1928 ut,
856 1829 926 1939 qui
956 1828 1155 1914 nolebuut
1183 1830 1349 1915 credere
1377 1859 1474 1915 veru
1511 1832 1711 1940 loquenti,

295 1958 442 2044 uellem
472 1958 688 2042 crederent
710 1959 885 2070 juranti.
943 1960 1099 2047 lterum
1126 1963 1324 2060 audistis,
1351 1963 1448 2068 prciu
1476 1959 1625 2044 ‹iictruu
1653 1967 1713 2044 cst

156 2165 162 2178 .
294 2091 501 2198 anitiquis:
542 2087 637 2174 Nou
661 2091 914 2198 pejurabis.
971 2091 1109 2176 Minor
1132 2092 1296 2199 justitio
1324 2105 1388 2174 est
1414 2091 1639 2176 ucribururu
1669 2097 1712 2176 et

198 2257 201 2264 ¹
294 2223 616 2336 pharisaeorum,
645 2250 728 2308 nou
757 2224 978 2334 perjurare,
1007 2226 1141 2336 major
1162 2223 1326 2334 justitie
1353 2235 1417 2308 est
1437 2223 1614 2326 illomm,
1641 2223 1726 2333 qui.

293 2357 486 2441 intraturi
528 2361 626 2440 suut
662 2355 706 2440 iu
743 2383 918 2467 reguum
960 2355 1189 2474 coelorum,
1232 2385 1318 2444 ιιοιι
1350 2359 1491 2468 jurare
1529 2357 1712 2442 omniuo.
1751 2393 1754 2400 ¹

295 2487 497 2576 Dominus
524 2487 646 2593 euim,
676 2487 747 2599 qui
772 2489 981 2602 proecepit
1008 2519 1093 2576 uon
1116 2493 1268 2604 jurare,
1298 2519 1382 2576 uou
1414 2488 1540 2574 solvit
1562 2488 1711 2600 legem,
1744 2489 1749 2499 '

136 2669 141 2682 ·
292 2623 361 2708 sed
390 2623 592 2734 implevit,
621 2622 719 2733 qnia
746 2621 819 2734 qui
847 2651 930 2708 nou
949 2624 1078 2735 juret,
1107 2653 1191 2708 uon
1212 2624 1410 2734 perjuret.
1455 2619 1712 2706 Sioutienim

133 2737 136 2744 ¹
292 2756 374 2854 ille,
403 2737 589 2866 quinon
618 2755 813 2865 loquitur,
847 2783 929 2841 uou
959 2756 1174 2859 mentitur,
1202 2757 1263 2840 itu
1292 2786 1374 2840 uou
1403 2753 1611 2865 perjurat,
1640 2752 1712 2862 qui

293 2915 376 2972 ιιοιι
403 2889 529 2997 jurat,
558 2891 602 2970 et
628 2887 727 2995 quiu
753 2885 880 2970 homo
908 2913 1008 2988 rem,
1038 2916 1112 2998 per
1138 2917 1262 2998 quum
1286 2889 1416 2997 jurut,
1443 2897 1517 2968 uut
1544 2884 1713 2970 iuvocut

245 3027 254 3044 '
292 3021 366 3103 uut
394 3017 583 3118 udvocut,
609 3016 704 3101 ideo
732 3044 896 3100 necesse
924 3021 998 3117 est,
1028 3023 1075 3100 ut
1099 3018 1294 3104 subtilius
1322 3017 1629 3126 investigemus,
1660 3043 1712 3098 ue

249 3168 252 3176 '
294 3149 459 3253 Paulus,
487 3149 560 3258 qui
581 3147 733 3258 legitur
746 3149 917 3257 jurasse,
945 3155 1091 3234 contro
1112 3147 1328 3236 Dominicu
1349 3153 1568 3258 praecepte
1597 3147 1711 3232 uide·
1764 3189 1769 3192 ·

291 3286 387 3367 etur
410 3282 583 3391 jurasse.
641 3277 755 3364 Dicit
782 3279 912 3362 euim:
956 3278 1084 3382 Ecce,
1112 3307 1215 3388 prior
1241 3279 1372 3364 scribo
1398 3279 1534 3381 uotis,
1573 3305 1710 3364 corum

240 3433 244 3442 '
293 3413 396 3517 Deo,
424 3410 531 3519 meod
557 3439 637 3497 rrou
665 3411 846 3498 crunctior.
904 3409 959 3495 Et
987 3411 1162 3497 itemm:
1192 3409 1306 3496 Deus
1333 3417 1369 3494 ct
1397 3409 1524 3496 Pater
1540 3407 1710 3494 Domim

292 3549 421 3632 nostri
449 3544 554 3631 Jcsu
588 3543 767 3644 t'luieli,
796 3544 865 3648 uui
893 3549 953 3626 cst
981 3541 1208 3626 benecdictum
1236 3544 1278 3626 iu
1309 3540 1457 3642 sconelo,
1486 3543 1573 3640 scil,
1603 3539 1711 3646 puori
1722 3625 1730 3656 ὁ

292 3705 373 3764 uon
402 3677 584 3766 utentior.
642 3673 698 3758 Et
726 3673 905 3772 iterum:¹
940 3673 1072 3758 Testis
1099 3681 1159 3756 cst
1185 3675 1285 3759 milri
1313 3673 1449 3776 Deus,
1488 3676 1553 3756 cui
1579 3669 1711 3756 ucruio

292 3815 336 3897 in
364 3811 515 3919 spiritu
536 3836 622 3894 mm
643 3809 688 3890 iu
705 3806 929 3914 Ecorrpelio
953 3805 1034 3910 filii
1052 3806 1154 3913 ejus,
1182 3807 1288 3912 quod
1304 3807 1393 3890 m'ue
1411 3805 1710 3888 intermissione

168 3921 176 3942 ’
293 3945 530 4030 rrrcnrorium
557 3939 681 4024 ventri
705 3938 816 4045 ticcio
844 3964 1003 4043 sculpo·
1019 3939 1073 4021 iu
1102 3936 1352 4022 orationibus
1379 3937 1478 4022 urcio
1499 3963 1581 4042 pro
1600 3935 1710 4020 cutis

191 4150 195 4159 .
292 4075 350 4160 cui
363 4073 509 4172 Deum,
534 4071 702 4176 fratres.
747 4067 857 4152 Suut
881 4069 990 4152 euim
1019 4068 1223 4172 nonnulli,
1251 4067 1322 4178 qui
1342 4075 1546 4154 conentur
1568 4067 1711 4156 deleu-
1806 4064 1816 4084 '

293 4207 390 4290 dere
414 4203 587 4288 Puulum
617 4201 820 4284 dicentes:
848 4199 945 4309 quia
972 4199 1042 4284 ille
1064 4200 1192 4309 jurut,
1221 4201 1291 4310 qui
1317 4228 1390 4310 per
1411 4197 1709 4311 aliquemne

294 4335 613 4420 Paulus-nutem
641 4325 724 4415 uon
742 4315 912 4438 juravit,
939 4331 1037 4438 quiu
1056 4359 1129 4440 per
1148 4331 1302 4440 aliquio
1331 4331 1547 4416 condicit
1590 4329 1709 4430 Quod
1809 4401 1818 4428 ,

184 4465 190 4478 '
294 4467 344 4553 B.
372 4466 633 4574 Augustinus
671 4461 888 4546 ridiculum
929 4460 1030 4544 dicit
1065 4489 1165 4548 esse.
1222 4461 1344 4546 Nunc
1371 4468 1510 4546 eutem
1538 4465 1709 4571 propter

120 4581 128 4690 j
259 4577 370 4684 ¹hos
398 4594 699 4690 contentiosos,
742 4589 811 4699 qui
850 4583 916 4672 itu'
949 4589 1175 4673 detendunt
1205 4592 1398 4692 Paulum,
1442 4617 1605 4676 necesse
1633 4596 1708 4692 est,

246 4722 249 4728 ’
293 4730 342 4807 ul
364 4722 488 4807 etium
511 4722 622 4805 istud
642 4719 925 4806 testimonium
949 4718 1206 4820 adhibeatur,
1233 4749 1319 4832 quo
1333 4720 1482 4804 Paulus
1511 4749 1561 4804 eo
1584 4720 1708 4804 modo

294 4853 498 4963 reperitur
512 4854 685 4962 ju'russe,
714 4879 797 4960 quo
815 4849 875 4932 illi
904 4850 1049 4952 dicunt
1066 4878 1153 4932 esse
1174 4850 1403 4958 jmurulum.
1449 4851 1559 4935 Dicit
1574 4851 1708 4935 euim:
1787 4867 1791 4882 '

138 5041 141 5046 -
297 4985 488 5100 ΩιιοὶιίἰίιιΙ
519 4985 623 5066 euim
661 4984 813 5065 rumice·
845 5009 924 5087 per
940 5057 944 5064 .
962 4987 1135 5064 cosmum
1170 4981 1367 5088 plurium,
1405 4984 1574 5088 fratres,
1630 4981 1709 5066 Hic
1767 4987 1772 5002 ‘

113 5125 117 5132 '
295 5117 405 5201 enim
428 5141 509 5220 per
536 5120 710 5200 oestrum
735 5111 912 5221 plurium
940 5141 1023 5195 non
1053 5113 1115 5196 itu
1142 5112 1457 5221 intelligendum
1485 5119 1560 5212 est,
1592 5114 1708 5222 quusi

295 5247 473 5336 diceret:
504 5275 580 5358 pro
604 5252 740 5330 vestre
768 5245 903 5355 glorio
922 5243 1088 5344 morior,
1116 5249 1190 5327 aut
1212 5249 1346 5328 vestre
1367 5245 1501 5352 gloria
1521 5271 1586 5378 me
1609 5245 1710 5327 lacit
