3960 5774
231 121 331 290 'aas
651 303 656 312 Ι
803 175 1111 286 οιμίιιιιν.

247 399 412 506 rectam
444 421 527 520 est,
566 417 616 500 ut
641 415 846 530 quiescat,
885 415 1011 503 debet
1047 441 1192 534 vocam
1218 443 1358 503 coram
1386 415 1583 505 intubus
1622 421 1667 504 et

249 549 372 636 debet
398 548 461 636 illi
488 575 669 662 parcere.

215 761 247 788 ,
357 679 578 794 Sequitur·
619 677 698 786 Qni
722 679 869 766 dnm'
845 705 986 787 mosne
1011 679 1066 766 ab
1092 677 1236 766 abbate
1260 683 1433 782 emerit,
1460 675 1593 766 ooioat
1620 705 1665 765 sc

247 811 380 918 ipsine
407 811 567 896 abbatis
587 810 785 918 pedibas
812 809 959 896 deinde
985 811 1164 895 annium
1189 810 1371 918 ocniyiis
1394 813 1589 918 fratrum,
1616 817 1662 893 ut

247 948 361 1024 oront
379 965 463 1050 pro
490 941 594 1048 ipso,
620 945 658 1024 et
684 947 789 1041 Ιιιιισ,
817 939 858 1022 si
875 939 1051 1044 ⁸iusserit
1067 939 1207 1044 aona,
1232 939 1492 1048 recipiatur
1474 965 1520 1022 nc
1538 938 1657 1023 noro

247 1067 309 1152 oct
335 1069 500 1170 ordinae,
529 1094 607 1176 qno
632 1069 760 1152 abbas
796 1065 1033 1166 doncocrit,
1060 1069 1120 1154 ito
1148 1093 1270 1170 sain,
1297 1075 1342 1152 nt
1362 1069 1573 1174 psalmum
1602 1069 1664 1152 oet

247 1195 454 1290 tectionem
494 1205 564 1283 unet
596 1195 713 1282 anm
747 1195 905 1305 ntiqsnid
939 1222 1018 1282 non
1038 1203 1279 1304 promitunt
1305 1199 1350 1280 in
1379 1196 1557 1282 oratorio
1584 1199 1665 1280 inn-

241 1355 418 1434 ponerc,
447 1330 544 1414 -nisi
580 1331 723 1413 iterum
765 1327 893 1412 ubbns
927 1330 1083 1430 jesboam
1119 1334 1157 1413 et
1183 1327 1371 1412 onnenibns
1398 1327 1539 1434 isonis,
1567 1329 1664 1413 dum

171 1511 174 1520 ·
248 1459 465 1568 componor
491 1486 593 1570 onnes
620 1459 715 1562 Dei,
735 1457 939 1566 projiciat
961 1485 1007 1543 sc
1032 1439 1076 1543 in
1104 1465 1258 1544 tarum
1276 1457 1320 1543 in
1339 1456 1436 1560 ioco,
1464 1485 1543 1566 qno
1572 1466 1665 1562 stat,

48 1613 51 1622 ’
132 1667 134 1672 ,
178 1647 182 1658 ·
248 1597 285 1674 ct
312 1593 628 1698 sinentislacint,
656 1617 780 1699 nsqen
806 1589 902 1672 dcem
921 1589 1121 1696 jecboatci
1145 1591 1289 1676 iterum
1314 1579 1456 1696 abbas,
1476 1597 1521 1673 nt
1533 1591 1667 1697 onice·

177 1764 182 1774 ·
249 1729 314 1808 cut
353 1725 441 1830 ione
480 1725 533 1808 cb
565 1723 642 1814 buo
677 1721 968 1827 satisfactione.
1028 1723 1106 1830 Qui
1133 1747 1331 1828 conopeo
1358 1719 1510 1805 tacitns
1536 1720 1667 1827 centnis

230 1856 642 1940 esconenmnicantnr
677 1843 834 1938 tnntenn
862 1880 890 1935 a
918 1879 1079 1958 sicana,
1108 1855 1152 1938 in
1189 1855 1367 1938 oratorio
1406 1853 1667 1957 satisfaciant

251 2009 376 2092 sssqeec
401 1989 459 2072 ud
471 1987 692 2092 jussionem
721 1985 904 2088 abbatim
931 1983 1003 2070 boc
1018 1987 1252 2092 perficiant,
1280 2011 1405 2092 nsque
1433 1985 1530 2069 dnm
1550 1985 1667 2070 banc·

251 2118 360 2202 dicat
387 2127 424 2200 ct
450 2118 581 2202 dicate
614 2119 777 2224 sufficit.
836 2101 949 2214 Istud
989 2117 1123 2220 enim,
1164 2115 1275 2228 qnod
1305 2117 1406 2200 dicit
1433 2124 1668 2222 prostratus

253 2250 314 2332 oct
334 2273 513 2352 1n·onns,
555 2249 764 2334 sciendum
792 2253 876 2352 est,
918 2251 1016 2361 quia
1038 2276 1198 2356 pronois
1228 2229 1477 2360 superfluam
1506 2253 1569 2330 est
1594 2252 1668 2330 aut

253 2385 365 2464 certa
394 2379 472 2462 boc
499 2379 708 2490 significat
729 2405 901 2484 pronus,
930 2383 1041 2491 qnod
1063 2388 1299 2485 anostrntns
1327 2387 1370 2465 et
1401 2407 1523 2465 causa
1542 2407 1668 2487 exag-

253 2509 477 2618 gerationis
504 2507 749 2593 hamilitatis
767 2509 809 2598 S.
835 2511 1081 2595 Benedictus
1109 2510 1226 2599 dixit.
1264 2511 1353 2594 Hoc
1376 2516 1529 2604 autem.
1557 2507 1666 2619 quod

254 2639 356 2722 dicit
396 2639 525 2724 ootnot
558 2662 601 2720 sc
638 2636 796 2719 abbatis
828 2639 1025 2743 postibus,
1068 2641 1128 2724 ita
1163 2641 1394 2724 iaciendum
1422 2645 1507 2722 est:
1545 2639 1668 2721 debet

254 2767 323 2850 iiie
361 2768 487 2850 irater
521 2763 611 2848 fixis
652 2766 828 2874 genibus
867 2769 911 2852 in
940 2775 1049 2853 terra
1087 2769 1237 2853 iratres
1263 2769 1442 2852 sainture
1470 2795 1521 2850 ex
1551 2766 1663 2866 ouini

160 2909 168 2929 ·
254 2901 392 3004 parte,
421 2901 464 2977 et
491 2901 590 2978 tuuc
618 2895 740 2978 debet
766 2925 811 2978 sc
838 2903 1100 3006 prosternere
1127 2895 1289 2980 abbatis
1317 2896 1503 3004 pedibus.
1559 2893 1666 2993 Quid
1789 2951 1807 2962 ··

163 3049 165 3056 ·
253 3027 387 3146 estin
417 3025 521 3122 loco,
552 3025 592 3108 in
621 3054 705 3135 quo
733 3029 831 3126 ebat,
860 3027 1071 3136 quomodo
1099 3027 1221 3109 debet
1248 3053 1292 3108 sc
1319 3026 1375 3109 ibi
1406 3025 1604 3136 projicere
1624 3024 1666 3107 in
1766 3071 1775 3094 .-

254 3157 389 3239 terra?
425 3153 504 3238 hoe
532 3160 619 3257 est,
659 3155 728 3239 itte
766 3156 894 3238 abbas
923 3153 1046 3238 debet
1073 3156 1190 3239 iilum
1220 3157 1262 3239 in
1292 3156 1369 3240 tuli»
1395 3157 1486 3240 loco
1513 3158 1668 3242 consti·

151 3395 154 3400 ⁴
252 3295 380 3392 tuere,
410 3287 480 3370 ubi
517 3285 676 3369 nenium
707 3287 837 3396 possit
860 3288 1071 3396 postutare
1098 3291 1187 3370 sine
1214 3317 1290 3371 suo
1318 3295 1362 3372 et
1387 3290 1562 3372 aliorum
1592 3291 1666 3371 im·

253 3417 501 3526 pedimeuto.
569 3413 685 3499 Istud
726 3417 862 3518 enim,
901 3416 1012 3527 quod
1052 3417 1154 3501 dicit
1190 3418 1394 3503 benedicat
1431 3429 1469 3505 ct
1502 3421 1667 3524 sufficit,

252 3537 457 3632 uindicat
492 3545 643 3630 attinet
677 3545 729 3628 ud
769 3547 926 3655 gratias
962 3547 1067 3630 bene
1095 3547 1253 3656 petenti
1281 3549 1516 3634 referendas
1543 3557 1668 3659 atque

251 3677 303 3761 ad
333 3676 660 3760 benedictionem
690 3677 880 3779 desidum,
908 3706 1001 3760 cum
1030 3678 1132 3762 dicit
1159 3682 1305 3762 abbas:
1335 3678 1559 3763 Benedicat
1589 3679 1666 3761 tibi

193 3823 196 3832 '
255 3809 466 3908 Dominus,
492 3809 589 3917 qnia
611 3809 906 3915 poenitentiam
929 3812 1042 3891 tuam
1061 3809 1165 3890 bene
1180 3811 1326 3918 egisti3
1355 3808 1507 3914 sufficit
1528 3814 1666 3893 autem

112 4029 116 4038 ⁸
252 3939 405 4023 attinet
447 3937 499 4020 ud
529 3937 829 4047 indulgentiam
866 3937 1153 4039 tribuendam,
1192 3966 1283 4022 cnm
1321 3941 1448 4023 dicit:
1478 3938 1669 4021 Sufficiat

253 4066 329 4151 tibi
360 4065 463 4167 hoc,
499 4071 543 4149 et
571 4064 655 4148 uoti
686 4065 860 4175 amptius
889 4094 1024 4176 agere.
1084 4067 1213 4152 Terra
1241 4074 1378 4151 nutem
1407 4068 1519 4151 dicta
1549 4076 1615 4151 cst
1641 4097 1667 4150 a

252 4195 435 4294 tercado,
463 4197 571 4279 sicut
589 4193 853 4279 Cassiodorus
873 4195 975 4278 dicit
1001 4194 1045 4277 in
1074 4198 1253 4281 secundo
1281 4195 1453 4306 psalmo,
1482 4225 1532 4282 eo
1554 4195 1665 4304 qnod

251 4325 568 4409 commeantium
599 4325 805 4431 gressibus
832 4329 1060 4426 atteratur,
1090 4327 1177 4410 eive
1205 4331 1253 4408 ut
1281 4325 1462 4409 Isidorus
1489 4325 1612 4408 dicit:
1629 4326 1666 4436 ι)

254 4453 382 4538 Terra
410 4461 469 4538 est
497 4457 540 4538 in
569 4455 703 4539 medin
731 4453 873 4538 mnndi
907 4454 1068 4561 reqione
1088 4459 1228 4561 positu
1267 4455 1452 4540 ononnbns
1472 4457 1666 4561 partibus

250 4583 347 4668 coeii
375 4588 417 4670 in
448 4586 610 4669 naiadum
635 4589 761 4670 centri
779 4583 940 4692 unquenti
967 4585 1178 4672 mimano
1196 4587 1431 4691 mnesistens,
1458 4613 1563 4693 queue
1578 4589 1666 4670 sin-

246 4714 387 4826 yntari
413 4743 578 4802 nemnero
604 4723 725 4824 totum
753 4719 887 4802 orbem
925 4721 1152 4828 sanificat,
1174 4713 1337 4822 nicerati
1361 4743 1453 4799 nero
1480 4716 1666 4824 sinqntm
1809 4707 1811 4710 ’

245 4858 403 4956 portos,
441 4849 559 4954 cnjen
585 4837 750 4936 nomina
779 4851 939 4934 diuersa
969 4852 1041 4936 dut
1068 4850 1203 4952 ratio,·
1239 4877 1336 4934 seam
1355 4855 1474 4933 tenu
1503 4848 1610 4932 dicta
1638 4876 1665 4930 a

252 5037 446 5050 *uu-n·
474 5042 510 5049 -..

340 5137 368 5224 ¹)
390 5131 590 5223 Etymotog.
613 5132 677 5204 tib.
705 5137 755 5202 14.
779 5155 857 5226 cap.
885 5139 912 5208 1.
