3930 5788
109 213 122 311 .’
250 173 402 324 ἐπ’
892 157 1099 324 casum

36 478 40 488 ’
199 549 202 558 ,
278 450 431 560 jejunii
457 455 543 553 cst,
577 450 705 537 veluti
733 457 797 536 cst
823 451 1024 538 indictum
1048 452 1274 564 jejunium,
1310 456 1356 539 et
1382 451 1492 564 deut
1517 447 1702 552 Quera-

286 582 467 694 gcsirnsc
504 583 589 670 dies
628 581 693 668 rel
719 583 891 670 libuino
926 589 970 670 et
1004 575 1131 672 ceteri
1169 583 1257 671 (ties
1289 583 1561 696 jejuniorum,
1589 581 1701 692 quod

115 712 119 719 ’
219 791 221 796 .
287 714 458 800 ecclesia
492 715 688 802 celebrat
754 713 871 802 Istud
910 745 1027 817 nero,
1077 715 1187 830 quud
1236 714 1338 802 dicit
1381 718 1537 820 tratres
1568 721 1702 800 autent

288 847 594 934 corrsuetudiues
621 849 875 956 jejuniorum
902 855 1222 956 prosequantur,
1250 849 1278 936 i.
1306 876 1342 934 e.
1370 846 1607 934 custodiunt
1636 847 1699 966 rel

287 981 604 1091 consequuntur.
663 979 901 1069 Notandum
940 986 1004 1066 est
1025 983 1175 1084 euim,
1203 982 1324 1092 quia,
1351 980 1385 1064 si
1425 984 1562 1091 potest
1600 979 1719 1080 fieri,

220 1153 226 1164 ·
287 1111 398 1196 tulis·
422 1112 601 1198 claustra
641 1113 850 1225 hospitum
887 1142 974 1198 csse
1013 1113 1138 1198 debet
1173 1114 1394 1213 nobilium,
1423 1114 1531 1196 sicut
1558 1139 1701 1195 mouu-

286 1241 457 1346 oborum
482 1269 572 1327 curu
596 1273 673 1328 suu
690 1242 970 1343 ordinetioue3
999 1244 1094 1328 tulis
1115 1244 1238 1328 etiam
1262 1245 1386 1328 debet
1406 1271 1494 1326 csse
1521 1241 1720 1326 claustra-

289 1399 528 1480 pauperum,
550 1373 684 1482 qualis
697 1371 972 1472 infirmorum}
998 1375 1094 1460 tuiis
1108 1375 1233 1459 etiarn
1248 1373 1541 1460 marrucinorum
1558 1369 1700 1478 bospi-

287 1507 391 1602 tum,
421 1502 554 1612 qualis
581 1503 706 1589 etium
735 1503 1005 1606 infirmorum,
1037 1505 1109 1588 ubi
1138 1504 1278 1588 omnia
1305 1503 1532 1588 necessaria
1559 1527 1699 1584 eorum

289 1632 522 1740 praeparari
552 1633 724 1740 possint.
779 1633 824 1717 Si
864 1644 1000 1720 uatem
1040 1665 1124 1720 uon
1164 1639 1433 1744 potestesse,
1472 1634 1578 1718 sicut
1604 1629 1703 1728 dixi,

48 1779 52 1786 ’
160 1761 162 1766 ’
288 1773 475 1869 separatu
497 1762 588 1846 loeu
608 1766 930 1875 episcoporum
950 1767 1158 1866 divitibus,
1182 1766 1302 1850 simul
1318 1769 1457 1848 tannen
1481 1766 1568 1846 sint
1587 1789 1702 1871 sepa·

287 1896 419 1976 rutae
442 1895 689 2006 pauperibus
711 1901 755 1981 et
775 1898 994 1982 abbatibus
1008 1904 1050 1984 et
1073 1897 1297 1998 monachis,
1323 1897 1494 2008 eoquod
1510 1923 1592 1978 non
1607 1921 1723 2003 pos,¹

288 2027 386 2107 sunt
401 2024 441 2107 iu
459 2025 580 2110 simul
596 2031 816 2115 convenire
828 2029 1010 2140 episcopi
1023 2039 1068 2115 et
1090 2032 1261 2116 comites
1275 2057 1369 2114 curn
1390 2028 1638 2140 pauperibus
1660 2031 1704 2107 et

288 2157 509 2243 abbatibus
549 2165 592 2244 et
629 2162 868 2272 peregrinis.
925 2159 1147 2244 Domestiei
1182 2159 1281 2268 fidei
1321 2141 1439 2260 suut,
1479 2159 1548 2269 qui
1579 2157 1728 2255 uicini,

147 2305 153 2314 '
289 2289 388 2380 fidei
417 2295 582 2376 nostras
617 2299 735 2400 sunt,
776 2294 902 2379 relati
941 2298 1041 2377 sunt
1075 2293 1263 2378 canonici
1296 2299 1340 2376 et
1379 2290 1560 2402 religiosi
1593 2287 1698 2374 iaici.
1810 2401 1813 2408 ῃ

294 2417 550 2532 Domesticos
567 2425 679 2509 enim
704 2425 800 2511 fidei
816 2430 891 2529 est,
916 2424 1024 2511 sieut
1040 2425 1314 2538 Hieronymus
1328 2425 1442 2524 dicit,
1466 2423 1536 2534 qui
1559 2421 1699 2508 eudem

294 2553 492 2666 religione
529 2556 607 2642 tibi
635 2559 923 2668 conjungitur,
960 2588 1082 2669 quem
1124 2588 1150 2642 u
1184 2559 1394 2644 consortio
1431 2552 1702 2642 fraternitatis

165 2755 208 2778 ..
290 2690 462 2795 peccatu
490 2717 573 2775 nou
601 2697 806 2797 separant
869 2800 874 2808 =

96 2877 99 2884 ·
405 2817 620 2930 Sequitur:
669 2819 848 2928 capuan
890 2823 1050 2910 abbatis
1090 2831 1127 2908 et
1164 2826 1365 2931 hospitum
1408 2847 1530 2940 super
1564 2843 1609 2902 se
1647 2816 1702 2900 sit

135 2985 171 3034 ·.
294 2951 538 3060 [concup
569 2957 612 3034 ut
639 2951 806 3037 incutis
825 2955 941 3041 boris
957 2957 1278 3064 repercutientes
1291 2955 1482 3060 hospites,
1509 2954 1701 3058 qui-uuu-

217 3087 221 3095 ’
289 3107 413 3188 quam
440 3081 585 3166 destruc
612 3086 875 3189 arroarastuio,
915 3114 1002 3208 uou¹
1033 3075 1249 3196 inquietent
1271 3088 1440 3192 [ratres.
1498 3081 1550 3166 lu
1578 3107 1699 3188 quoru

290 3209 500 3319 capuanam
529 3213 587 3298 uei
622 3243 775 3298 artuum
813 3217 1096 3327 inprediuutur
1131 3221 1212 3306 duo
1244 3220 1426 3323 fratres,
1463 3215 1534 3324 qui
1567 3214 1702 3318 ipeuru

145 3356 149 3364 '
291 3347 467 3451 officium
496 3347 593 3433 bene
621 3347 824 3453 impleant.
883 3350 1048 3455 Quibus,
1075 3357 1117 3434 ut
1142 3349 1338 3458 iudipeut,
1366 3347 1704 3432 admiuistreutur
1796 3353 1799 3366 ’

165 3474 183 3548 .’
290 3474 452 3579 solutio,
480 3483 525 3560 ut
550 3479 699 3587 absque
726 3481 1045 3567 uereuuurutioue
1071 3481 1272 3578 seiciunt,
1306 3479 1513 3564 etiterum
1540 3471 1703 3584 qaeaudo

292 3610 589 3714 occupationem
614 3611 812 3697 trciuoreru
839 3611 997 3714 uuna,
1023 3617 1181 3712 excucu,
1207 3611 1277 3694 rabi
1304 3613 1364 3695 eis
1392 3611 1630 3716 imperatur,
1657 3605 1701 3687 iu

294 3765 428 3846 opera.
486 3741 542 3826 Et
572 3768 654 3828 reme
680 3743 809 3829 saluus
839 3747 886 3828 iu
921 3747 1051 3849 ipsis,
1091 3742 1165 3826 sed
1197 3747 1235 3826 et
1271 3743 1315 3824 iu
1345 3741 1530 3826 omuibus
1557 3738 1705 3846 officiis
1858 3754 1862 3761 ’

13 3867 22 3961 f
145 3978 148 3984 Ι
267 3875 530 3958 -mouasterii
557 3879 618 3960 itu
645 3877 700 3960 su
735 3876 1024 3978 cavaderutio,
1059 3879 1103 3957 ut
1136 3875 1300 3980 quaudo
1334 3873 1516 3981 irutipcut
1543 3870 1704 3966 solatia,

184 4005 187 4012 ’
294 4006 645 4091 (adcommodatur
662 4007 735 4110 eis,
762 4010 974 4107 etiterum,
1001 4005 1163 4115 praecido
1181 4013 1337 4108 nacarat,
1363 4005 1552 4090 obediant
1578 4003 1705 4107 impe-

294 4137 418 4221 ranti.
473 4137 579 4223 loru
606 4146 645 4226 et
681 4138 822 4225 cellum
858 4140 1060 4246 iuspituuc
1097 4139 1243 4225 babeat
1278 4141 1534 4246 assipuatam
1558 4133 1702 4238 frater,

293 4271 407 4374 atejus
447 4271 629 4355 animam
671 4273 792 4356 timor
833 4271 917 4357 Dei
955 4270 1162 4376 possidet,
1210 4269 1280 4352 ubi
1320 4269 1403 4351 siret
1446 4265 1536 4352 lecti
1580 4264 1704 4348 strui

293 4400 559 4506 sufficienter,
599 4411 637 4487 et
672 4403 815 4488 dursac
842 4401 925 4487 Dei
952 4432 983 4520 q
1008 4401 1261 4509 sapientibus
1293 4401 1499 4506 sapienter
1526 4393 1705 4483 aduritu-

197 4551 202 4562 '
293 4538 456 4618 stretur.
799 4550 805 4559 '

66 4764 71 4786 .
265 4715 269 4722 -
406 4660 494 4749 isto
522 4690 702 4774 namque
729 4663 854 4768 modo
880 4665 1042 4775 agenda
1066 4670 1131 4750 est
1151 4667 1329 4776 coquina
1350 4663 1560 4776 hospitum
1581 4665 1707 4767 utque

276 4793 477 4879 abbatis:
518 4795 641 4879 debet
677 4795 788 4878 euim
810 4796 932 4906 juxte
958 4795 1175 4906 coquinam
1209 4794 1502 4881 monachorum
1531 4790 1708 4901 coquina

295 4923 504 5035 hospitum
532 4935 657 5038 utque
683 4925 848 5011 ubbutis
875 4956 981 5029 esse,
1017 4926 1045 5015 i.
1074 4958 1106 5012 e.
1138 4933 1186 5010 ut
1214 4955 1288 5038 per
1314 4927 1534 5034 claustrum
1565 4949 1705 5006 mona·

296 5057 410 5146 nterii
437 5056 549 5141 ilinc·
576 5087 659 5143 uon
700 5058 832 5169 possit
869 5059 960 5169 quis
1000 5061 1175 5162 intrare,
1215 5059 1315 5164 nisi,
1356 5086 1450 5142 cum
1488 5055 1708 5142 necessitas

129 5233 132 5240 v
296 5189 444 5294 fuerit,
484 5190 638 5274 deforis
666 5189 806 5280 intret.
864 5190 1020 5276 Verum
1058 5193 1184 5278 debet
1219 5220 1306 5276 esse
1345 5190 1453 5275 iuter
1488 5186 1707 5297 coquinam
