4334 5750
542 208 621 290 116
791 227 795 236 '
1166 200 1256 294 Cep.
1280 201 1327 276 ll.

539 423 723 525 sterium,
749 423 821 508 secl
848 421 1201 524 retinuerit'illos,
1229 428 1330 508 tunc
1359 397 1514 532 posteo,
1541 423 1577 508 si
1605 423 1757 532 inipso
1780 385 1944 533 peccato

311 603 316 612 -
426 622 436 638 .
535 553 695 658 inventi
723 553 888 660 luerint,
917 581 1001 638 non
1030 553 1156 640 debet
1184 581 1257 662 per
1283 581 1353 636 sex
1382 551 1475 638 illos
1502 553 1655 664 gradus
1682 553 1843 654 ducere,
1879 561 1942 640 secl

536 688 700 766 tontum
728 688 803 766 out
824 682 1085 796 llugelleutnr
1112 689 1187 768 out
1206 683 1626 769 excommunicentur.
1670 683 1726 768 Et
1754 684 1834 778 hoc
1863 717 1941 772 non

536 814 660 897 debet
700 816 829 900 nbbus
866 845 940 926 pro
980 815 1170 920 onmilrus
1214 815 1393 926 peccetis
1433 817 1585 916 lucere,
1629 815 1701 920 secl
1741 845 1817 925 pro
1853 817 1942 918 illis,

536 945 686 1054 quibus
716 948 872 1030 intenti
901 954 999 1030 suut
1027 944 1227 1054 improbi;
1253 971 1350 1060 'nrum
1383 973 1457 1052 pro
1480 945 1571 1028 ullis
1599 945 1748 1030 iterum
1779 975 1852 1055 per
1877 979 1942 1034 sex

536 1075 877 1180 grnlusuebent
916 1077 1023 1160 eluci.
1082 1073 1137 1156 Et
1164 1075 1242 1159 lroc
1269 1073 1677 1164 unimnclrertemlum
1716 1080 1799 1174 est,
1840 1081 1943 1184 quin,

478 1257 483 1266 ·
536 1231 630 1286 cmn
659 1235 734 1315 pro
757 1216 927 1316 peccuto
947 1203 1181 1288 admonitus
1203 1205 1328 1288 luerit
1356 1217 1399 1286 et
1417 1209 1573 1314 postea,
1601 1207 1635 1289 si
1658 1213 1751 1314 post
1770 1207 1942 1292 medium

536 1363 691 1417 nuruum
717 1342 790 1419 unt
817 1337 1025 1444 integrum
1054 1337 1196 1418 lecerit
1215 1333 1319 1416 illud
1339 1340 1564 1442 peccatum,
1594 1337 1701 1419 uncle
1718 1345 1791 1421 unt
1809 1339 1942 1422 auno·

537 1467 650 1548 tritus
672 1466 734 1548 rel
755 1468 1132 1548 excommunicatus
1152 1465 1244 1563 luit,
1272 1465 1387 1573 quusi
1405 1493 1484 1546 nou
1504 1465 1663 1548 lecisset
1685 1467 1786 1550 illncl
1808 1497 1944 1576 pecen-

536 1603 641 1695 tmn,
668 1597 728 1679 itu
755 1598 877 1680 debet
901 1599 943 1678 iu
967 1597 1101 1706 primo
1120 1596 1252 1704 gradu
1275 1595 1389 1678 illum
1411 1593 1644 1695 uclmonere,
1673 1597 1821 1683 cleimle
1836 1607 1943 1710 post-

478 1795 489 1814 .
536 1755 659 1834 quum
688 1728 835 1810 ductus
863 1727 990 1811 luerit
1019 1756 1090 1840 per
1118 1756 1187 1809 sex
1217 1726 1381 1838 grmlus,
1412 1727 1446 1810 si
1474 1727 1602 1810 elrbus
1626 1728 1741 1812 illum
1770 1731 1942 1838 ejecerit,

511 1885 618 1974 ¹non
649 1869 713 1944 est
735 1860 963 1970 improbum
993 1861 1028 1942 si
1047 1888 1145 1942 vcro
1170 1887 1253 1941 nou
1271 1859 1450 1967 ejecerit,
1479 1863 1521 1940 et
1542 1863 1683 1966 postea
1706 1890 1787 1944 nou
1810 1891 1943 1946 emen·

536 1990 705 2094 daverit,
737 1999 836 2076 tnnc
866 1999 929 2074 est
959 1991 1181 2098 improbus.
1239 1988 1507 2072 Honestiores
1536 1991 1702 2098 quidem
1730 1997 1842 2091 suut,
1877 1998 1942 2102 qui

535 2123 775 2208 imitabilem
816 2126 941 2208 ritum
981 2123 1149 2210 liabent.
1217 2121 1483 2204 llouestiores
1523 2131 1694 2231 possunt
1734 2153 1821 2205 esse
1861 2125 1944 2207 sine

536 2255 788 2364 intelligibili
827 2257 986 2360 unimo;
1029 2253 1312 2364 intelligibiles
1346 2260 1484 2336 nutem
1526 2262 1696 2364 possunt
1736 2285 1822 2340 esse
1861 2258 1943 2341 siue

491 2391 495 2400 ’
534 2385 763 2490 honestate,
791 2389 901 2500 quin,
932 2387 1117 2497 quururis
1145 2390 1310 2496 sepiunt
1337 2395 1375 2468 el
1407 2386 1657 2498 intelligunt,
1696 2397 1835 2474 trurmu
1865 2419 1940 2475 nou

534 2530 632 2605 sunt
661 2523 842 2631 religiosi
873 2529 957 2604 tum
986 2519 1128 2628 uctu¹)
1172 2529 1215 2602 et
1244 2521 1401 2603 incessu
1442 2528 1483 2602 et
1514 2522 1667 2624 verbis,
1709 2524 1814 2607 sicut
1851 2545 1943 2606 sunt

536 2656 799 2739 honestiores.
858 2653 1125 2736 Honestiorcs
1163 2649 1311 2733 iterum
1351 2659 1521 2758 possunt
1551 2683 1638 2738 csse
1676 2657 1766 2761 sinc
1794 2655 1942 2736 intelli·

496 2784 650 2894 ‚gitiu
679 2785 831 2884 unimo,
860 2784 958 2892 quio
986 2795 1084 2864 suut
1113 2779 1231 2862 multi
1262 2779 1422 2864 bonesti
1453 2783 1675 2882 locutione,
1720 2786 1874 2871 incessu
1903 2795 1939 2865 el

419 2976 427 2994 .
532 2921 641 3014 netu,
671 2921 807 2999 brunnen
838 2913 1043 3020 cupientes
1073 2938 1155 2993 nou
1179 2916 1297 3006 suuit3
1327 2938 1421 2992 num
1446 2910 1643 2994 lmnestns
1660 2915 1823 3014 dicitnr,
1851 2916 1942 3023 quin

533 3047 635 3128 uiuit
687 3047 837 3129 liubeut
878 3042 1158 3153 turpitudinis.
1228 3039 1333 3124 Num
1376 3041 1476 3151 qnid
1519 3052 1581 3126 est
1623 3045 1840 3126 honestus
1867 3045 1940 3126 uisi

534 3175 666 3258 lurum
697 3184 906 3286 pepetnns,
936 3175 964 3258 i.
993 3205 1027 3260 θ.
1057 3173 1174 3282 quusi
1203 3173 1372 3256 lionoris
1400 3178 1560 3256 status?

646 3308 858 3418 Sequitur:
886 3309 1017 3390 sciens
1043 3306 1255 3410 scriptitent
1287 3303 1442 3390 suenus
1468 3305 1601 3389 rcrlris
1620 3335 1698 3392 unu
1718 3306 1941 3413 corripitur.

534 3443 659 3544 Vide,
702 3441 799 3552 quiin
833 3441 934 3524 istos
971 3467 1111 3522 onmes
1147 3439 1200 3523 ml
1229 3467 1354 3524 unnm
1386 3439 1510 3521 finem
1539 3439 1678 3547 duxit,
1720 3439 1748 3522 i.
1775 3471 1811 3526 c.
1841 3439 1941 3522 stul·

531 3576 690 3674 titiano,
719 3609 743 3656 u
772 3571 901 3656 stulto
929 3571 1037 3653 terrim
1068 3571 1277 3652 derivatur
1306 3571 1497 3659 stultitia.
1554 3573 1716 3655 Stultus
1744 3575 1854 3658 euim
1882 3576 1938 3652 est

482 3765 484 3770 .
532 3709 658 3792 hebes
675 3705 811 3807 corcle,
835 3705 942 3788 sicut
956 3702 1121 3813 quidum
1141 3705 1221 3784 eit:
1246 3701 1337 3810 ligo
1356 3731 1421 3782 me
1438 3704 1611 3786 stultum
1631 3734 1718 3804 esse
1740 3706 1941 3800 existimo,

531 3845 690 3932 liutuum
720 3866 919 3922 essenon
949 3835 1111 3942 opinor.
1141 3837 1166 3922 i.
1190 3864 1225 3922 e.
1255 3835 1414 3918 obtusis
1437 3837 1602 3947 quidem
1630 3838 1832 3939 sensibus,
1863 3863 1939 3917 mm

401 4019 405 4026 ·
530 3979 669 4056 tnuren
701 3971 836 4058 nullis.
890 3969 1050 4052 Stultus
1080 3975 1160 4070 est,
1200 3968 1270 4078 qui
1301 3997 1374 4076 per
1402 3977 1610 4078 stuporem
1644 3997 1725 4053 nou
1758 3975 1943 4052 moretur

448 4117 458 4128 '
530 4106 703 4210 injurie,
732 4102 942 4187 sueritimu
975 4099 1082 4184 euim
1112 4099 1268 4210 perfert
1299 4129 1371 4184 uec
1397 4102 1508 4184 ultus
1533 4108 1595 4185 est
1622 4129 1697 4186 nec
1720 4102 1806 4224 ullo
1824 4103 1940 4209 igun-

530 4240 679 4320 miuiue
707 4244 987 4320 commovetur
1016 4233 1172 4318 dolore.
1690 4241 1692 4246 ’

640 4367 856 4476 Sequitur:
898 4365 1065 4448 Perculc
1100 4362 1231 4469 lilium
1272 4373 1382 4446 tuum
1410 4365 1527 4471 rirpu
1556 4371 1593 4448 ct
1628 4364 1822 4448 liberetis
1848 4365 1938 4444 ruri-

529 4528 637 4584 muru
674 4501 763 4603 ejus
802 4529 828 4580 u
868 4503 1004 4585 urortc.
1060 4495 1360 4578 Testimonium
1401 4501 1465 4577 est
1506 4497 1736 4602 scripturae
1779 4497 1939 4578 «lirinus

529 4632 620 4718 hnc.
668 4611 726 4712 lu
756 4630 833 4713 buc
863 4657 972 4727 vero,
1016 4629 1126 4738 quod
1156 4627 1277 4711 dicit:
1325 4627 1491 4710 Pcrculr
1526 4628 1656 4732 lilium
1684 4625 1936 4733 terruncium

527 4771 563 4846 et
599 4763 793 4846 lilrcrulris
831 4761 1014 4844 unimam
1049 4761 1137 4863 rjus
1174 4786 1201 4840 a
1239 4766 1377 4860 urnrtc,
1417 4759 1540 4842 delet
1578 4759 1707 4840 ublrus
1743 4787 1829 4848 esse
1858 4757 1940 4838 ‹lis-

527 4902 664 4984 cretus
700 4901 741 4978 et
769 4875 981 5003 ²p1·u‹lens;
1022 4891 1146 4976 debet
1186 4893 1294 4975 euim
1335 4918 1595 5004 cognoscere,
1635 4899 1686 4994 ut,
1710 4891 1741 4972 si
1774 4890 1935 4999 prolicit

617 5189 643 5273 ¹)
665 5181 820 5267 religiosi
845 5182 879 5249 iu
904 5185 998 5250 ructu.
1045 5179 1129 5247 tleul.
1157 5177 1367 5249 sturnorum.
