4334 5750
455 207 534 294 134
718 319 723 329 ⁵
1065 201 1153 296 (lup.
1173 197 1241 280 nt
1296 233 1300 242 ⁴

451 425 552 505 nu'ru
591 419 750 508 mortis.
787 439 793 450 ·
821 417 1059 506 Promotus
1098 421 1209 505 enim
1248 421 1295 506 in
1333 417 1415 508 lsou
1451 417 1546 506 loco
1586 447 1664 530 pro
1702 425 1869 536 superbo

453 546 646 660 ponitur:
673 547 892 654 desuadeas
919 575 1017 634 roro
1046 576 1124 660 pro
1144 551 1426 636 dmonstrorc
1451 557 1491 634 ot
1518 547 1726 634 masam
1751 554 1869 658 poni·

453 689 535 782 tur,
563 705 612 762 ao
639 679 675 762 si
703 677 879 765 diceret:
906 704 992 762 uou
1015 685 1253 788 praesumat
1278 679 1462 764 iudicare
1488 676 1684 788 superbe:
1720 683 1765 762 et
1790 679 1869 766 hoc

455 807 685 892 notandum
713 815 797 910 est,
835 807 934 920 quia
959 835 1046 892 non
1073 807 1179 892 dixit
1205 805 1516 894 tantummodo:
1555 805 1767 912 Mundae
1791 836 1868 896 nou

448 943 721 1044 puoeusmout
762 940 853 1025 sine
881 937 1133 1046 umentibus:
1172 939 1208 1022 si
1246 939 1358 1026 euim
1393 937 1564 1024 dixisset
1595 937 1868 1027 solummodo:

455 1097 539 1155 uon
559 1076 831 1177 praesumant
856 1068 1085 1178 detundere,
1114 1097 1199 1158 uou
1226 1072 1562 1158 manifestaretur
1584 1068 1748 1172 ueritas,
1776 1073 1888 1181 quia.

457 1201 692 1310 detundere,
731 1205 848 1318 ‚sicut
897 1202 1096 1308 diximus,
1146 1231 1224 1315 pro
1261 1204 1526 1309 orossifestare
1564 1201 1756 1313 ponitur:
1802 1205 1871 1288 sed
2002 1241 2006 1248 ’

457 1333 549 1417 ideo
592 1333 753 1424 addidit
798 1336 1054 1442 procaciter,
1094 1336 1137 1419 id
1179 1339 1243 1420 est
1287 1335 1487 1448 superbe,
1535 1338 1740 1444 quatenus
1779 1361 1870 1418 cunr

458 1463 694 1552 humilitate
723 1468 988 1554 manifestata
1015 1465 1162 1551 fuisset
1188 1467 1342 1552 raritas
1374 1465 1464 1552 sine
1498 1464 1691 1578 superbia
1718 1469 1763 1550 et
1788 1467 1873 1550 sine

453 1600 782 1841 Jstsslagtqqitm:
822 1731 896 1818 sod
921 1733 1054 1843 :napis
1087 1731 1134 1815 iu
1161 1728 1322 1816 obbatis
1343 1729 1522 1836 pusadeut
1548 1731 1737 1831 arbitrio,
1778 1731 1873 1814 sauls·

382 1911 386 1920 ·
460 1861 712 1948 audiendam
741 1866 824 1949 est:
852 1891 938 1949 uon
966 1864 1146 1966 illorum,
1174 1862 1247 1972 qui
1274 1863 1452 1974 superbe
1474 1863 1713 1950 (intendunt.
1770 1861 1876 1948 Peu-

324 2063 327 2070 .
460 1993 567 2097 albot,
594 1993 636 2078 id
665 2000 730 2081 est
755 1994 969 2080 consistat

572 2123 786 2235 Sequitur:
821 2133 867 2212 ut
899 2129 1006 2234 quod
1038 2125 1247 2212 salubrius
1263 2127 1531 2235 judicarunt,
1568 2131 1607 2214 ιτ·
1633 2131 1764 2216 cuncti
1790 2129 1878 2214 obe·

461 2256 590 2340 alienat.
650 2255 868 2342 Salubritas
895 2257 939 2340 in
969 2257 1047 2344 hoc
1075 2257 1168 2346 loco
1196 2261 1501 2369 comparativus
1522 2290 1600 2373 pro
1628 2259 1878 2370 superlativo

463 2386 622 2496 positus
650 2395 725 2476 est.

424 2583 426 2588 .
574 2519 803 2628 Sequitur:
831 2517 906 2602 sed
931 2519 1034 2603 siae:
1060 2519 1277 2626 dissimulis
1298 2524 1478 2608 eamean
1496 2523 1657 2608 obulirc
1674 2519 1880 2628 arufiam,

294 2741 297 2750 Δ
465 2649 523 2732 itu
549 2655 588 2734 ot
616 2647 750 2755 basum
769 2649 943 2756 provide
970 2649 1140 2756 etjseste
1172 2650 1355 2738 ooladecet
1392 2660 1533 2740 uenam
1559 2653 1797 2760 disposuere:
1831 2681 1880 2736 ao

289 2847 292 2854 .
464 2781 499 2864 si
528 2781 701 2866 diceret:
740 2781 835 2868 ideo
871 2779 1068 2866 admonui
1103 2781 1321 2888 abbatem,
1361 2787 1563 2871 salubrius
1594 2785 1801 2894 judicare,
1837 2786 1880 2867 ct

454 2913 700 3017 monachos
729 2941 814 2998 non
842 2913 1019 3025 superbe
1046 2912 1276 3017 defendere,
1305 2919 1415 3027 qnia,
1442 2919 1550 3004 mont
1578 2917 1662 3001 illis
1688 2913 1881 3000 cosureuit

466 3045 651 3146 obedire,
692 3045 751 3130 ita
785 3052 829 3130 et
855 3045 1048 3130 abbatem
1083 3045 1280 3130 condecet
1319 3057 1470 3134 curructa
1508 3047 1692 3158 provide·
1705 3051 1751 3132 ot
1771 3047 1882 3156 juste

420 3178 423 3189 '
466 3175 694 3284 disponere.
753 3176 930 3262 Provide
958 3175 1207 3288 intelligitur
1235 3181 1353 3286 quasi
1375 3207 1503 3286 porro
1530 3169 1733 3284 videnter:
1753 3203 1879 3286 porro

467 3310 576 3391 onim
604 3307 843 3394 adverbium
861 3297 1066 3417 'graecum
1106 3315 1241 3394 estet
1279 3313 1449 3420 ponitur
1489 3343 1564 3422 pro
1592 3313 1732 3420 lunayo:
1770 3307 1883 3416 louqc

444 3439 577 3522 :onim
607 3468 685 3547 pro
708 3443 833 3546 finem
858 3439 922 3524 aci
949 3441 1194 3552 eusanium)
1213 3439 1385 3538 dicitnr:
1413 3442 1624 3528 euidenter
1645 3447 1783 3526 numm
1809 3469 1882 3549 pro

460 3572 572 3678 juste
600 3578 637 3656 ct
656 3569 851 3676 provide:
891 3575 992 3653 tuno
1020 3571 1129 3655 entim
1170 3571 1341 3683 provide
1375 3573 1581 3683 disponit,
1621 3603 1714 3658 cunr
1744 3573 1883 3654 viduus

473 3706 593 3785 tinem
635 3702 694 3784 rei
729 3709 772 3786 ut
811 3701 1033 3784 murrudum
1074 3729 1192 3782 suurn
1236 3704 1356 3786 linem
1398 3702 1594 3814 disponit.
1649 3702 1771 3787 Juuu
1810 3730 1882 3810 pro

290 3857 294 3864 ·
370 3873 371 3878 Ν
470 3831 700 3937 special-ilos·
727 3832 910 3940 ponitur,
940 3833 981 3914 id
1011 3839 1074 3917 est
1107 3836 1228 3944 juxta
1258 3837 1450 3919 nimitum
1480 3835 1799 3944 :unuiuscujusque
1827 3831 1883 3913 rei

470 3963 594 4046 «lebet
622 3962 733 4045 illam
763 3963 991 4072 disponere.

582 4094 799 4203 Sequitur:
830 4097 885 4181 Iu
909 4079 1094 4179 onerabas
1118 4093 1392 4204 ipibuomncs
1410 4097 1655 4204 uropistrom
1668 4098 1887 4202 sequautur

473 4225 666 4334 repetam.
723 4223 956 4330 Hactenus,
997 4227 1025 4315 i.
1054 4255 1089 4315 e.
1131 4255 1260 4338 usque
1297 4229 1419 4316 modo
1456 4227 1505 4311 B.
1529 4227 1777 4312 Benedictus
1804 4224 1886 4308 sin·

474 4359 653 4468 gillotius
683 4357 900 4452 admonuit
928 4358 1155 4446 monachos
1182 4365 1227 4446 et
1251 4361 1495 4472 singillatim
1523 4359 1740 4456 abbatem:
1778 4383 1886 4440 nunc

473 4498 610 4575 autem
639 4490 733 4575 illos
760 4495 802 4576 et·
829 4491 1019 4575 abbatem
1047 4492 1246 4578 admonet
1271 4492 1433 4578 dicens:
1464 4491 1520 4576 lu
1550 4489 1735 4574 usuaribus
1762 4490 1886 4594 ipitur

416 4737 418 4744 Ι
477 4651 614 4708 useaeucs
641 4623 882 4731 sssopisbum
909 4633 1130 4728 sequuntur
1156 4623 1349 4732 sepulum,
1378 4654 1427 4709 uc
1455 4625 1491 4709 si
1518 4624 1673 4708 diosrct
1690 4619 1735 4708 S.
1759 4617 1890 4704 Beue·

475 4756 629 4842 dictus:
670 4785 744 4842 nec
772 4754 983 4842 monachis·
1011 4785 1085 4842 nec
1118 4755 1259 4842 abbati
1301 4757 1504 4860 concedo,
1540 4765 1589 4840 nt
1629 4755 1720 4838 siue
1747 4751 1889 4862 regula

435 4893 446 4909 '
474 4888 696 4998 quidquam
711 4894 854 5001 agurrb,
877 4888 947 4974 sed
967 4917 1107 4974 omnes
1121 4887 1345 4974 secundum
1362 4887 1548 4998 regulum
1567 4890 1710 4998 agant.
1768 4883 1888 4970 Nunc

478 5082 737 5096 ffl-

519 5245 522 5250 .
568 5183 600 5260 ¹)
622 5173 783 5244 videnter
805 5181 854 5260 (t)
875 5173 994 5244 viden·
1017 5181 1065 5260 lii
